  <div class='ocr_page' id='page_1' title='image "/cluster/home/n/w/nwhite01/storage/ocr_20150623/7/hvd.32044019206614/925.png"; bbox 0 0 3954 6372; ppageno 0'>
   <div class='ocr_carea' id='block_1_1' title="bbox 441 382 573 441">
    <p class='ocr_par' dir='ltr' id='par_1_1' title="bbox 441 382 573 441">
     <span class='ocr_line' id='line_1_1' title="bbox 441 382 573 441; baseline 0 -1"><span class='ocrx_word' id='word_1_1' title='bbox 441 382 573 441; x_wconf 73' lang='grc'><strong>1851</strong></span> 
     </span>
    </p>
   </div>
   <div class='ocr_carea' id='block_1_2' title="bbox 1740 375 2348 433">
    <p class='ocr_par' dir='ltr' id='par_1_2' title="bbox 1740 375 2348 433">
     <span class='ocr_line' id='line_1_2' title="bbox 1740 375 2348 433; baseline 0.003 -3"><span class='ocrx_word' id='word_1_2' title='bbox 1740 375 2095 433; x_wconf 67' lang='grc' dir='ltr'>νΛῐιιοιιυιι</span> <span class='ocrx_word' id='word_1_3' title='bbox 2139 375 2348 432; x_wconf 61' lang='lat' dir='ltr'><strong>NOTAE</strong></span> 
     </span>
    </p>
   </div>
   <div class='ocr_carea' id='block_1_3' title="bbox 3550 374 3703 429">
    <p class='ocr_par' dir='ltr' id='par_1_3' title="bbox 3550 374 3703 429">
     <span class='ocr_line' id='line_1_3' title="bbox 3550 374 3703 429; baseline 0 -2"><span class='ocrx_word' id='word_1_4' title='bbox 3550 377 3579 427; x_wconf 72' lang='grc'><strong>1</strong></span> <span class='ocrx_word' id='word_1_5' title='bbox 3590 374 3703 429; x_wconf 66' lang='grc'><strong>85⁸2</strong></span> 
     </span>
    </p>
   </div>
   <div class='ocr_carea' id='block_1_4' title="bbox 443 495 3700 567">
    <p class='ocr_par' dir='ltr' id='par_1_4' title="bbox 443 495 3700 567">
     <span class='ocr_line' id='line_1_4' title="bbox 443 495 3700 567; baseline -0.001 -12"><span class='ocrx_word' id='word_1_6' title='bbox 443 500 876 565; x_wconf 78' lang='lat' dir='ltr'><strong>re“;Lutherns</strong></span> <span class='ocrx_word' id='word_1_7' title='bbox 897 500 1146 567; x_wconf 89' lang='lat' dir='ltr'><strong>prioreiu</strong></span> <span class='ocrx_word' id='word_1_8' title='bbox 1167 497 1367 552; x_wconf 87' lang='lat' dir='ltr'><strong>Novum</strong></span> <span class='ocrx_word' id='word_1_9' title='bbox 1385 498 1784 552; x_wconf 81' lang='lat' dir='ltr'><strong>Testamentum</strong></span> <span class='ocrx_word' id='word_1_10' title='bbox 1809 496 2008 565; x_wconf 72' lang='lat' dir='ltr'><strong>Prmfu—</strong></span> <span class='ocrx_word' id='word_1_11' title='bbox 2038 500 2080 555; x_wconf 83' lang='lat' dir='ltr'><strong>A</strong></span> <span class='ocrx_word' id='word_1_12' title='bbox 2111 507 2290 567; x_wconf 76' lang='lat' dir='ltr'><strong>petest</strong></span> <span class='ocrx_word' id='word_1_13' title='bbox 2335 498 2463 565; x_wconf 89' lang='lat' dir='ltr'><strong>quin</strong></span> <span class='ocrx_word' id='word_1_14' title='bbox 2504 498 2755 566; x_wconf 94' lang='lat' dir='ltr'><strong>loquatur</strong></span> <span class='ocrx_word' id='word_1_15' title='bbox 2806 497 2871 551; x_wconf 91' lang='lat' dir='ltr'><strong>de</strong></span> <span class='ocrx_word' id='word_1_16' title='bbox 2909 495 3116 552; x_wconf 82' lang='lat' dir='ltr'><strong>Joanne</strong></span> <span class='ocrx_word' id='word_1_17' title='bbox 3155 499 3396 567; x_wconf 87' lang='lat' dir='ltr'><strong>apostolo</strong></span> <span class='ocrx_word' id='word_1_18' title='bbox 3426 514 3493 554; x_wconf 81' lang='lat' dir='ltr'><strong>ac</strong></span> <span class='ocrx_word' id='word_1_19' title='bbox 3516 514 3700 553; x_wconf 70' lang='lat' dir='ltr'><strong>evan-</strong></span> 
     </span>
    </p>
   </div>
   <div class='ocr_carea' id='block_1_5' title="bbox 441 569 2001 638">
    <p class='ocr_par' dir='ltr' id='par_1_5' title="bbox 441 569 2001 638">
     <span class='ocr_line' id='line_1_5' title="bbox 441 569 2001 638; baseline -0.004 -11"><span class='ocrx_word' id='word_1_20' title='bbox 441 577 583 627; x_wconf 81' lang='lat' dir='ltr'><strong>tione</strong></span> <span class='ocrx_word' id='word_1_21' title='bbox 605 573 882 638; x_wconf 63' lang='lat' dir='ltr'><strong>scripserit</strong></span> <span class='ocrx_word' id='word_1_22' title='bbox 913 584 970 622; x_wconf 91' lang='lat' dir='ltr'><strong>se</strong></span> <span class='ocrx_word' id='word_1_23' title='bbox 1020 570 1213 621; x_wconf 91' lang='lat' dir='ltr'><strong>librum</strong></span> <span class='ocrx_word' id='word_1_24' title='bbox 1258 569 1403 620; x_wconf 90' lang='lat' dir='ltr'><strong>illttm</strong></span> <span class='ocrx_word' id='word_1_25' title='bbox 1447 581 1617 638; x_wconf 77' lang='lat' dir='ltr'><strong>neque</strong></span> <span class='ocrx_word' id='word_1_26' title='bbox 1649 582 1744 633; x_wconf 92' lang='lat' dir='ltr'><strong>pro</strong></span> <span class='ocrx_word' id='word_1_27' title='bbox 1776 572 2001 636; x_wconf 87' lang='lat' dir='ltr'><strong>prophe-</strong></span> 
     </span>
    </p>
   </div>
   <div class='ocr_carea' id='block_1_6' title="bbox 446 636 2001 707">
    <p class='ocr_par' dir='ltr' id='par_1_6' title="bbox 446 636 2001 707">
     <span class='ocr_line' id='line_1_6' title="bbox 446 636 2001 707; baseline -0.004 -12"><span class='ocrx_word' id='word_1_28' title='bbox 446 645 573 705; x_wconf 87' lang='lat' dir='ltr'><strong>tico,</strong></span> <span class='ocrx_word' id='word_1_29' title='bbox 608 636 781 707; x_wconf 85' lang='lat' dir='ltr'><strong>neque</strong></span> <span class='ocrx_word' id='word_1_30' title='bbox 807 654 904 705; x_wconf 90' lang='lat' dir='ltr'><strong>pro</strong></span> <span class='ocrx_word' id='word_1_31' title='bbox 939 639 1232 706; x_wconf 87' lang='lat' dir='ltr'><strong>apostolico</strong></span> <span class='ocrx_word' id='word_1_32' title='bbox 1258 638 1542 707; x_wconf 2' lang='lat' dir='ltr'><strong>precipere;</strong></span> <span class='ocrx_word' id='word_1_33' title='bbox 1584 636 1840 707; x_wconf 70' lang='lat' dir='ltr'><strong>Calvinus</strong></span> <span class='ocrx_word' id='word_1_34' title='bbox 1880 654 2001 690; x_wconf 92' lang='lat' dir='ltr'><strong>eum</strong></span> 
     </span>
    </p>
   </div>
   <div class='ocr_carea' id='block_1_7' title="bbox 444 704 2006 781">
    <p class='ocr_par' dir='ltr' id='par_1_7' title="bbox 444 704 2006 781">
     <span class='ocr_line' id='line_1_7' title="bbox 444 704 2006 781; baseline -0.006 -15"><span class='ocrx_word' id='word_1_35' title='bbox 444 704 657 781; x_wconf 85' lang='lat' dir='ltr'><strong>semper</strong></span> <span class='ocrx_word' id='word_1_36' title='bbox 692 704 999 781; x_wconf 78' lang='lat' dir='ltr'><strong>suspectum</strong></span> <span class='ocrx_word' id='word_1_37' title='bbox 1049 705 1327 781; x_wconf 55' lang='lat' dir='ltr'><strong>habuerit;</strong></span> <span class='ocrx_word' id='word_1_38' title='bbox 1376 704 1627 781; x_wconf 87' lang='lat' dir='ltr'><strong>B_rentius</strong></span> <span class='ocrx_word' id='word_1_39' title='bbox 1657 716 1711 758; x_wconf 92' lang='lat' dir='ltr'><strong>et</strong></span> <span class='ocrx_word' id='word_1_40' title='bbox 1749 705 2006 781; x_wconf 83' lang='lat' dir='ltr'><strong>Chemni-</strong></span> 
     </span>
    </p>
   </div>
   <div class='ocr_carea' id='block_1_8' title="bbox 445 775 2000 840">
    <p class='ocr_par' dir='ltr' id='par_1_8' title="bbox 445 775 2000 840">
     <span class='ocr_line' id='line_1_8' title="bbox 445 775 2000 840; baseline -0.004 -6"><span class='ocrx_word' id='word_1_41' title='bbox 445 775 827 834; x_wconf 63' lang='lat' dir='ltr'><strong>titts&#39;eutmlem</strong></span> <span class='ocrx_word' id='word_1_42' title='bbox 867 777 1086 830; x_wconf 72' lang='lat' dir='ltr'><strong>incerta:</strong></span> <span class='ocrx_word' id='word_1_43' title='bbox 1113 776 1450 827; x_wconf 91' lang='lat' dir='ltr'><strong>auctoritatis</strong></span> <span class='ocrx_word' id='word_1_44' title='bbox 1480 789 1603 827; x_wconf 89' lang='lat' dir='ltr'><strong>esse</strong></span> <span class='ocrx_word' id='word_1_45' title='bbox 1645 775 1955 828; x_wconf 77' lang='lat' dir='ltr'><strong>oensnerint</strong></span> <span class='ocrx_word' id='word_1_46' title='bbox 1985 793 2000 840; x_wconf 88' lang='lat'><strong>;</strong></span> 
     </span>
    </p>
   </div>
   <div class='ocr_carea' id='block_1_9' title="bbox 444 845 2006 918">
    <p class='ocr_par' dir='ltr' id='par_1_9' title="bbox 444 845 2006 918">
     <span class='ocr_line' id='line_1_9' title="bbox 444 845 2006 918; baseline -0.005 -16"><span class='ocrx_word' id='word_1_47' title='bbox 444 851 672 918; x_wconf 86' lang='lat' dir='ltr'><strong>denique</strong></span> <span class='ocrx_word' id='word_1_48' title='bbox 698 847 929 918; x_wconf 89' lang='lat' dir='ltr'><strong>Bodinus</strong></span> <span class='ocrx_word' id='word_1_49' title='bbox 955 856 1007 898; x_wconf 93' lang='lat' dir='ltr'><strong>et</strong></span> <span class='ocrx_word' id='word_1_50' title='bbox 1036 845 1403 918; x_wconf 40' lang='grc' dir='ltr'><strong>Δξιιιιιιειριίδιίιι</strong></span> <span class='ocrx_word' id='word_1_51' title='bbox 1429 845 1814 918; x_wconf 83' lang='lat' dir='ltr'><strong>prOpei_no_tlttin</strong></span> <span class='ocrx_word' id='word_1_52' title='bbox 1854 859 2006 898; x_wconf 87' lang='lat' dir='ltr'><strong>eum-</strong></span> 
     </span>
    </p>
   </div>
   <div class='ocr_carea' id='block_1_10' title="bbox 445 913 2007 986">
    <p class='ocr_par' dir='ltr' id='par_1_10' title="bbox 445 913 2007 986">
     <span class='ocr_line' id='line_1_10' title="bbox 445 913 2007 986; baseline -0.003 -16"><span class='ocrx_word' id='word_1_53' title='bbox 445 920 562 971; x_wconf 89' lang='lat' dir='ltr'><strong>dem</strong></span> <span class='ocrx_word' id='word_1_54' title='bbox 590 913 765 986; x_wconf 59' lang='lat' dir='ltr'><strong>ipsum</strong></span> <span class='ocrx_word' id='word_1_55' title='bbox 796 930 825 967; x_wconf 86' lang='lat' dir='ltr'><strong>e</strong></span> <span class='ocrx_word' id='word_1_56' title='bbox 854 916 1021 970; x_wconf 91' lang='lat' dir='ltr'><strong>choro</strong></span> <span class='ocrx_word' id='word_1_57' title='bbox 1052 914 1478 969; x_wconf 87' lang='lat' dir='ltr'><strong>Christianorum</strong></span> <span class='ocrx_word' id='word_1_58' title='bbox 1508 913 1795 967; x_wconf 80' lang='lat' dir='ltr'><strong>exsibilent</strong></span> <span class='ocrx_word' id='word_1_59' title='bbox 1823 928 1886 968; x_wconf 91' lang='lat' dir='ltr'><strong>ac</strong></span> <span class='ocrx_word' id='word_1_60' title='bbox 1911 928 2007 968; x_wconf 82' lang='lat' dir='ltr'><strong>ex-</strong></span> 
     </span>
    </p>
   </div>
   <div class='ocr_carea' id='block_1_11' title="bbox 483 989 684 1041">
    <p class='ocr_par' dir='ltr' id='par_1_11' title="bbox 483 989 684 1041">
     <span class='ocr_line' id='line_1_11' title="bbox 483 989 684 1041; baseline 0 -2"><span class='ocrx_word' id='word_1_61' title='bbox 483 989 684 1041; x_wconf 90' lang='lat' dir='ltr'><strong>Iodant.</strong></span> 
     </span>
    </p>
   </div>
   <div class='ocr_carea' id='block_1_12' title="bbox 444 1004 2009 1120">
    <p class='ocr_par' dir='ltr' id='par_1_12' title="bbox 444 1004 2009 1120">
     <span class='ocr_line' id='line_1_12' title="bbox 444 1004 2009 1120; baseline -0.001 -11"><span class='ocrx_word' id='word_1_62' title='bbox 444 1004 791 1109; x_wconf 42' lang='lat' dir='ltr'><strong>pl‘gﬁdubene</strong></span> <span class='ocrx_word' id='word_1_63' title='bbox 828 1054 989 1107; x_wconf 88' lang='lat' dir='ltr'><strong>habet</strong></span> <span class='ocrx_word' id='word_1_64' title='bbox 1016 1051 1158 1120; x_wconf 86' lang='lat' dir='ltr'><strong>quod</strong></span> <span class='ocrx_word' id='word_1_65' title='bbox 1190 1049 1539 1119; x_wconf 75' lang='lat' dir='ltr'><strong>gravissimus</strong></span> <span class='ocrx_word' id='word_1_66' title='bbox 1575 1052 1853 1119; x_wconf 77' lang='lat' dir='ltr'><strong>theologus</strong></span> <span class='ocrx_word' id='word_1_67' title='bbox 1874 1051 2009 1107; x_wconf 85' lang='lat' dir='ltr'><strong>Ter-</strong></span> 
     </span>
    </p>
   </div>
   <div class='ocr_carea' id='block_1_13' title="bbox 446 1122 2007 1179">
    <p class='ocr_par' dir='ltr' id='par_1_13' title="bbox 446 1122 2007 1179">
     <span class='ocr_line' id='line_1_13' title="bbox 446 1122 2007 1179; baseline 0 -1"><span class='ocrx_word' id='word_1_68' title='bbox 446 1127 700 1179; x_wconf 87' lang='lat' dir='ltr'><strong>tullianus</strong></span> <span class='ocrx_word' id='word_1_69' title='bbox 751 1127 977 1177; x_wconf 88' lang='lat' dir='ltr'><strong>istorum</strong></span> <span class='ocrx_word' id='word_1_70' title='bbox 1026 1137 1267 1175; x_wconf 90' lang='lat' dir='ltr'><strong>errorem</strong></span> <span class='ocrx_word' id='word_1_71' title='bbox 1306 1133 1431 1177; x_wconf 89' lang='lat' dir='ltr'><strong>ante</strong></span> <span class='ocrx_word' id='word_1_72' title='bbox 1473 1122 1619 1175; x_wconf 89' lang='lat' dir='ltr'><strong>mille</strong></span> <span class='ocrx_word' id='word_1_73' title='bbox 1644 1132 1700 1177; x_wconf 91' lang='lat' dir='ltr'><strong>et</strong></span> <span class='ocrx_word' id='word_1_74' title='bbox 1737 1132 2007 1178; x_wconf 87' lang='lat' dir='ltr'><strong>trecentos</strong></span> 
     </span>
    </p>
   </div>
   <div class='ocr_carea' id='block_1_14' title="bbox 443 1190 2004 1259">
    <p class='ocr_par' dir='ltr' id='par_1_14' title="bbox 443 1190 2004 1259">
     <span class='ocr_line' id='line_1_14' title="bbox 443 1190 2004 1259; baseline -0.001 -11"><span class='ocrx_word' id='word_1_75' title='bbox 443 1210 613 1248; x_wconf 86' lang='lat' dir='ltr'><strong>annos</strong></span> <span class='ocrx_word' id='word_1_76' title='bbox 639 1193 974 1247; x_wconf 75' lang='lat' dir='ltr'><strong>damnaverit</strong></span> <span class='ocrx_word' id='word_1_77' title='bbox 1003 1193 1053 1245; x_wconf 94' lang='lat' dir='ltr'><strong>in</strong></span> <span class='ocrx_word' id='word_1_78' title='bbox 1085 1190 1354 1245; x_wconf 81' lang='lat' dir='ltr'><strong>Mart-ioue</strong></span> <span class='ocrx_word' id='word_1_79' title='bbox 1384 1202 1437 1245; x_wconf 87' lang='lat' dir='ltr'><strong>et</strong></span> <span class='ocrx_word' id='word_1_80' title='bbox 1476 1192 1740 1254; x_wconf 89' lang='lat' dir='ltr'><strong>Cerdone,</strong></span> <span class='ocrx_word' id='word_1_81' title='bbox 1773 1207 2004 1259; x_wconf 88' lang='lat' dir='ltr'><strong>quorum</strong></span> 
     </span>
    </p>
   </div>
   <div class='ocr_carea' id='block_1_15' title="bbox 441 1262 2003 1330">
    <p class='ocr_par' dir='ltr' id='par_1_15' title="bbox 441 1262 2003 1330">
     <span class='ocr_line' id='line_1_15' title="bbox 441 1262 2003 1330; baseline -0.001 -12"><span class='ocrx_word' id='word_1_82' title='bbox 441 1267 769 1330; x_wconf 80' lang='lat' dir='ltr'><strong>impietatem</strong></span> <span class='ocrx_word' id='word_1_83' title='bbox 804 1265 901 1317; x_wconf 91' lang='lat' dir='ltr'><strong>hos</strong></span> <span class='ocrx_word' id='word_1_84' title='bbox 936 1278 1041 1313; x_wconf 91' lang='lat' dir='ltr'><strong>non</strong></span> <span class='ocrx_word' id='word_1_85' title='bbox 1083 1264 1246 1329; x_wconf 83' lang='lat' dir='ltr'><strong>pudet</strong></span> <span class='ocrx_word' id='word_1_86' title='bbox 1291 1262 1359 1315; x_wconf 90' lang='lat' dir='ltr'><strong>ab</strong></span> <span class='ocrx_word' id='word_1_87' title='bbox 1401 1263 1541 1315; x_wconf 87' lang='lat' dir='ltr'><strong>Orco</strong></span> <span class='ocrx_word' id='word_1_88' title='bbox 1582 1276 1870 1327; x_wconf 89' lang='lat' dir='ltr'><strong>revocare;</strong></span> <span class='ocrx_word' id='word_1_89' title='bbox 1910 1263 2003 1317; x_wconf 89' lang='lat' dir='ltr'><strong>lib.</strong></span> 
     </span>
    </p>
   </div>
   <div class='ocr_carea' id='block_1_16' title="bbox 447 1330 2005 1402">
    <p class='ocr_par' dir='ltr' id='par_1_16' title="bbox 447 1330 2005 1402">
     <span class='ocr_line' id='line_1_16' title="bbox 447 1330 2005 1402; baseline 0.001 -18"><span class='ocrx_word' id='word_1_90' title='bbox 447 1332 774 1402; x_wconf 75' lang='lat' dir='ltr'><strong>Pra&#39;script.,</strong></span> <span class='ocrx_word' id='word_1_91' title='bbox 799 1348 920 1399; x_wconf 85' lang='lat' dir='ltr'><strong>cap.</strong></span> <span class='ocrx_word' id='word_1_92' title='bbox 951 1332 1041 1402; x_wconf 84' lang='lat'><strong>5|,</strong></span> <span class='ocrx_word' id='word_1_93' title='bbox 1075 1342 1131 1385; x_wconf 92' lang='lat' dir='ltr'><strong>et</strong></span> <span class='ocrx_word' id='word_1_94' title='bbox 1153 1331 1246 1402; x_wconf 19' lang='lat' dir='ltr'><strong>l_ib».</strong></span> <span class='ocrx_word' id='word_1_95' title='bbox 1278 1332 1487 1402; x_wconf 15' lang='lat' dir='ltr'><strong>ivrAdv.</strong></span> <span class='ocrx_word' id='word_1_96' title='bbox 1508 1330 1852 1402; x_wconf 74' lang='lat' dir='ltr'><strong>Marcionem,</strong></span> <span class='ocrx_word' id='word_1_97' title='bbox 1882 1346 2005 1399; x_wconf 86' lang='lat' dir='ltr'><strong>cap.</strong></span> 
     </span>
    </p>
   </div>
   <div class='ocr_carea' id='block_1_17' title="bbox 441 1400 2005 1469">
    <p class='ocr_par' dir='ltr' id='par_1_17' title="bbox 441 1400 2005 1469">
     <span class='ocr_line' id='line_1_17' title="bbox 441 1400 2005 1469; baseline 0 -14"><span class='ocrx_word' id='word_1_98' title='bbox 441 1403 494 1455; x_wconf 86' lang='lat'><strong>5.</strong></span> <span class='ocrx_word' id='word_1_99' title='bbox 521 1400 741 1463; x_wconf 78' lang='lat' dir='ltr'><strong>Deinde,</strong></span> <span class='ocrx_word' id='word_1_100' title='bbox 786 1404 925 1469; x_wconf 90' lang='lat' dir='ltr'><strong>quod</strong></span> <span class='ocrx_word' id='word_1_101' title='bbox 958 1401 1117 1453; x_wconf 89' lang='lat' dir='ltr'><strong>etiam</strong></span> <span class='ocrx_word' id='word_1_102' title='bbox 1147 1400 1443 1453; x_wconf 88' lang='lat' dir='ltr'><strong>Calviniani</strong></span> <span class='ocrx_word' id='word_1_103' title='bbox 1475 1416 1538 1453; x_wconf 91' lang='lat' dir='ltr'><strong>ac</strong></span> <span class='ocrx_word' id='word_1_104' title='bbox 1573 1401 1865 1454; x_wconf 87' lang='lat' dir='ltr'><strong>Lutherani</strong></span> <span class='ocrx_word' id='word_1_105' title='bbox 1901 1416 2005 1456; x_wconf 91' lang='lat' dir='ltr'><strong>non</strong></span> 
     </span>
    </p>
   </div>
   <div class='ocr_carea' id='block_1_18' title="bbox 440 1469 2008 1541">
    <p class='ocr_par' dir='ltr' id='par_1_18' title="bbox 440 1469 2008 1541">
     <span class='ocr_line' id='line_1_18' title="bbox 440 1469 2008 1541; baseline 0.001 -18"><span class='ocrx_word' id='word_1_106' title='bbox 440 1473 593 1541; x_wconf 88' lang='lat' dir='ltr'><strong>pauci</strong></span> <span class='ocrx_word' id='word_1_107' title='bbox 638 1472 834 1525; x_wconf 87' lang='lat' dir='ltr'><strong>librtttn</strong></span> <span class='ocrx_word' id='word_1_108' title='bbox 881 1472 1021 1523; x_wconf 91' lang='lat' dir='ltr'><strong>hunc</strong></span> <span class='ocrx_word' id='word_1_109' title='bbox 1067 1480 1125 1523; x_wconf 92' lang='lat' dir='ltr'><strong>ut</strong></span> <span class='ocrx_word' id='word_1_110' title='bbox 1156 1483 1291 1541; x_wconf 81' lang='lat' dir='ltr'><strong>vere</strong></span> <span class='ocrx_word' id='word_1_111' title='bbox 1327 1469 1682 1541; x_wconf 83' lang='lat' dir='ltr'><strong>apostolicum</strong></span> <span class='ocrx_word' id='word_1_112' title='bbox 1728 1472 1893 1524; x_wconf 78' lang='lat' dir='ltr'><strong>letum</strong></span> <span class='ocrx_word' id='word_1_113' title='bbox 1945 1486 2008 1524; x_wconf 88' lang='lat' dir='ltr'><strong>ac</strong></span> 
     </span>
    </p>
   </div>
   <div class='ocr_carea' id='block_1_19' title="bbox 440 1539 2004 1609">
    <p class='ocr_par' dir='ltr' id='par_1_19' title="bbox 440 1539 2004 1609">
     <span class='ocr_line' id='line_1_19' title="bbox 440 1539 2004 1609; baseline -0.002 -13"><span class='ocrx_word' id='word_1_114' title='bbox 440 1539 700 1609; x_wconf 76' lang='lat' dir='ltr'><strong>scriptum</strong></span> <span class='ocrx_word' id='word_1_115' title='bbox 754 1541 867 1593; x_wconf 83' lang='lat' dir='ltr'><strong>suis</strong></span> <span class='ocrx_word' id='word_1_116' title='bbox 921 1539 1327 1593; x_wconf 85' lang='lat' dir='ltr'><strong>commentariis</strong></span> <span class='ocrx_word' id='word_1_117' title='bbox 1372 1539 1645 1606; x_wconf 81' lang='lat' dir='ltr'><strong>explicare</strong></span> <span class='ocrx_word' id='word_1_118' title='bbox 1699 1550 2004 1594; x_wconf 87' lang='lat' dir='ltr'><strong>conantur:</strong></span> 
     </span>
    </p>
   </div>
   <div class='ocr_carea' id='block_1_20' title="bbox 438 1609 2007 1679">
    <p class='ocr_par' dir='ltr' id='par_1_20' title="bbox 438 1609 2007 1679">
     <span class='ocr_line' id='line_1_20' title="bbox 438 1609 2007 1679; baseline -0.001 -15"><span class='ocrx_word' id='word_1_119' title='bbox 438 1609 783 1679; x_wconf 78' lang='lat' dir='ltr'><strong>ejusdemque</strong></span> <span class='ocrx_word' id='word_1_120' title='bbox 813 1610 1147 1676; x_wconf 78' lang='lat' dir='ltr'><strong>potissimum</strong></span> <span class='ocrx_word' id='word_1_121' title='bbox 1182 1609 1509 1679; x_wconf 76' lang='lat' dir='ltr'><strong>auctoritate</strong></span> <span class='ocrx_word' id='word_1_122' title='bbox 1540 1610 1783 1679; x_wconf 88' lang='lat' dir='ltr'><strong>nitantur</strong></span> <span class='ocrx_word' id='word_1_123' title='bbox 1813 1611 2007 1663; x_wconf 84' lang='lat' dir='ltr'><strong>adver-</strong></span> 
     </span>
    </p>
   </div>
   <div class='ocr_carea' id='block_1_21' title="bbox 440 1677 2008 1745">
    <p class='ocr_par' dir='ltr' id='par_1_21' title="bbox 440 1677 2008 1745">
     <span class='ocr_line' id='line_1_21' title="bbox 440 1677 2008 1745; baseline -0.003 -11"><span class='ocrx_word' id='word_1_124' title='bbox 440 1677 532 1734; x_wconf 83' lang='lat' dir='ltr'><strong>sus</strong></span> <span class='ocrx_word' id='word_1_125' title='bbox 558 1677 736 1733; x_wconf 76' lang='lat' dir='ltr'><strong>sedem</strong></span> <span class='ocrx_word' id='word_1_126' title='bbox 771 1679 1176 1745; x_wconf 86' lang='lat' dir='ltr'><strong>Ecclesiamque</strong></span> <span class='ocrx_word' id='word_1_127' title='bbox 1206 1677 1526 1739; x_wconf 71' lang='lat' dir='ltr'><strong>Romanam,</strong></span> <span class='ocrx_word' id='word_1_128' title='bbox 1564 1678 1612 1729; x_wconf 93' lang='lat' dir='ltr'><strong>id</strong></span> <span class='ocrx_word' id='word_1_129' title='bbox 1646 1693 1917 1745; x_wconf 90' lang='lat' dir='ltr'><strong>nunquam</strong></span> <span class='ocrx_word' id='word_1_130' title='bbox 1942 1679 2008 1731; x_wconf 90' lang='lat' dir='ltr'><strong>de</strong></span> 
     </span>
    </p>
   </div>
   <div class='ocr_carea' id='block_1_22' title="bbox 440 1747 2008 1829">
    <p class='ocr_par' dir='ltr' id='par_1_22' title="bbox 440 1747 2008 1829">
     <span class='ocr_line' id='line_1_22' title="bbox 440 1747 2008 1829; baseline 0 -28"><span class='ocrx_word' id='word_1_131' title='bbox 440 1748 746 1829; x_wconf 70' lang='lat' dir='ltr'><strong>apocrypho</strong></span> <span class='ocrx_word' id='word_1_132' title='bbox 804 1761 897 1803; x_wconf 90' lang='lat' dir='ltr'><strong>aut</strong></span> <span class='ocrx_word' id='word_1_133' title='bbox 951 1750 1171 1802; x_wconf 66' lang='lat' dir='ltr'><strong>incerta:</strong></span> <span class='ocrx_word' id='word_1_134' title='bbox 1213 1748 1557 1801; x_wconf 81' lang='lat' dir='ltr'><strong>auctoritatis</strong></span> <span class='ocrx_word' id='word_1_135' title='bbox 1606 1748 1880 1802; x_wconf 89' lang='lat' dir='ltr'><strong>volumine</strong></span> <span class='ocrx_word' id='word_1_136' title='bbox 1926 1747 2008 1801; x_wconf 57' lang='lat' dir='ltr'><strong>fa-</strong></span> 
     </span>
    </p>
   </div>
   <div class='ocr_carea' id='block_1_23' title="bbox 438 1831 601 1874">
    <p class='ocr_par' dir='ltr' id='par_1_23' title="bbox 438 1831 601 1874">
     <span class='ocr_line' id='line_1_23' title="bbox 438 1831 601 1874; baseline -0.025 0"><span class='ocrx_word' id='word_1_137' title='bbox 438 1831 601 1874; x_wconf 77' lang='lat' dir='ltr'><strong>Clllrl.</strong></span> 
     </span>
    </p>
   </div>
   <div class='ocr_carea' id='block_1_24' title="bbox 514 1885 2008 1956">
    <p class='ocr_par' dir='ltr' id='par_1_24' title="bbox 514 1885 2008 1956">
     <span class='ocr_line' id='line_1_24' title="bbox 514 1885 2008 1956; baseline -0.003 -15"><span class='ocrx_word' id='word_1_138' title='bbox 514 1888 710 1941; x_wconf 81' lang='lat' dir='ltr'><strong>Verum</strong></span> <span class='ocrx_word' id='word_1_139' title='bbox 764 1887 1097 1942; x_wconf 80' lang='lat' dir='ltr'><strong>ﬁrmioribus</strong></span> <span class='ocrx_word' id='word_1_140' title='bbox 1138 1885 1405 1956; x_wconf 67' lang='lat' dir='ltr'><strong>praesidiis</strong></span> <span class='ocrx_word' id='word_1_141' title='bbox 1442 1885 1585 1956; x_wconf 91' lang='lat' dir='ltr'><strong>illius</strong></span> <span class='ocrx_word' id='word_1_142' title='bbox 1630 1886 2008 1939; x_wconf 82' lang='lat' dir='ltr'><strong>auctoritatem</strong></span> 
     </span>
    </p>
   </div>
   <div class='ocr_carea' id='block_1_25' title="bbox 439 1955 2010 2024">
    <p class='ocr_par' dir='ltr' id='par_1_25' title="bbox 439 1955 2010 2024">
     <span class='ocr_line' id='line_1_25' title="bbox 439 1955 2010 2024; baseline -0.002 -13"><span class='ocrx_word' id='word_1_143' title='bbox 439 1958 893 2011; x_wconf 83' lang='lat' dir='ltr'><strong>comtnnniatnus.</strong></span> <span class='ocrx_word' id='word_1_144' title='bbox 932 1958 1044 2009; x_wconf 79' lang='lat' dir='ltr'><strong>Sub</strong></span> <span class='ocrx_word' id='word_1_145' title='bbox 1089 1955 1219 2024; x_wconf 84' lang='lat' dir='ltr'><strong>ipsis</strong></span> <span class='ocrx_word' id='word_1_146' title='bbox 1260 1955 1626 2022; x_wconf 88' lang='lat' dir='ltr'><strong>apostolorum</strong></span> <span class='ocrx_word' id='word_1_147' title='bbox 1676 1957 2010 2022; x_wconf 88' lang='lat' dir='ltr'><strong>temporibus</strong></span> 
     </span>
    </p>
   </div>
   <div class='ocr_carea' id='block_1_26' title="bbox 443 2025 2011 2095">
    <p class='ocr_par' dir='ltr' id='par_1_26' title="bbox 443 2025 2011 2095">
     <span class='ocr_line' id='line_1_26' title="bbox 443 2025 2011 2095; baseline -0.004 -14"><span class='ocrx_word' id='word_1_148' title='bbox 443 2028 729 2095; x_wconf 72' lang='lat' dir='ltr'><strong>Dimysins</strong></span> <span class='ocrx_word' id='word_1_149' title='bbox 755 2028 1066 2093; x_wconf 79' lang='lat' dir='ltr'><strong>Areopagit.</strong></span> <span class='ocrx_word' id='word_1_150' title='bbox 1096 2028 1234 2078; x_wconf 86' lang='lat' dir='ltr'><strong>hanc</strong></span> <span class='ocrx_word' id='word_1_151' title='bbox 1267 2025 1563 2095; x_wconf 70' lang='lat' dir='ltr'><strong>Scriptura:</strong></span> <span class='ocrx_word' id='word_1_152' title='bbox 1596 2032 1801 2095; x_wconf 83' lang='lat' dir='ltr'><strong>partem</strong></span> <span class='ocrx_word' id='word_1_153' title='bbox 1828 2026 2011 2095; x_wconf 88' lang='lat' dir='ltr'><strong>appel-</strong></span> 
     </span>
    </p>
   </div>
   <div class='ocr_carea' id='block_1_27' title="bbox 443 2092 2009 2162">
    <p class='ocr_par' dir='ltr' id='par_1_27' title="bbox 443 2092 2009 2162">
     <span class='ocr_line' id='line_1_27' title="bbox 443 2092 2009 2162; baseline -0.002 -14"><span class='ocrx_word' id='word_1_154' title='bbox 443 2092 593 2157; x_wconf 68' lang='lat' dir='ltr'><strong>lavit,</strong></span> <span class='ocrx_word' id='word_1_155' title='bbox 630 2112 649 2145; x_wconf 74' lang='grc' dir='ltr'><strong>ι</strong></span> <span class='ocrx_word' id='word_1_156' title='bbox 685 2092 937 2147; x_wconf 82' lang='lat' dir='ltr'><strong>arcanam</strong></span> <span class='ocrx_word' id='word_1_157' title='bbox 971 2104 1023 2145; x_wconf 84' lang='lat' dir='ltr'><strong>et</strong></span> <span class='ocrx_word' id='word_1_158' title='bbox 1064 2096 1343 2162; x_wconf 84' lang='lat' dir='ltr'><strong>mysticam</strong></span> <span class='ocrx_word' id='word_1_159' title='bbox 1382 2094 1603 2162; x_wconf 84' lang='lat' dir='ltr'><strong>omnino</strong></span> <span class='ocrx_word' id='word_1_160' title='bbox 1632 2092 1892 2145; x_wconf 79' lang='lat' dir='ltr'><strong>visionem</strong></span> <span class='ocrx_word' id='word_1_161' title='bbox 1925 2094 2009 2146; x_wconf 91' lang='lat' dir='ltr'><strong>di-</strong></span> 
     </span>
    </p>
   </div>
   <div class='ocr_carea' id='block_1_28' title="bbox 442 2159 2008 2231">
    <p class='ocr_par' dir='ltr' id='par_1_28' title="bbox 442 2159 2008 2231">
     <span class='ocr_line' id='line_1_28' title="bbox 442 2159 2008 2231; baseline -0.003 -13"><span class='ocrx_word' id='word_1_162' title='bbox 442 2165 567 2219; x_wconf 84' lang='lat' dir='ltr'><strong>lecti</strong></span> <span class='ocrx_word' id='word_1_163' title='bbox 591 2163 857 2231; x_wconf 82' lang='lat' dir='ltr'><strong>discipuli.</strong></span> <span class='ocrx_word' id='word_1_164' title='bbox 874 2159 1219 2230; x_wconf 79' lang='lat' dir='ltr'><strong>divinamque</strong></span> <span class='ocrx_word' id='word_1_165' title='bbox 1246 2162 1454 2215; x_wconf 88' lang='lat' dir='ltr'><strong>Domini</strong></span> <span class='ocrx_word' id='word_1_166' title='bbox 1473 2159 1601 2213; x_wconf 77' lang='lat' dir='ltr'><strong>Jesu</strong></span> <span class='ocrx_word' id='word_1_167' title='bbox 1619 2172 1673 2215; x_wconf 92' lang='lat' dir='ltr'><strong>et</strong></span> <span class='ocrx_word' id='word_1_168' title='bbox 1690 2162 2008 2231; x_wconf 86' lang='lat' dir='ltr'><strong>altissimam</strong></span> 
     </span>
    </p>
   </div>
   <div class='ocr_carea' id='block_1_29' title="bbox 444 2230 2008 2300">
    <p class='ocr_par' dir='ltr' id='par_1_29' title="bbox 444 2230 2008 2300">
     <span class='ocr_line' id='line_1_29' title="bbox 444 2230 2008 2300; baseline -0.002 -14"><span class='ocrx_word' id='word_1_169' title='bbox 444 2230 761 2300; x_wconf 77' lang='lat' dir='ltr'><strong>theologiam</strong></span> <span class='ocrx_word' id='word_1_170' title='bbox 813 2232 878 2282; x_wconf 79' lang='grc'><strong>⁸⁵.</strong></span> <span class='ocrx_word' id='word_1_171' title='bbox 940 2250 959 2282; x_wconf 77' lang='grc' dir='ltr'><strong>ι</strong></span> <span class='ocrx_word' id='word_1_172' title='bbox 1014 2231 1258 2286; x_wconf 79' lang='lat' dir='ltr'><strong>Justinus</strong></span> <span class='ocrx_word' id='word_1_173' title='bbox 1313 2240 1518 2299; x_wconf 85' lang='lat' dir='ltr'><strong>martyr</strong></span> <span class='ocrx_word' id='word_1_174' title='bbox 1567 2246 1671 2283; x_wconf 93' lang='lat' dir='ltr'><strong>non</strong></span> <span class='ocrx_word' id='word_1_175' title='bbox 1722 2230 2008 2284; x_wconf 85' lang='lat' dir='ltr'><strong>admodum</strong></span> 
     </span>
    </p>
   </div>
   <div class='ocr_carea' id='block_1_30' title="bbox 442 2300 2011 2371">
    <p class='ocr_par' dir='ltr' id='par_1_30' title="bbox 442 2300 2011 2371">
     <span class='ocr_line' id='line_1_30' title="bbox 442 2300 2011 2371; baseline -0.003 -14"><span class='ocrx_word' id='word_1_176' title='bbox 442 2313 628 2371; x_wconf 89' lang='lat' dir='ltr'><strong>postea</strong></span> <span class='ocrx_word' id='word_1_177' title='bbox 651 2316 770 2354; x_wconf 90' lang='lat' dir='ltr'><strong>eam</strong></span> <span class='ocrx_word' id='word_1_178' title='bbox 797 2319 815 2349; x_wconf 76' lang='grc' dir='ltr'><strong>ι</strong></span> <span class='ocrx_word' id='word_1_179' title='bbox 846 2300 1037 2356; x_wconf 90' lang='lat' dir='ltr'><strong>Joanni</strong></span> <span class='ocrx_word' id='word_1_180' title='bbox 1068 2301 1311 2370; x_wconf 89' lang='lat' dir='ltr'><strong>apostolo</strong></span> <span class='ocrx_word' id='word_1_181' title='bbox 1339 2314 1404 2351; x_wconf 82' lang='lat' dir='ltr'><strong>ex</strong></span> <span class='ocrx_word' id='word_1_182' title='bbox 1431 2300 1712 2371; x_wconf 80' lang='lat' dir='ltr'><strong>duodecim</strong></span> <span class='ocrx_word' id='word_1_183' title='bbox 1743 2314 1851 2371; x_wconf 90' lang='lat' dir='ltr'><strong>uno</strong></span> <span class='ocrx_word' id='word_1_184' title='bbox 1875 2315 2011 2352; x_wconf 90' lang='lat' dir='ltr'><strong>nun-</strong></span> 
     </span>
    </p>
   </div>
   <div class='ocr_carea' id='block_1_31' title="bbox 443 2369 2008 2439">
    <p class='ocr_par' dir='ltr' id='par_1_31' title="bbox 443 2369 2008 2439">
     <span class='ocr_line' id='line_1_31' title="bbox 443 2369 2008 2439; baseline -0.001 -17"><span class='ocrx_word' id='word_1_185' title='bbox 443 2369 682 2439; x_wconf 72' lang='lat' dir='ltr'><strong>cupavit,</strong></span> <span class='ocrx_word' id='word_1_186' title='bbox 716 2388 733 2420; x_wconf 76' lang='grc' dir='ltr'><strong>ι</strong></span> <span class='ocrx_word' id='word_1_187' title='bbox 760 2380 810 2423; x_wconf 88' lang='lat' dir='ltr'><strong>et</strong></span> <span class='ocrx_word' id='word_1_188' title='bbox 830 2385 923 2423; x_wconf 87' lang='lat' dir='ltr'><strong>sua</strong></span> <span class='ocrx_word' id='word_1_189' title='bbox 945 2369 1328 2438; x_wconf 87' lang='lat' dir='ltr'><strong>propemodum</strong></span> <span class='ocrx_word' id='word_1_190' title='bbox 1356 2378 1512 2420; x_wconf 56' lang='lat' dir='ltr'><strong>artato</strong></span> <span class='ocrx_word' id='word_1_191' title='bbox 1534 2369 1603 2439; x_wconf 87' lang='lat' dir='ltr'><strong>ab</strong></span> <span class='ocrx_word' id='word_1_192' title='bbox 1632 2369 1720 2419; x_wconf 92' lang='lat' dir='ltr'><strong>illo</strong></span> <span class='ocrx_word' id='word_1_193' title='bbox 1751 2370 2008 2439; x_wconf 83' lang='lat' dir='ltr'><strong>scriptam</strong></span> 
     </span>
    </p>
   </div>
   <div class='ocr_carea' id='block_1_32' title="bbox 441 2438 2012 2507">
    <p class='ocr_par' dir='ltr' id='par_1_32' title="bbox 441 2438 2012 2507">
     <span class='ocr_line' id='line_1_32' title="bbox 441 2438 2012 2507; baseline -0.003 -13"><span class='ocrx_word' id='word_1_194' title='bbox 441 2438 564 2494; x_wconf 84' lang='lat' dir='ltr'><strong>esse</strong></span> <span class='ocrx_word' id='word_1_195' title='bbox 589 2439 767 2494; x_wconf 85' lang='lat' dir='ltr'><strong>docuit</strong></span> <span class='ocrx_word' id='word_1_196' title='bbox 790 2441 865 2503; x_wconf 66' lang='grc' dir='ltr'><strong>’σς</strong></span> <span class='ocrx_word' id='word_1_197' title='bbox 896 2440 1193 2507; x_wconf 89' lang='lat' dir='ltr'><strong>quinetiam</strong></span> <span class='ocrx_word' id='word_1_198' title='bbox 1228 2438 1681 2501; x_wconf 85' lang='lat' dir='ltr'><strong>luculentissima,</strong></span> <span class='ocrx_word' id='word_1_199' title='bbox 1717 2439 1874 2489; x_wconf 89' lang='lat' dir='ltr'><strong>aiunt</strong></span> <span class='ocrx_word' id='word_1_200' title='bbox 1906 2438 2012 2489; x_wconf 82' lang='lat' dir='ltr'><strong>Eu-</strong></span> 
     </span>
    </p>
   </div>
   <div class='ocr_carea' id='block_1_33' title="bbox 442 2508 2012 2577">
    <p class='ocr_par' dir='ltr' id='par_1_33' title="bbox 442 2508 2012 2577">
     <span class='ocr_line' id='line_1_33' title="bbox 442 2508 2012 2577; baseline -0.002 -15"><span class='ocrx_word' id='word_1_201' title='bbox 442 2511 625 2564; x_wconf 86' lang='lat' dir='ltr'><strong>sebius</strong></span> <span class='ocrx_word' id='word_1_202' title='bbox 645 2510 687 2540; x_wconf 86' lang='grc'><strong>⁶⁷</strong></span> <span class='ocrx_word' id='word_1_203' title='bbox 717 2518 770 2560; x_wconf 87' lang='lat' dir='ltr'><strong>et</strong></span> <span class='ocrx_word' id='word_1_204' title='bbox 801 2508 1180 2577; x_wconf 82' lang='lat' dir='ltr'><strong>Hieronymus,</strong></span> <span class='ocrx_word' id='word_1_205' title='bbox 1213 2508 1549 2577; x_wconf 67' lang='lat' dir='ltr'><strong>expositione</strong></span> <span class='ocrx_word' id='word_1_206' title='bbox 1575 2518 1894 2577; x_wconf 78' lang='lat' dir='ltr'><strong>prosecutus</strong></span> <span class='ocrx_word' id='word_1_207' title='bbox 1927 2516 2012 2560; x_wconf 89' lang='lat' dir='ltr'><strong>est</strong></span> 
     </span>
    </p>
   </div>
   <div class='ocr_carea' id='block_1_34' title="bbox 443 2574 2009 2646">
    <p class='ocr_par' dir='ltr' id='par_1_34' title="bbox 443 2574 2009 2646">
     <span class='ocr_line' id='line_1_34' title="bbox 443 2574 2009 2646; baseline -0.003 -15"><span class='ocrx_word' id='word_1_208' title='bbox 443 2579 775 2646; x_wconf 85' lang='lat' dir='ltr'><strong>Theophilus</strong></span> <span class='ocrx_word' id='word_1_209' title='bbox 805 2574 1211 2639; x_wconf 84' lang='lat' dir='ltr'><strong>Antiocheuus;</strong></span> <span class='ocrx_word' id='word_1_210' title='bbox 1246 2576 1425 2630; x_wconf 83' lang='lat' dir='ltr'><strong>Melite</strong></span> <span class='ocrx_word' id='word_1_211' title='bbox 1467 2574 1775 2641; x_wconf 84' lang='lat' dir='ltr'><strong>Sardensis,</strong></span> <span class='ocrx_word' id='word_1_212' title='bbox 1810 2575 2009 2645; x_wconf 84' lang='lat' dir='ltr'><strong>Diony-</strong></span> 
     </span>
    </p>
   </div>
   <div class='ocr_carea' id='block_1_35' title="bbox 442 2645 2008 2715">
    <p class='ocr_par' dir='ltr' id='par_1_35' title="bbox 442 2645 2008 2715">
     <span class='ocr_line' id='line_1_35' title="bbox 442 2645 2008 2715; baseline -0.002 -14"><span class='ocrx_word' id='word_1_213' title='bbox 442 2648 556 2703; x_wconf 82' lang='lat' dir='ltr'><strong>sius</strong></span> <span class='ocrx_word' id='word_1_214' title='bbox 598 2645 1018 2710; x_wconf 65' lang='lat' dir='ltr'><strong>Alexandrinus,</strong></span> <span class='ocrx_word' id='word_1_215' title='bbox 1086 2646 1373 2715; x_wconf 85' lang='lat' dir='ltr'><strong>Dionysius</strong></span> <span class='ocrx_word' id='word_1_216' title='bbox 1429 2645 1764 2706; x_wconf 87' lang='lat' dir='ltr'><strong>Corinthius,</strong></span> <span class='ocrx_word' id='word_1_217' title='bbox 1819 2648 2008 2699; x_wconf 88' lang='lat' dir='ltr'><strong>eodem</strong></span> 
     </span>
    </p>
   </div>
   <div class='ocr_carea' id='block_1_36' title="bbox 442 2715 2011 2783">
    <p class='ocr_par' dir='ltr' id='par_1_36' title="bbox 442 2715 2011 2783">
     <span class='ocr_line' id='line_1_36' title="bbox 442 2715 2011 2783; baseline -0.001 -13"><span class='ocrx_word' id='word_1_218' title='bbox 442 2726 579 2770; x_wconf 87' lang='lat' dir='ltr'><strong>teste</strong></span> <span class='ocrx_word' id='word_1_219' title='bbox 612 2716 867 2777; x_wconf 82' lang='lat' dir='ltr'><strong>Eusebio,</strong></span> <span class='ocrx_word' id='word_1_220' title='bbox 926 2715 1169 2783; x_wconf 84' lang='lat' dir='ltr'><strong>ejusdem</strong></span> <span class='ocrx_word' id='word_1_221' title='bbox 1224 2715 1567 2778; x_wconf 83' lang='lat' dir='ltr'><strong>testimoniis,</strong></span> <span class='ocrx_word' id='word_1_222' title='bbox 1615 2723 1676 2766; x_wconf 92' lang='lat' dir='ltr'><strong>ut</strong></span> <span class='ocrx_word' id='word_1_223' title='bbox 1710 2715 1911 2768; x_wconf 84' lang='lat' dir='ltr'><strong>divinis</strong></span> <span class='ocrx_word' id='word_1_224' title='bbox 1952 2724 2011 2768; x_wconf 85' lang='lat' dir='ltr'><strong>et.</strong></span> 
     </span>
    </p>
   </div>
   <div class='ocr_carea' id='block_1_37' title="bbox 442 2785 2012 2853">
    <p class='ocr_par' dir='ltr' id='par_1_37' title="bbox 442 2785 2012 2853">
     <span class='ocr_line' id='line_1_37' title="bbox 442 2785 2012 2853; baseline 0.001 -15"><span class='ocrx_word' id='word_1_225' title='bbox 442 2786 773 2853; x_wconf 79' lang='lat' dir='ltr'><strong>apostolicis,</strong></span> <span class='ocrx_word' id='word_1_226' title='bbox 814 2785 937 2837; x_wconf 84' lang='lat' dir='ltr'><strong>tidei</strong></span> <span class='ocrx_word' id='word_1_227' title='bbox 969 2796 1165 2838; x_wconf 64' lang='lat' dir='ltr'><strong>nostra!</strong></span> <span class='ocrx_word' id='word_1_228' title='bbox 1205 2785 1450 2853; x_wconf 75' lang='lat' dir='ltr'><strong>dogmata</strong></span> <span class='ocrx_word' id='word_1_229' title='bbox 1483 2785 1743 2837; x_wconf 74' lang='lat' dir='ltr'><strong>adversus</strong></span> <span class='ocrx_word' id='word_1_230' title='bbox 1774 2785 2012 2839; x_wconf 72' lang='lat' dir='ltr'><strong>haereses</strong></span> 
     </span>
    </p>
   </div>
   <div class='ocr_carea' id='block_1_38' title="bbox 442 2857 947 2922">
    <p class='ocr_par' dir='ltr' id='par_1_38' title="bbox 442 2857 947 2922">
     <span class='ocr_line' id='line_1_38' title="bbox 442 2857 947 2922; baseline -0.004 -13"><span class='ocrx_word' id='word_1_231' title='bbox 442 2857 947 2922; x_wconf 83' lang='lat' dir='ltr'><strong>comprobaverunt.</strong></span> 
     </span>
    </p>
   </div>
   <div class='ocr_carea' id='block_1_39' title="bbox 519 2921 2007 2991">
    <p class='ocr_par' dir='ltr' id='par_1_39' title="bbox 519 2921 2007 2991">
     <span class='ocr_line' id='line_1_39' title="bbox 519 2921 2007 2991; baseline 0.001 -16"><span class='ocrx_word' id='word_1_232' title='bbox 519 2921 881 2977; x_wconf 86' lang='lat' dir='ltr'><strong>Tertullianus</strong></span> <span class='ocrx_word' id='word_1_233' title='bbox 897 2926 1081 2991; x_wconf 85' lang='lat' dir='ltr'><strong>etipse</strong></span> <span class='ocrx_word' id='word_1_234' title='bbox 1114 2922 1198 2975; x_wconf 92' lang='lat' dir='ltr'><strong>vir</strong></span> <span class='ocrx_word' id='word_1_235' title='bbox 1228 2921 1650 2991; x_wconf 87' lang='lat' dir='ltr'><strong>apostolicorum</strong></span> <span class='ocrx_word' id='word_1_236' title='bbox 1682 2931 2007 2991; x_wconf 89' lang='lat' dir='ltr'><strong>temporum,</strong></span> 
     </span>
    </p>
   </div>
   <div class='ocr_carea' id='block_1_40' title="bbox 444 2992 2011 3062">
    <p class='ocr_par' dir='ltr' id='par_1_40' title="bbox 444 2992 2011 3062">
     <span class='ocr_line' id='line_1_40' title="bbox 444 2992 2011 3062; baseline -0.001 -16"><span class='ocrx_word' id='word_1_237' title='bbox 444 2992 974 3062; x_wconf 74' lang='lat' dir='ltr'><strong>plusquanttriginta</strong></span> <span class='ocrx_word' id='word_1_238' title='bbox 1014 2992 1147 3046; x_wconf 87' lang='lat' dir='ltr'><strong>locis</strong></span> <span class='ocrx_word' id='word_1_239' title='bbox 1182 3007 1303 3045; x_wconf 87' lang='lat' dir='ltr'><strong>eam</strong></span> <span class='ocrx_word' id='word_1_240' title='bbox 1336 2992 1538 3053; x_wconf 88' lang='lat' dir='ltr'><strong>laudat,</strong></span> <span class='ocrx_word' id='word_1_241' title='bbox 1565 3006 1651 3062; x_wconf 9' lang='lat' dir='ltr'><strong>rex</strong></span> <span class='ocrx_word' id='word_1_242' title='bbox 1683 2993 1880 3059; x_wconf 84' lang='lat' dir='ltr'><strong>quibus</strong></span> <span class='ocrx_word' id='word_1_243' title='bbox 1911 2993 2011 3044; x_wconf 86' lang='lat' dir='ltr'><strong>ali-</strong></span> 
     </span>
    </p>
   </div>
   <div class='ocr_carea' id='block_1_41' title="bbox 442 3060 2011 3130">
    <p class='ocr_par' dir='ltr' id='par_1_41' title="bbox 442 3060 2011 3130">
     <span class='ocr_line' id='line_1_41' title="bbox 442 3060 2011 3130; baseline 0.002 -17"><span class='ocrx_word' id='word_1_244' title='bbox 442 3060 591 3129; x_wconf 76' lang='lat' dir='ltr'><strong>quot</strong></span> <span class='ocrx_word' id='word_1_245' title='bbox 626 3060 982 3127; x_wconf 77' lang='lat' dir='ltr'><strong>subiicimus:</strong></span> <span class='ocrx_word' id='word_1_246' title='bbox 1026 3079 1046 3113; x_wconf 74' lang='grc' dir='ltr'><strong>ι</strong></span> <span class='ocrx_word' id='word_1_247' title='bbox 1091 3062 1304 3115; x_wconf 89' lang='lat' dir='ltr'><strong>Cerdon</strong></span> <span class='ocrx_word' id='word_1_248' title='bbox 1348 3061 1572 3130; x_wconf 84' lang='lat' dir='ltr'><strong>apostoli</strong></span> <span class='ocrx_word' id='word_1_249' title='bbox 1628 3062 1778 3114; x_wconf 86' lang='lat' dir='ltr'><strong>Pauli</strong></span> <span class='ocrx_word' id='word_1_250' title='bbox 1831 3076 2011 3130; x_wconf 77' lang='lat' dir='ltr'><strong>neque</strong></span> 
     </span>
    </p>
   </div>
   <div class='ocr_carea' id='block_1_42' title="bbox 442 3129 2076 3203">
    <p class='ocr_par' dir='ltr' id='par_1_42' title="bbox 442 3129 2076 3203">
     <span class='ocr_line' id='line_1_42' title="bbox 442 3129 2076 3203; baseline 0.001 -19"><span class='ocrx_word' id='word_1_251' title='bbox 442 3145 652 3196; x_wconf 86' lang='lat' dir='ltr'><strong>otnnes,</strong></span> <span class='ocrx_word' id='word_1_252' title='bbox 679 3144 851 3203; x_wconf 81' lang='lat' dir='ltr'><strong>neque</strong></span> <span class='ocrx_word' id='word_1_253' title='bbox 880 3140 1038 3203; x_wconf 77' lang='lat' dir='ltr'><strong>totas</strong></span> <span class='ocrx_word' id='word_1_254' title='bbox 1061 3130 1326 3203; x_wconf 67' lang='lat' dir='ltr'><strong>Epistolas</strong></span> <span class='ocrx_word' id='word_1_255' title='bbox 1359 3129 1720 3203; x_wconf 21' lang='grc' dir='ltr'><strong>βιηιιίιτμᾼειξιΔ</strong></span> <span class='ocrx_word' id='word_1_256' title='bbox 1738 3129 2008 3203; x_wconf 77' lang='lat' dir='ltr'><strong>apostolo-</strong></span> <span class='ocrx_word' id='word_1_257' title='bbox 2034 3144 2076 3203; x_wconf 73' lang='grc' dir='ltr'>ο</span> 
     </span>
    </p>
   </div>
   <div class='ocr_carea' id='block_1_43' title="bbox 446 3198 2007 3270">
    <p class='ocr_par' dir='ltr' id='par_1_43' title="bbox 446 3198 2007 3270">
     <span class='ocr_line' id='line_1_43' title="bbox 446 3198 2007 3270; baseline 0.002 -18"><span class='ocrx_word' id='word_1_258' title='bbox 446 3216 565 3252; x_wconf 90' lang='lat' dir='ltr'><strong>rum</strong></span> <span class='ocrx_word' id='word_1_259' title='bbox 606 3210 663 3253; x_wconf 88' lang='lat' dir='ltr'><strong>et</strong></span> <span class='ocrx_word' id='word_1_260' title='bbox 693 3199 1069 3269; x_wconf 82' lang='lat' dir='ltr'><strong>Apocalypsim</strong></span> <span class='ocrx_word' id='word_1_261' title='bbox 1108 3198 1266 3267; x_wconf 77' lang='lat' dir='ltr'><strong>quasi</strong></span> <span class='ocrx_word' id='word_1_262' title='bbox 1299 3200 1437 3253; x_wconf 76' lang='lat' dir='ltr'><strong>falsa</strong></span> <span class='ocrx_word' id='word_1_263' title='bbox 1472 3198 1645 3265; x_wconf 88' lang='lat' dir='ltr'><strong>rejicit</strong></span> <span class='ocrx_word' id='word_1_264' title='bbox 1678 3200 1746 3270; x_wconf 83' lang='grc'><strong>⁸⁸.</strong></span> <span class='ocrx_word' id='word_1_265' title='bbox 1772 3198 1806 3252; x_wconf 67' lang='grc' dir='ltr'><strong>ἰ</strong></span> <span class='ocrx_word' id='word_1_266' title='bbox 1867 3202 2007 3270; x_wconf 76' lang='lat' dir='ltr'><strong>Ergo</strong></span> 
     </span>
    </p>
   </div>
   <div class='ocr_carea' id='block_1_44' title="bbox 443 3269 2007 3332">
    <p class='ocr_par' dir='ltr' id='par_1_44' title="bbox 443 3269 2007 3332">
     <span class='ocr_line' id='line_1_44' title="bbox 443 3269 2007 3332; baseline 0 -11"><span class='ocrx_word' id='word_1_267' title='bbox 443 3270 813 3323; x_wconf 83' lang='lat' dir='ltr'><strong>CerdOniattos</strong></span> <span class='ocrx_word' id='word_1_268' title='bbox 840 3281 895 3322; x_wconf 90' lang='lat' dir='ltr'><strong>et</strong></span> <span class='ocrx_word' id='word_1_269' title='bbox 933 3271 1315 3332; x_wconf 82' lang='lat' dir='ltr'><strong>Marcionitas,</strong></span> <span class='ocrx_word' id='word_1_270' title='bbox 1356 3271 1406 3322; x_wconf 91' lang='lat' dir='ltr'><strong>id</strong></span> <span class='ocrx_word' id='word_1_271' title='bbox 1443 3279 1525 3321; x_wconf 86' lang='lat' dir='ltr'><strong>est</strong></span> <span class='ocrx_word' id='word_1_272' title='bbox 1564 3269 1847 3324; x_wconf 63' lang='lat' dir='ltr'><strong>barreticos</strong></span> <span class='ocrx_word' id='word_1_273' title='bbox 1887 3269 2007 3323; x_wconf 86' lang='lat' dir='ltr'><strong>oin-</strong></span> 
     </span>
    </p>
   </div>
   <div class='ocr_carea' id='block_1_45' title="bbox 444 3337 2008 3402">
    <p class='ocr_par' dir='ltr' id='par_1_45' title="bbox 444 3337 2008 3402">
     <span class='ocr_line' id='line_1_45' title="bbox 444 3337 2008 3402; baseline 0.001 -12"><span class='ocrx_word' id='word_1_274' title='bbox 444 3340 594 3390; x_wconf 91' lang='lat' dir='ltr'><strong>nium</strong></span> <span class='ocrx_word' id='word_1_275' title='bbox 640 3338 982 3402; x_wconf 86' lang='lat' dir='ltr'><strong>deterrimos,</strong></span> <span class='ocrx_word' id='word_1_276' title='bbox 1029 3338 1190 3391; x_wconf 87' lang='lat' dir='ltr'><strong>habet</strong></span> <span class='ocrx_word' id='word_1_277' title='bbox 1217 3340 1399 3391; x_wconf 58' lang='lat' dir='ltr'><strong>boues</strong></span> <span class='ocrx_word' id='word_1_278' title='bbox 1430 3337 1572 3390; x_wconf 89' lang='lat' dir='ltr'><strong>illius</strong></span> <span class='ocrx_word' id='word_1_279' title='bbox 1605 3338 1753 3391; x_wconf 87' lang='lat' dir='ltr'><strong>libri.</strong></span> <span class='ocrx_word' id='word_1_280' title='bbox 1801 3337 1869 3391; x_wconf 89' lang='lat' dir='ltr'><strong>Et</strong></span> <span class='ocrx_word' id='word_1_281' title='bbox 1920 3340 2008 3392; x_wconf 91' lang='lat' dir='ltr'><strong>ille</strong></span> 
     </span>
    </p>
   </div>
   <div class='ocr_carea' id='block_1_46' title="bbox 444 3404 2008 3477">
    <p class='ocr_par' dir='ltr' id='par_1_46' title="bbox 444 3404 2008 3477">
     <span class='ocr_line' id='line_1_46' title="bbox 444 3404 2008 3477; baseline 0.002 -19"><span class='ocrx_word' id='word_1_282' title='bbox 444 3421 659 3458; x_wconf 91' lang='lat' dir='ltr'><strong>rursum</strong></span> <span class='ocrx_word' id='word_1_283' title='bbox 686 3424 713 3477; x_wconf 89' lang='lat'><strong>_:</strong></span> <span class='ocrx_word' id='word_1_284' title='bbox 744 3424 762 3455; x_wconf 78' lang='grc' dir='ltr'><strong>ι</strong></span> <span class='ocrx_word' id='word_1_285' title='bbox 797 3406 932 3477; x_wconf 49' lang='lat' dir='ltr'><strong>Nam</strong></span> <span class='ocrx_word' id='word_1_286' title='bbox 960 3419 1015 3462; x_wconf 90' lang='lat' dir='ltr'><strong>et</strong></span> <span class='ocrx_word' id='word_1_287' title='bbox 1045 3404 1319 3477; x_wconf 79' lang='lat' dir='ltr'><strong>apostolus</strong></span> <span class='ocrx_word' id='word_1_288' title='bbox 1347 3405 1581 3477; x_wconf 82' lang='lat' dir='ltr'><strong>Joannes</strong></span> <span class='ocrx_word' id='word_1_289' title='bbox 1606 3408 1655 3458; x_wconf 93' lang='lat' dir='ltr'><strong>in</strong></span> <span class='ocrx_word' id='word_1_290' title='bbox 1685 3408 2008 3477; x_wconf 82' lang='lat' dir='ltr'><strong>Apocalypsi</strong></span> 
     </span>
    </p>
   </div>
   <div class='ocr_carea' id='block_1_47' title="bbox 444 3474 2005 3542">
    <p class='ocr_par' dir='ltr' id='par_1_47' title="bbox 444 3474 2005 3542">
     <span class='ocr_line' id='line_1_47' title="bbox 444 3474 2005 3542; baseline 0.003 -18"><span class='ocrx_word' id='word_1_291' title='bbox 444 3489 629 3527; x_wconf 83' lang='lat' dir='ltr'><strong>eitsetn</strong></span> <span class='ocrx_word' id='word_1_292' title='bbox 667 3475 924 3527; x_wconf 79' lang='lat' dir='ltr'><strong>describit</strong></span> <span class='ocrx_word' id='word_1_293' title='bbox 962 3491 1024 3529; x_wconf 80' lang='lat' dir='ltr'><strong>ex</strong></span> <span class='ocrx_word' id='word_1_294' title='bbox 1057 3490 1153 3528; x_wconf 91' lang='lat' dir='ltr'><strong>ore</strong></span> <span class='ocrx_word' id='word_1_295' title='bbox 1184 3474 1276 3526; x_wconf 86' lang='lat' dir='ltr'><strong>Dei</strong></span> <span class='ocrx_word' id='word_1_296' title='bbox 1320 3475 1669 3542; x_wconf 82' lang='lat' dir='ltr'><strong>prodeuntem</strong></span> <span class='ocrx_word' id='word_1_297' title='bbox 1699 3475 1763 3524; x_wconf 77' lang='lat'><strong>“.</strong></span> <span class='ocrx_word' id='word_1_298' title='bbox 1806 3494 1824 3526; x_wconf 82' lang='grc' dir='ltr'><strong>ι</strong></span> <span class='ocrx_word' id='word_1_299' title='bbox 1866 3474 2005 3528; x_wconf 73' lang='lat' dir='ltr'><strong>Rur-</strong></span> 
     </span>
    </p>
   </div>
   <div class='ocr_carea' id='block_1_48' title="bbox 444 3543 2008 3612">
    <p class='ocr_par' dir='ltr' id='par_1_48' title="bbox 444 3543 2008 3612">
     <span class='ocr_line' id='line_1_48' title="bbox 444 3543 2008 3612; baseline 0.002 -18"><span class='ocrx_word' id='word_1_300' title='bbox 444 3557 672 3609; x_wconf 84' lang='lat' dir='ltr'><strong>sumque</strong></span> <span class='ocrx_word' id='word_1_301' title='bbox 703 3543 894 3596; x_wconf 90' lang='lat' dir='ltr'><strong>scribit</strong></span> <span class='ocrx_word' id='word_1_302' title='bbox 921 3562 934 3596; x_wconf 89' lang='lat'><strong>:</strong></span> <span class='ocrx_word' id='word_1_303' title='bbox 968 3563 986 3595; x_wconf 86' lang='grc' dir='ltr'><strong>ι</strong></span> <span class='ocrx_word' id='word_1_304' title='bbox 1020 3543 1153 3596; x_wconf 85' lang='lat' dir='ltr'><strong>Nam</strong></span> <span class='ocrx_word' id='word_1_305' title='bbox 1197 3553 1251 3595; x_wconf 90' lang='lat' dir='ltr'><strong>et</strong></span> <span class='ocrx_word' id='word_1_306' title='bbox 1280 3546 1322 3596; x_wconf 91' lang='lat' dir='ltr'><strong>si</strong></span> <span class='ocrx_word' id='word_1_307' title='bbox 1349 3543 1731 3612; x_wconf 82' lang='lat' dir='ltr'><strong>Apocalypsim</strong></span> <span class='ocrx_word' id='word_1_308' title='bbox 1772 3543 2008 3597; x_wconf 72' lang='lat' dir='ltr'><strong>Marcion</strong></span> 
     </span>
    </p>
   </div>
   <div class='ocr_carea' id='block_1_49' title="bbox 449 3614 2013 3679">
    <p class='ocr_par' dir='ltr' id='par_1_49' title="bbox 449 3614 2013 3679">
     <span class='ocr_line' id='line_1_49' title="bbox 449 3614 2013 3679; baseline 0.002 -15"><span class='ocrx_word' id='word_1_309' title='bbox 449 3614 673 3679; x_wconf 83' lang='lat' dir='ltr'><strong>respuit,</strong></span> <span class='ocrx_word' id='word_1_310' title='bbox 712 3615 846 3679; x_wconf 77' lang='lat' dir='ltr'><strong>ordo</strong></span> <span class='ocrx_word' id='word_1_311' title='bbox 896 3622 1071 3666; x_wconf 87' lang='lat' dir='ltr'><strong>tamen</strong></span> <span class='ocrx_word' id='word_1_312' title='bbox 1113 3614 1491 3679; x_wconf 84' lang='lat' dir='ltr'><strong>episcoporum</strong></span> <span class='ocrx_word' id='word_1_313' title='bbox 1526 3614 1591 3663; x_wconf 89' lang='lat' dir='ltr'><strong>ad</strong></span> <span class='ocrx_word' id='word_1_314' title='bbox 1614 3614 1877 3679; x_wconf 80' lang='lat' dir='ltr'><strong>originem</strong></span> <span class='ocrx_word' id='word_1_315' title='bbox 1926 3628 2013 3667; x_wconf 86' lang='lat' dir='ltr'><strong>re-</strong></span> 
     </span>
    </p>
   </div>
   <div class='ocr_carea' id='block_1_50' title="bbox 444 3677 2014 3735">
    <p class='ocr_par' dir='ltr' id='par_1_50' title="bbox 444 3677 2014 3735">
     <span class='ocr_line' id='line_1_50' title="bbox 444 3677 2014 3735; baseline 0 -1"><span class='ocrx_word' id='word_1_316' title='bbox 444 3677 643 3734; x_wconf 72' lang='lat' dir='ltr'><strong>census</strong></span> <span class='ocrx_word' id='word_1_317' title='bbox 666 3683 717 3733; x_wconf 91' lang='lat' dir='ltr'><strong>in</strong></span> <span class='ocrx_word' id='word_1_318' title='bbox 750 3677 1011 3735; x_wconf 82' lang='lat' dir='ltr'><strong>Joannem</strong></span> <span class='ocrx_word' id='word_1_319' title='bbox 1045 3677 1213 3735; x_wconf 85' lang='lat' dir='ltr'><strong>stabit</strong></span> <span class='ocrx_word' id='word_1_320' title='bbox 1243 3677 1519 3733; x_wconf 83' lang='lat' dir='ltr'><strong>auctorem</strong></span> <span class='ocrx_word' id='word_1_321' title='bbox 1549 3681 1616 3734; x_wconf 68' lang='lat'><strong>7°.</strong></span> <span class='ocrx_word' id='word_1_322' title='bbox 1650 3698 1668 3730; x_wconf 81' lang='grc' dir='ltr'><strong>ι</strong></span> <span class='ocrx_word' id='word_1_323' title='bbox 1706 3677 1779 3733; x_wconf 77' lang='lat' dir='ltr'><strong>Et</strong></span> <span class='ocrx_word' id='word_1_324' title='bbox 1811 3681 1915 3734; x_wconf 92' lang='lat' dir='ltr'><strong>alio</strong></span> <span class='ocrx_word' id='word_1_325' title='bbox 1940 3682 2014 3734; x_wconf 90' lang='lat' dir='ltr'><strong>lo-</strong></span> 
     </span>
    </p>
   </div>
   <div class='ocr_carea' id='block_1_51' title="bbox 444 3748 2011 3818">
    <p class='ocr_par' dir='ltr' id='par_1_51' title="bbox 444 3748 2011 3818">
     <span class='ocr_line' id='line_1_51' title="bbox 444 3748 2011 3818; baseline 0.001 -15"><span class='ocrx_word' id='word_1_326' title='bbox 444 3763 544 3803; x_wconf 88' lang='lat' dir='ltr'><strong>co:</strong></span> <span class='ocrx_word' id='word_1_327' title='bbox 581 3767 600 3800; x_wconf 75' lang='grc' dir='ltr'><strong>ι</strong></span> <span class='ocrx_word' id='word_1_328' title='bbox 659 3748 896 3803; x_wconf 87' lang='lat' dir='ltr'><strong>Joannes</strong></span> <span class='ocrx_word' id='word_1_329' title='bbox 945 3758 999 3802; x_wconf 92' lang='lat' dir='ltr'><strong>ut</strong></span> <span class='ocrx_word' id='word_1_330' title='bbox 1047 3766 1143 3818; x_wconf 92' lang='lat' dir='ltr'><strong>pro</strong></span> <span class='ocrx_word' id='word_1_331' title='bbox 1190 3750 1449 3803; x_wconf 83' lang='lat' dir='ltr'><strong>fratribus</strong></span> <span class='ocrx_word' id='word_1_332' title='bbox 1490 3749 1700 3802; x_wconf 87' lang='lat' dir='ltr'><strong>animas</strong></span> <span class='ocrx_word' id='word_1_333' title='bbox 1748 3765 2011 3818; x_wconf 89' lang='lat' dir='ltr'><strong>ponamus</strong></span> 
     </span>
    </p>
   </div>
   <div class='ocr_carea' id='block_1_52' title="bbox 444 3819 2010 3886">
    <p class='ocr_par' dir='ltr' id='par_1_52' title="bbox 444 3819 2010 3886">
     <span class='ocr_line' id='line_1_52' title="bbox 444 3819 2010 3886; baseline 0.002 -15"><span class='ocrx_word' id='word_1_334' title='bbox 444 3820 714 3881; x_wconf 89' lang='lat' dir='ltr'><strong>hortatur,</strong></span> <span class='ocrx_word' id='word_1_335' title='bbox 745 3833 946 3886; x_wconf 76' lang='lat' dir='ltr'><strong>negans</strong></span> <span class='ocrx_word' id='word_1_336' title='bbox 979 3820 1227 3873; x_wconf 85' lang='lat' dir='ltr'><strong>timorem</strong></span> <span class='ocrx_word' id='word_1_337' title='bbox 1258 3833 1378 3873; x_wconf 89' lang='lat' dir='ltr'><strong>esse</strong></span> <span class='ocrx_word' id='word_1_338' title='bbox 1416 3819 1467 3870; x_wconf 92' lang='lat' dir='ltr'><strong>in</strong></span> <span class='ocrx_word' id='word_1_339' title='bbox 1510 3819 1821 3871; x_wconf 89' lang='lat' dir='ltr'><strong>dilectione.</strong></span> <span class='ocrx_word' id='word_1_340' title='bbox 1856 3822 2010 3885; x_wconf 82' lang='lat' dir='ltr'><strong>Quod</strong></span> 
     </span>
    </p>
   </div>
   <div class='ocr_carea' id='block_1_53' title="bbox 444 3887 2009 3957">
    <p class='ocr_par' dir='ltr' id='par_1_53' title="bbox 444 3887 2009 3957">
     <span class='ocr_line' id='line_1_53' title="bbox 444 3887 2009 3957; baseline 0 -16"><span class='ocrx_word' id='word_1_341' title='bbox 444 3888 487 3941; x_wconf 83' lang='lat' dir='ltr'><strong>si</strong></span> <span class='ocrx_word' id='word_1_342' title='bbox 517 3902 611 3955; x_wconf 92' lang='lat' dir='ltr'><strong>pro</strong></span> <span class='ocrx_word' id='word_1_343' title='bbox 643 3888 918 3950; x_wconf 78' lang='lat' dir='ltr'><strong>l&#39;rattihus,</strong></span> <span class='ocrx_word' id='word_1_344' title='bbox 953 3898 1159 3957; x_wconf 86' lang='lat' dir='ltr'><strong>quanto</strong></span> <span class='ocrx_word' id='word_1_345' title='bbox 1198 3890 1369 3956; x_wconf 79' lang='lat' dir='ltr'><strong>magis</strong></span> <span class='ocrx_word' id='word_1_346' title='bbox 1413 3902 1514 3954; x_wconf 89' lang='lat' dir='ltr'><strong>pro</strong></span> <span class='ocrx_word' id='word_1_347' title='bbox 1559 3887 1789 3941; x_wconf 92' lang='lat' dir='ltr'><strong>Domino</strong></span> <span class='ocrx_word' id='word_1_348' title='bbox 1829 3892 2009 3954; x_wconf 81' lang='lat' dir='ltr'><strong>docet,</strong></span> 
     </span>
    </p>
   </div>
   <div class='ocr_carea' id='block_1_54' title="bbox 444 3958 2013 4027">
    <p class='ocr_par' dir='ltr' id='par_1_54' title="bbox 444 3958 2013 4027">
     <span class='ocr_line' id='line_1_54' title="bbox 444 3958 2013 4027; baseline 0.002 -18"><span class='ocrx_word' id='word_1_349' title='bbox 444 3958 579 4010; x_wconf 83' lang='lat' dir='ltr'><strong>satis</strong></span> <span class='ocrx_word' id='word_1_350' title='bbox 609 3958 675 4027; x_wconf 78' lang='lat' dir='ltr'><strong>de</strong></span> <span class='ocrx_word' id='word_1_351' title='bbox 695 3958 1013 4027; x_wconf 73' lang='lat' dir='ltr'><strong>Apocalypsi</strong></span> <span class='ocrx_word' id='word_1_352' title='bbox 1037 3972 1251 4026; x_wconf 88' lang='lat' dir='ltr'><strong>quoque</strong></span> <span class='ocrx_word' id='word_1_353' title='bbox 1291 3973 1387 4011; x_wconf 89' lang='lat' dir='ltr'><strong>sua</strong></span> <span class='ocrx_word' id='word_1_354' title='bbox 1421 3959 1719 4011; x_wconf 86' lang='lat' dir='ltr'><strong>instructus</strong></span> <span class='ocrx_word' id='word_1_355' title='bbox 1745 3959 1856 4011; x_wconf 72' lang='lat' dir='ltr'><strong>lucc</strong></span> <span class='ocrx_word' id='word_1_356' title='bbox 1887 3974 2013 4012; x_wconf 89' lang='lat' dir='ltr'><strong>sua-</strong></span> 
     </span>
    </p>
   </div>
   <div class='ocr_carea' id='block_1_55' title="bbox 445 4025 2011 4094">
    <p class='ocr_par' dir='ltr' id='par_1_55' title="bbox 445 4025 2011 4094">
     <span class='ocr_line' id='line_1_55' title="bbox 445 4025 2011 4094; baseline 0.003 -17"><span class='ocrx_word' id='word_1_357' title='bbox 445 4028 574 4079; x_wconf 90' lang='lat' dir='ltr'><strong>dere</strong></span> <span class='ocrx_word' id='word_1_358' title='bbox 605 4026 690 4077; x_wconf 77' lang='lat'><strong>“?</strong></span> <span class='ocrx_word' id='word_1_359' title='bbox 722 4044 742 4075; x_wconf 72' lang='grc' dir='ltr'><strong>ι</strong></span> <span class='ocrx_word' id='word_1_360' title='bbox 774 4025 837 4077; x_wconf 83' lang='grc' dir='ltr'>Ει</span> <span class='ocrx_word' id='word_1_361' title='bbox 865 4025 1273 4094; x_wconf 65' lang='grc' dir='ltr'>ιιι“εοιιιι›ριιι1ἰο</span> <span class='ocrx_word' id='word_1_362' title='bbox 1310 4027 1613 4090; x_wconf 86' lang='lat' dir='ltr'><strong>absolvam,</strong></span> <span class='ocrx_word' id='word_1_363' title='bbox 1650 4026 1789 4078; x_wconf 90' lang='lat' dir='ltr'><strong>idem</strong></span> <span class='ocrx_word' id='word_1_364' title='bbox 1834 4028 1925 4082; x_wconf 91' lang='lat' dir='ltr'><strong>lib.</strong></span> <span class='ocrx_word' id='word_1_365' title='bbox 1960 4044 2011 4082; x_wconf 84' lang='lat' dir='ltr'><strong>tv</strong></span> 
     </span>
    </p>
   </div>
   <div class='ocr_carea' id='block_1_56' title="bbox 446 4094 2013 4163">
    <p class='ocr_par' dir='ltr' id='par_1_56' title="bbox 446 4094 2013 4163">
     <span class='ocr_line' id='line_1_56' title="bbox 446 4094 2013 4163; baseline 0.005 -21"><span class='ocrx_word' id='word_1_366' title='bbox 446 4104 753 4161; x_wconf 82' lang='lat' dir='ltr'><strong>poematum</strong></span> <span class='ocrx_word' id='word_1_367' title='bbox 794 4096 1051 4148; x_wconf 85' lang='lat' dir='ltr'><strong>adversus</strong></span> <span class='ocrx_word' id='word_1_368' title='bbox 1074 4095 1420 4159; x_wconf 81' lang='lat' dir='ltr'><strong>Marcionem,</strong></span> <span class='ocrx_word' id='word_1_369' title='bbox 1446 4110 1561 4163; x_wconf 87' lang='lat' dir='ltr'><strong>cap.</strong></span> <span class='ocrx_word' id='word_1_370' title='bbox 1589 4098 1642 4157; x_wconf 84' lang='grc'><strong>6,</strong></span> <span class='ocrx_word' id='word_1_371' title='bbox 1682 4102 1736 4148; x_wconf 86' lang='lat' dir='ltr'><strong>et</strong></span> <span class='ocrx_word' id='word_1_372' title='bbox 1772 4094 1907 4150; x_wconf 91' lang='lat' dir='ltr'><strong>libro</strong></span> <span class='ocrx_word' id='word_1_373' title='bbox 1938 4097 2013 4150; x_wconf 82' lang='lat' dir='ltr'><strong>De</strong></span> 
     </span>
    </p>
   </div>
   <div class='ocr_carea' id='block_1_57' title="bbox 445 4162 2011 4230">
    <p class='ocr_par' dir='ltr' id='par_1_57' title="bbox 445 4162 2011 4230">
     <span class='ocr_line' id='line_1_57' title="bbox 445 4162 2011 4230; baseline 0.004 -17"><span class='ocrx_word' id='word_1_374' title='bbox 445 4162 571 4230; x_wconf 75' lang='lat' dir='ltr'><strong>fuga</strong></span> <span class='ocrx_word' id='word_1_375' title='bbox 596 4164 648 4215; x_wconf 86' lang='lat' dir='ltr'><strong>in</strong></span> <span class='ocrx_word' id='word_1_376' title='bbox 675 4164 1051 4230; x_wconf 74' lang='lat' dir='ltr'><strong>persecutione,</strong></span> <span class='ocrx_word' id='word_1_377' title='bbox 1076 4180 1195 4230; x_wconf 87' lang='lat' dir='ltr'><strong>cap.</strong></span> <span class='ocrx_word' id='word_1_378' title='bbox 1227 4167 1314 4225; x_wconf 80' lang='grc'><strong>10,</strong></span> <span class='ocrx_word' id='word_1_379' title='bbox 1362 4162 1535 4218; x_wconf 88' lang='lat' dir='ltr'><strong>eidem</strong></span> <span class='ocrx_word' id='word_1_380' title='bbox 1576 4164 1771 4220; x_wconf 89' lang='lat' dir='ltr'><strong>Joanni</strong></span> <span class='ocrx_word' id='word_1_381' title='bbox 1808 4166 2011 4219; x_wconf 86' lang='lat' dir='ltr'><strong>Christi</strong></span> 
     </span>
    </p>
   </div>
   <div class='ocr_carea' id='block_1_58' title="bbox 445 4232 2014 4302">
    <p class='ocr_par' dir='ltr' id='par_1_58' title="bbox 445 4232 2014 4302">
     <span class='ocr_line' id='line_1_58' title="bbox 445 4232 2014 4302; baseline 0.004 -21"><span class='ocrx_word' id='word_1_382' title='bbox 445 4232 711 4302; x_wconf 78' lang='lat' dir='ltr'><strong>discipulo</strong></span> <span class='ocrx_word' id='word_1_383' title='bbox 745 4232 1113 4301; x_wconf 79' lang='lat' dir='ltr'><strong>Evangelium,</strong></span> <span class='ocrx_word' id='word_1_384' title='bbox 1142 4233 1434 4300; x_wconf 75' lang='lat' dir='ltr'><strong>Epistolam</strong></span> <span class='ocrx_word' id='word_1_385' title='bbox 1469 4236 1697 4301; x_wconf 84' lang='lat' dir='ltr'><strong>primam</strong></span> <span class='ocrx_word' id='word_1_386' title='bbox 1724 4244 1777 4286; x_wconf 89' lang='lat' dir='ltr'><strong>et</strong></span> <span class='ocrx_word' id='word_1_387' title='bbox 1803 4236 2014 4302; x_wconf 87' lang='lat' dir='ltr'><strong>Apoca-</strong></span> 
     </span>
    </p>
   </div>
   <div class='ocr_carea' id='block_1_59' title="bbox 445 4299 2013 4372">
    <p class='ocr_par' dir='ltr' id='par_1_59' title="bbox 445 4299 2013 4372">
     <span class='ocr_line' id='line_1_59' title="bbox 445 4299 2013 4372; baseline 0.004 -21"><span class='ocrx_word' id='word_1_388' title='bbox 445 4299 638 4368; x_wconf 83' lang='lat' dir='ltr'><strong>lypsitn</strong></span> <span class='ocrx_word' id='word_1_389' title='bbox 682 4299 978 4372; x_wconf 83' lang='lat' dir='ltr'><strong>ascrtbcns,</strong></span> <span class='ocrx_word' id='word_1_390' title='bbox 1026 4299 1215 4355; x_wconf 87' lang='lat' dir='ltr'><strong>iisdem</strong></span> <span class='ocrx_word' id='word_1_391' title='bbox 1248 4318 1349 4369; x_wconf 91' lang='lat' dir='ltr'><strong>pro</strong></span> <span class='ocrx_word' id='word_1_392' title='bbox 1397 4299 1712 4357; x_wconf 75' lang='lat' dir='ltr'><strong>Christiano</strong></span> <span class='ocrx_word' id='word_1_393' title='bbox 1764 4299 2013 4372; x_wconf 59' lang='lat' dir='ltr'><strong>dogmate</strong></span> 
     </span>
    </p>
   </div>
   <div class='ocr_carea' id='block_1_60' title="bbox 444 4371 1352 4424">
    <p class='ocr_par' dir='ltr' id='par_1_60' title="bbox 444 4371 1352 4424">
     <span class='ocr_line' id='line_1_60' title="bbox 444 4371 1352 4424; baseline 0.006 -5"><span class='ocrx_word' id='word_1_394' title='bbox 444 4383 709 4424; x_wconf 74' lang='lat' dir='ltr'><strong>adversus</strong></span> <span class='ocrx_word' id='word_1_395' title='bbox 740 4371 922 4423; x_wconf 79' lang='lat' dir='ltr'><strong>hostes</strong></span> <span class='ocrx_word' id='word_1_396' title='bbox 951 4372 1091 4424; x_wconf 89' lang='lat' dir='ltr'><strong>illius</strong></span> <span class='ocrx_word' id='word_1_397' title='bbox 1111 4374 1352 4424; x_wconf 87' lang='lat' dir='ltr'><strong>dimicat.</strong></span> 
     </span>
    </p>
   </div>
   <div class='ocr_carea' id='block_1_61' title="bbox 2107 568 3701 637">
    <p class='ocr_par' dir='ltr' id='par_1_61' title="bbox 2107 568 3701 637">
     <span class='ocr_line' id='line_1_61' title="bbox 2107 568 3701 637; baseline 0.003 -21"><span class='ocrx_word' id='word_1_398' title='bbox 2107 568 2328 634; x_wconf 71' lang='lat' dir='ltr'><strong>gelista;</strong></span> <span class='ocrx_word' id='word_1_399' title='bbox 2366 569 2778 637; x_wconf 85' lang='lat' dir='ltr'><strong>haudquaquam</strong></span> <span class='ocrx_word' id='word_1_400' title='bbox 2829 584 2959 621; x_wconf 84' lang='lat' dir='ltr'><strong>vero</strong></span> <span class='ocrx_word' id='word_1_401' title='bbox 3012 570 3077 620; x_wconf 89' lang='lat' dir='ltr'><strong>de</strong></span> <span class='ocrx_word' id='word_1_402' title='bbox 3111 569 3373 621; x_wconf 87' lang='lat' dir='ltr'><strong>Cerintho</strong></span> <span class='ocrx_word' id='word_1_403' title='bbox 3423 571 3701 637; x_wconf 79' lang='lat' dir='ltr'><strong>impuris-</strong></span> 
     </span>
    </p>
   </div>
   <div class='ocr_carea' id='block_1_62' title="bbox 2106 636 3701 715">
    <p class='ocr_par' dir='ltr' id='par_1_62' title="bbox 2106 636 3701 715">
     <span class='ocr_line' id='line_1_62' title="bbox 2106 636 3701 715; baseline 0.004 -27"><span class='ocrx_word' id='word_1_404' title='bbox 2106 638 2244 715; x_wconf 77' lang='lat' dir='ltr'><strong>simo</strong></span> <span class='ocrx_word' id='word_1_405' title='bbox 2292 636 2579 701; x_wconf 90' lang='lat' dir='ltr'><strong>nebulone,</strong></span> <span class='ocrx_word' id='word_1_406' title='bbox 2628 646 2721 690; x_wconf 89' lang='lat' dir='ltr'><strong>aut</strong></span> <span class='ocrx_word' id='word_1_407' title='bbox 2775 638 2882 691; x_wconf 93' lang='lat' dir='ltr'><strong>alio</strong></span> <span class='ocrx_word' id='word_1_408' title='bbox 2940 637 3123 706; x_wconf 81' lang='lat' dir='ltr'><strong>aliquo</strong></span> <span class='ocrx_word' id='word_1_409' title='bbox 3170 639 3387 691; x_wconf 82' lang='lat' dir='ltr'><strong>obscuri</strong></span> <span class='ocrx_word' id='word_1_410' title='bbox 3447 636 3701 695; x_wconf 80' lang='lat' dir='ltr'><strong>nominis</strong></span> 
     </span>
    </p>
   </div>
   <div class='ocr_carea' id='block_1_63' title="bbox 2108 720 2243 757">
    <p class='ocr_par' dir='ltr' id='par_1_63' title="bbox 2108 720 2243 757">
     <span class='ocr_line' id='line_1_63' title="bbox 2108 720 2243 757; baseline 0 0"><span class='ocrx_word' id='word_1_411' title='bbox 2108 720 2243 757; x_wconf 73' lang='grc' dir='ltr'>νιτιι.</span> 
     </span>
    </p>
   </div>
   <div class='ocr_carea' id='block_1_64' title="bbox 2176 772 3695 843">
    <p class='ocr_par' dir='ltr' id='par_1_64' title="bbox 2176 772 3695 843">
     <span class='ocr_line' id='line_1_64' title="bbox 2176 772 3695 843; baseline 0.003 -18"><span class='ocrx_word' id='word_1_412' title='bbox 2176 772 2361 840; x_wconf 82' lang='lat' dir='ltr'><strong>Neque</strong></span> <span class='ocrx_word' id='word_1_413' title='bbox 2388 774 2513 828; x_wconf 93' lang='lat' dir='ltr'><strong>huic</strong></span> <span class='ocrx_word' id='word_1_414' title='bbox 2553 775 2833 829; x_wconf 73' lang='lat' dir='ltr'><strong>eatholicm</strong></span> <span class='ocrx_word' id='word_1_415' title='bbox 2866 775 3153 828; x_wconf 88' lang='lat' dir='ltr'><strong>assertioui</strong></span> <span class='ocrx_word' id='word_1_416' title='bbox 3189 776 3389 830; x_wconf 87' lang='lat' dir='ltr'><strong>desunt</strong></span> <span class='ocrx_word' id='word_1_417' title='bbox 3417 777 3695 843; x_wconf 85' lang='lat' dir='ltr'><strong>antiquis-</strong></span> 
     </span>
    </p>
   </div>
   <div class='ocr_carea' id='block_1_65' title="bbox 2106 843 3693 909">
    <p class='ocr_par' dir='ltr' id='par_1_65' title="bbox 2106 843 3693 909">
     <span class='ocr_line' id='line_1_65' title="bbox 2106 843 3693 909; baseline 0.001 -12"><span class='ocrx_word' id='word_1_418' title='bbox 2106 843 2364 897; x_wconf 89' lang='lat' dir='ltr'><strong>simorum</strong></span> <span class='ocrx_word' id='word_1_419' title='bbox 2399 845 2750 897; x_wconf 90' lang='lat' dir='ltr'><strong>conciliorum</strong></span> <span class='ocrx_word' id='word_1_420' title='bbox 2793 844 3099 897; x_wconf 81' lang='lat' dir='ltr'><strong>ﬁrmissima</strong></span> <span class='ocrx_word' id='word_1_421' title='bbox 3129 848 3343 899; x_wconf 78' lang='lat' dir='ltr'><strong>decreta</strong></span> <span class='ocrx_word' id='word_1_422' title='bbox 3376 856 3431 897; x_wconf 87' lang='lat' dir='ltr'><strong>et</strong></span> <span class='ocrx_word' id='word_1_423' title='bbox 3456 846 3693 909; x_wconf 79' lang='lat' dir='ltr'><strong>judicia,</strong></span> 
     </span>
    </p>
   </div>
   <div class='ocr_carea' id='block_1_66' title="bbox 2106 913 3689 981">
    <p class='ocr_par' dir='ltr' id='par_1_66' title="bbox 2106 913 3689 981">
     <span class='ocr_line' id='line_1_66' title="bbox 2106 913 3689 981; baseline 0.003 -19"><span class='ocrx_word' id='word_1_424' title='bbox 2106 914 2321 979; x_wconf 88' lang='lat' dir='ltr'><strong>quando</strong></span> <span class='ocrx_word' id='word_1_425' title='bbox 2367 916 2736 981; x_wconf 78' lang='lat' dir='ltr'><strong>Ancyranum,</strong></span> <span class='ocrx_word' id='word_1_426' title='bbox 2784 913 2884 965; x_wconf 89' lang='lat' dir='ltr'><strong>sub</strong></span> <span class='ocrx_word' id='word_1_427' title='bbox 2942 914 3274 969; x_wconf 72' lang='lat' dir='ltr'><strong>Diodetiano</strong></span> <span class='ocrx_word' id='word_1_428' title='bbox 3321 915 3689 977; x_wconf 65' lang='lat' dir='ltr'><strong>celebratum,</strong></span> 
     </span>
    </p>
   </div>
   <div class='ocr_carea' id='block_1_67' title="bbox 2107 981 3693 1050">
    <p class='ocr_par' dir='ltr' id='par_1_67' title="bbox 2107 981 3693 1050">
     <span class='ocr_line' id='line_1_67' title="bbox 2107 981 3693 1050; baseline 0.003 -18"><span class='ocrx_word' id='word_1_429' title='bbox 2107 982 2458 1050; x_wconf 82' lang='lat' dir='ltr'><strong>Apocalypsis</strong></span> <span class='ocrx_word' id='word_1_430' title='bbox 2486 982 2643 1036; x_wconf 87' lang='lat' dir='ltr'><strong>Joan.</strong></span> <span class='ocrx_word' id='word_1_431' title='bbox 2674 981 2903 1050; x_wconf 76' lang='lat' dir='ltr'><strong>apostoli</strong></span> <span class='ocrx_word' id='word_1_432' title='bbox 2936 984 3220 1035; x_wconf 76' lang='lat' dir='ltr'><strong>sententiis</strong></span> <span class='ocrx_word' id='word_1_433' title='bbox 3266 984 3439 1035; x_wconf 88' lang='lat' dir='ltr'><strong>utitur</strong></span> <span class='ocrx_word' id='word_1_434' title='bbox 3470 985 3539 1034; x_wconf 86' lang='lat' dir='ltr'><strong>ad</strong></span> <span class='ocrx_word' id='word_1_435' title='bbox 3587 986 3693 1036; x_wconf 81' lang='lat' dir='ltr'><strong>do-</strong></span> 
     </span>
    </p>
   </div>
   <div class='ocr_carea' id='block_1_68' title="bbox 2107 1051 3695 1118">
    <p class='ocr_par' dir='ltr' id='par_1_68' title="bbox 2107 1051 3695 1118">
     <span class='ocr_line' id='line_1_68' title="bbox 2107 1051 3695 1118; baseline 0.004 -19"><span class='ocrx_word' id='word_1_436' title='bbox 2107 1062 2285 1117; x_wconf 83' lang='lat' dir='ltr'><strong>gmata</strong></span> <span class='ocrx_word' id='word_1_437' title='bbox 2313 1067 2407 1104; x_wconf 83' lang='lat' dir='ltr'><strong>sua</strong></span> <span class='ocrx_word' id='word_1_438' title='bbox 2440 1051 2840 1118; x_wconf 87' lang='lat' dir='ltr'><strong>comprobanda</strong></span> <span class='ocrx_word' id='word_1_439' title='bbox 2863 1051 2931 1104; x_wconf 82' lang='grc'><strong>⁷³.</strong></span> <span class='ocrx_word' id='word_1_440' title='bbox 2961 1051 3260 1104; x_wconf 85' lang='lat' dir='ltr'><strong>Concilium</strong></span> <span class='ocrx_word' id='word_1_441' title='bbox 3296 1056 3524 1106; x_wconf 86' lang='lat' dir='ltr'><strong>tertium</strong></span> <span class='ocrx_word' id='word_1_442' title='bbox 3553 1052 3695 1105; x_wconf 80' lang='lat' dir='ltr'><strong>Car-</strong></span> 
     </span>
    </p>
   </div>
   <div class='ocr_carea' id='block_1_69' title="bbox 2110 1120 3688 1189">
    <p class='ocr_par' dir='ltr' id='par_1_69' title="bbox 2110 1120 3688 1189">
     <span class='ocr_line' id='line_1_69' title="bbox 2110 1120 3688 1189; baseline -0.001 -17"><span class='ocrx_word' id='word_1_443' title='bbox 2110 1121 2448 1185; x_wconf 69' lang='lat' dir='ltr'><strong>thaginiense,</strong></span> <span class='ocrx_word' id='word_1_444' title='bbox 2498 1123 2780 1188; x_wconf 88' lang='lat' dir='ltr'><strong>probatum</strong></span> <span class='ocrx_word' id='word_1_445' title='bbox 2833 1134 2863 1172; x_wconf 92' lang='lat' dir='ltr'><strong>a</strong></span> <span class='ocrx_word' id='word_1_446' title='bbox 2919 1130 3075 1189; x_wconf 76' lang='lat' dir='ltr'><strong>sexta</strong></span> <span class='ocrx_word' id='word_1_447' title='bbox 3119 1126 3341 1189; x_wconf 84' lang='lat' dir='ltr'><strong>synodo,</strong></span> <span class='ocrx_word' id='word_1_448' title='bbox 3375 1120 3688 1182; x_wconf 75' lang='lat' dir='ltr'><strong>eanone&#39;l;</strong></span> 
     </span>
    </p>
   </div>
   <div class='ocr_carea' id='block_1_70' title="bbox 2108 1188 3687 1255">
    <p class='ocr_par' dir='ltr' id='par_1_70' title="bbox 2108 1188 3687 1255">
     <span class='ocr_line' id='line_1_70' title="bbox 2108 1188 3687 1255; baseline -0.003 -12"><span class='ocrx_word' id='word_1_449' title='bbox 2108 1190 2397 1243; x_wconf 77' lang='lat' dir='ltr'><strong>cenciliutu</strong></span> <span class='ocrx_word' id='word_1_450' title='bbox 2460 1191 2761 1244; x_wconf 84' lang='lat' dir='ltr'><strong>Romanum</strong></span> <span class='ocrx_word' id='word_1_451' title='bbox 2817 1189 2915 1243; x_wconf 82' lang='lat' dir='ltr'><strong>Sub</strong></span> <span class='ocrx_word' id='word_1_452' title='bbox 2946 1188 3193 1255; x_wconf 82' lang='lat' dir='ltr'><strong>Gelasio;</strong></span> <span class='ocrx_word' id='word_1_453' title='bbox 3228 1189 3556 1242; x_wconf 86' lang='lat' dir='ltr'><strong>Toletannm</strong></span> <span class='ocrx_word' id='word_1_454' title='bbox 3610 1205 3687 1251; x_wconf 77' lang='lat' dir='ltr'><strong>iv,</strong></span> 
     </span>
    </p>
   </div>
   <div class='ocr_carea' id='block_1_71' title="bbox 2107 1258 3687 1326">
    <p class='ocr_par' dir='ltr' id='par_1_71' title="bbox 2107 1258 3687 1326">
     <span class='ocr_line' id='line_1_71' title="bbox 2107 1258 3687 1326; baseline 0.001 -16"><span class='ocrx_word' id='word_1_455' title='bbox 2107 1274 2229 1310; x_wconf 87' lang='lat' dir='ltr'><strong>can.</strong></span> <span class='ocrx_word' id='word_1_456' title='bbox 2264 1260 2368 1320; x_wconf 70' lang='lat'><strong>16;</strong></span> <span class='ocrx_word' id='word_1_457' title='bbox 2429 1259 2661 1326; x_wconf 91' lang='lat' dir='ltr'><strong>denique</strong></span> <span class='ocrx_word' id='word_1_458' title='bbox 2711 1258 3107 1322; x_wconf 85' lang='lat' dir='ltr'><strong>Florentinum,</strong></span> <span class='ocrx_word' id='word_1_459' title='bbox 3166 1269 3218 1311; x_wconf 90' lang='lat' dir='ltr'><strong>et</strong></span> <span class='ocrx_word' id='word_1_460' title='bbox 3276 1260 3687 1321; x_wconf 81' lang='lat' dir='ltr'><strong>Tridentinum,</strong></span> 
     </span>
    </p>
   </div>
   <div class='ocr_carea' id='block_1_72' title="bbox 2106 1326 3691 1397">
    <p class='ocr_par' dir='ltr' id='par_1_72' title="bbox 2106 1326 3691 1397">
     <span class='ocr_line' id='line_1_72' title="bbox 2106 1326 3691 1397; baseline 0.001 -17"><span class='ocrx_word' id='word_1_461' title='bbox 2106 1326 2332 1380; x_wconf 84' lang='lat' dir='ltr'><strong>Joannis</strong></span> <span class='ocrx_word' id='word_1_462' title='bbox 2372 1329 2751 1397; x_wconf 79' lang='lat' dir='ltr'><strong>Apocalypsim</strong></span> <span class='ocrx_word' id='word_1_463' title='bbox 2789 1337 2846 1380; x_wconf 90' lang='lat' dir='ltr'><strong>ut</strong></span> <span class='ocrx_word' id='word_1_464' title='bbox 2882 1329 3072 1380; x_wconf 68' lang='lat' dir='ltr'><strong>divinae</strong></span> <span class='ocrx_word' id='word_1_465' title='bbox 3101 1337 3155 1381; x_wconf 91' lang='lat' dir='ltr'><strong>et</strong></span> <span class='ocrx_word' id='word_1_466' title='bbox 3184 1329 3469 1381; x_wconf 67' lang='lat' dir='ltr'><strong>canonica:</strong></span> <span class='ocrx_word' id='word_1_467' title='bbox 3496 1339 3691 1381; x_wconf 56' lang='lat' dir='ltr'><strong>aucto-</strong></span> 
     </span>
    </p>
   </div>
   <div class='ocr_carea' id='block_1_73' title="bbox 2110 1396 3692 1468">
    <p class='ocr_par' dir='ltr' id='par_1_73' title="bbox 2110 1396 3692 1468">
     <span class='ocr_line' id='line_1_73' title="bbox 2110 1396 3692 1468; baseline 0.002 -20"><span class='ocrx_word' id='word_1_468' title='bbox 2110 1396 2288 1450; x_wconf 88' lang='lat' dir='ltr'><strong>ritatis</strong></span> <span class='ocrx_word' id='word_1_469' title='bbox 2311 1397 2513 1467; x_wconf 82' lang='lat' dir='ltr'><strong>l:brnin</strong></span> <span class='ocrx_word' id='word_1_470' title='bbox 2534 1396 2833 1468; x_wconf 80' lang='lat' dir='ltr'><strong>proferunt,</strong></span> <span class='ocrx_word' id='word_1_471' title='bbox 2865 1398 3373 1468; x_wconf 78' lang='lat' dir='ltr'><strong>etcoutradicentcs</strong></span> <span class='ocrx_word' id='word_1_472' title='bbox 3397 1398 3692 1468; x_wconf 61' lang='lat' dir='ltr'><strong>haereticos</strong></span> 
     </span>
    </p>
   </div>
   <div class='ocr_carea' id='block_1_74' title="bbox 2108 1466 3688 1531">
    <p class='ocr_par' dir='ltr' id='par_1_74' title="bbox 2108 1466 3688 1531">
     <span class='ocr_line' id='line_1_74' title="bbox 2108 1466 3688 1531; baseline 0.001 -14"><span class='ocrx_word' id='word_1_473' title='bbox 2108 1468 2545 1521; x_wconf 88' lang='lat' dir='ltr'><strong>anathematibus</strong></span> <span class='ocrx_word' id='word_1_474' title='bbox 2584 1466 2802 1521; x_wconf 79' lang='lat' dir='ltr'><strong>feriunt.</strong></span> <span class='ocrx_word' id='word_1_475' title='bbox 2847 1466 3298 1519; x_wconf 83' lang='lat' dir='ltr'><strong>Adversariorum</strong></span> <span class='ocrx_word' id='word_1_476' title='bbox 3339 1467 3688 1531; x_wconf 86' lang='lat' dir='ltr'><strong>objectiones</strong></span> 
     </span>
    </p>
   </div>
   <div class='ocr_carea' id='block_1_75' title="bbox 2109 1534 3691 1603">
    <p class='ocr_par' dir='ltr' id='par_1_75' title="bbox 2109 1534 3691 1603">
     <span class='ocr_line' id='line_1_75' title="bbox 2109 1534 3691 1603; baseline 0.003 -18"><span class='ocrx_word' id='word_1_477' title='bbox 2109 1534 2371 1589; x_wconf 84' lang='lat' dir='ltr'><strong>adversus</strong></span> <span class='ocrx_word' id='word_1_478' title='bbox 2402 1538 2542 1589; x_wconf 87' lang='lat' dir='ltr'><strong>hanc</strong></span> <span class='ocrx_word' id='word_1_479' title='bbox 2566 1537 2886 1589; x_wconf 87' lang='lat' dir='ltr'><strong>sententiam</strong></span> <span class='ocrx_word' id='word_1_480' title='bbox 2921 1536 3149 1601; x_wconf 87' lang='lat' dir='ltr'><strong>primus,</strong></span> <span class='ocrx_word' id='word_1_481' title='bbox 3178 1537 3316 1603; x_wconf 91' lang='lat' dir='ltr'><strong>quod</strong></span> <span class='ocrx_word' id='word_1_482' title='bbox 3344 1537 3545 1596; x_wconf 87' lang='lat' dir='ltr'><strong>sciam,</strong></span> <span class='ocrx_word' id='word_1_483' title='bbox 3579 1538 3691 1589; x_wconf 85' lang='lat' dir='ltr'><strong>dis-</strong></span> 
     </span>
    </p>
   </div>
   <div class='ocr_carea' id='block_1_76' title="bbox 2109 1604 3690 1659">
    <p class='ocr_par' dir='ltr' id='par_1_76' title="bbox 2109 1604 3690 1659">
     <span class='ocr_line' id='line_1_76' title="bbox 2109 1604 3690 1659; baseline 0.001 -3"><span class='ocrx_word' id='word_1_484' title='bbox 2109 1604 2267 1656; x_wconf 87' lang='lat' dir='ltr'><strong>solvit</strong></span> <span class='ocrx_word' id='word_1_485' title='bbox 2304 1616 2487 1659; x_wconf 81' lang='lat' dir='ltr'><strong>noster</strong></span> <span class='ocrx_word' id='word_1_486' title='bbox 2518 1605 2714 1658; x_wconf 82' lang='lat' dir='ltr'><strong>Franc.</strong></span> <span class='ocrx_word' id='word_1_487' title='bbox 2747 1604 3118 1657; x_wconf 86' lang='lat' dir='ltr'><strong>Titelmannus</strong></span> <span class='ocrx_word' id='word_1_488' title='bbox 3152 1605 3393 1657; x_wconf 78' lang='lat' dir='ltr'><strong>secundo</strong></span> <span class='ocrx_word' id='word_1_489' title='bbox 3437 1604 3583 1656; x_wconf 83' lang='lat' dir='ltr'><strong>libro</strong></span> <span class='ocrx_word' id='word_1_490' title='bbox 3616 1604 3690 1658; x_wconf 68' lang='lat' dir='ltr'><strong>De</strong></span> 
     </span>
    </p>
   </div>
   <div class='ocr_carea' id='block_1_77' title="bbox 2109 1672 3685 1743">
    <p class='ocr_par' dir='ltr' id='par_1_77' title="bbox 2109 1672 3685 1743">
     <span class='ocr_line' id='line_1_77' title="bbox 2109 1672 3685 1743; baseline 0 -20"><span class='ocrx_word' id='word_1_491' title='bbox 2109 1676 2426 1743; x_wconf 70' lang='lat' dir='ltr'><strong>auctoritate</strong></span> <span class='ocrx_word' id='word_1_492' title='bbox 2472 1674 2816 1743; x_wconf 79' lang='lat' dir='ltr'><strong>Apocalypsis</strong></span> <span class='ocrx_word' id='word_1_493' title='bbox 2866 1676 2931 1725; x_wconf 89' lang='lat' dir='ltr'><strong>ad</strong></span> <span class='ocrx_word' id='word_1_494' title='bbox 2967 1674 3300 1743; x_wconf 82' lang='lat' dir='ltr'><strong>Desiderium</strong></span> <span class='ocrx_word' id='word_1_495' title='bbox 3356 1672 3685 1743; x_wconf 79' lang='lat' dir='ltr'><strong>Erasmum;</strong></span> 
     </span>
    </p>
   </div>
   <div class='ocr_carea' id='block_1_78' title="bbox 2110 1741 3689 1812">
    <p class='ocr_par' dir='ltr' id='par_1_78' title="bbox 2110 1741 3689 1812">
     <span class='ocr_line' id='line_1_78' title="bbox 2110 1741 3689 1812; baseline 0.001 -20"><span class='ocrx_word' id='word_1_496' title='bbox 2110 1742 2307 1812; x_wconf 86' lang='lat' dir='ltr'><strong>deinde</strong></span> <span class='ocrx_word' id='word_1_497' title='bbox 2347 1741 2531 1797; x_wconf 59' lang='lat' dir='ltr'><strong>noster</strong></span> <span class='ocrx_word' id='word_1_498' title='bbox 2562 1741 2777 1812; x_wconf 77' lang='lat' dir='ltr'><strong>quoque</strong></span> <span class='ocrx_word' id='word_1_499' title='bbox 2810 1743 3032 1795; x_wconf 83' lang='lat' dir='ltr'><strong>Michael</strong></span> <span class='ocrx_word' id='word_1_500' title='bbox 3060 1741 3272 1796; x_wconf 80' lang='lat' dir='ltr'><strong>Medina</strong></span> <span class='ocrx_word' id='word_1_501' title='bbox 3302 1743 3398 1795; x_wconf 91' lang='lat' dir='ltr'><strong>lib.</strong></span> <span class='ocrx_word' id='word_1_502' title='bbox 3443 1742 3524 1794; x_wconf 85' lang='lat' dir='ltr'><strong>De</strong></span> <span class='ocrx_word' id='word_1_503' title='bbox 3548 1752 3689 1794; x_wconf 68' lang='lat' dir='ltr'><strong>recte</strong></span> 
     </span>
    </p>
   </div>
   <div class='ocr_carea' id='block_1_79' title="bbox 2113 1811 3690 1879">
    <p class='ocr_par' dir='ltr' id='par_1_79' title="bbox 2113 1811 3690 1879">
     <span class='ocr_line' id='line_1_79' title="bbox 2113 1811 3690 1879; baseline 0.004 -20"><span class='ocrx_word' id='word_1_504' title='bbox 2113 1811 2164 1860; x_wconf 85' lang='lat' dir='ltr'><strong>in</strong></span> <span class='ocrx_word' id='word_1_505' title='bbox 2198 1811 2357 1864; x_wconf 79' lang='lat' dir='ltr'><strong>Deum</strong></span> <span class='ocrx_word' id='word_1_506' title='bbox 2393 1813 2525 1879; x_wconf 82' lang='lat' dir='ltr'><strong>ﬁde;</strong></span> <span class='ocrx_word' id='word_1_507' title='bbox 2557 1811 2737 1875; x_wconf 86' lang='lat' dir='ltr'><strong>tertio,</strong></span> <span class='ocrx_word' id='word_1_508' title='bbox 2771 1812 2954 1866; x_wconf 77' lang='lat' dir='ltr'><strong>Xistus</strong></span> <span class='ocrx_word' id='word_1_509' title='bbox 3000 1812 3256 1865; x_wconf 87' lang='lat' dir='ltr'><strong>Senensis</strong></span> <span class='ocrx_word' id='word_1_510' title='bbox 3292 1812 3690 1865; x_wconf 73' lang='lat' dir='ltr'><strong>Dominiranus</strong></span> 
     </span>
    </p>
   </div>
   <div class='ocr_carea' id='block_1_80' title="bbox 2113 1879 3687 1952">
    <p class='ocr_par' dir='ltr' id='par_1_80' title="bbox 2113 1879 3687 1952">
     <span class='ocr_line' id='line_1_80' title="bbox 2113 1879 3687 1952; baseline 0.003 -23"><span class='ocrx_word' id='word_1_511' title='bbox 2113 1880 2207 1952; x_wconf 85' lang='lat' dir='ltr'><strong>lib.</strong></span> <span class='ocrx_word' id='word_1_512' title='bbox 2253 1883 2439 1934; x_wconf 89' lang='lat' dir='ltr'><strong>ultimo</strong></span> <span class='ocrx_word' id='word_1_513' title='bbox 2497 1882 2867 1952; x_wconf 66' lang='lat' dir='ltr'><strong>Bibliotftecw;</strong></span> <span class='ocrx_word' id='word_1_514' title='bbox 2894 1881 3128 1952; x_wconf 88' lang='lat' dir='ltr'><strong>denique</strong></span> <span class='ocrx_word' id='word_1_515' title='bbox 3162 1880 3435 1952; x_wconf 81' lang='lat' dir='ltr'><strong>Robertus</strong></span> <span class='ocrx_word' id='word_1_516' title='bbox 3466 1879 3687 1952; x_wconf 75' lang='lat' dir='ltr'><strong>Bellar-</strong></span> 
     </span>
    </p>
   </div>
   <div class='ocr_carea' id='block_1_81' title="bbox 2114 1949 3685 2020">
    <p class='ocr_par' dir='ltr' id='par_1_81' title="bbox 2114 1949 3685 2020">
     <span class='ocr_line' id='line_1_81' title="bbox 2114 1949 3685 2020; baseline 0.005 -23"><span class='ocrx_word' id='word_1_517' title='bbox 2114 1949 2289 2020; x_wconf 84' lang='lat' dir='ltr'><strong>minus</strong></span> <span class='ocrx_word' id='word_1_518' title='bbox 2326 1965 2355 2003; x_wconf 88' lang='lat' dir='ltr'><strong>e</strong></span> <span class='ocrx_word' id='word_1_519' title='bbox 2383 1953 2643 2004; x_wconf 79' lang='lat' dir='ltr'><strong>societate</strong></span> <span class='ocrx_word' id='word_1_520' title='bbox 2676 1949 2803 2005; x_wconf 89' lang='lat' dir='ltr'><strong>Jesu</strong></span> <span class='ocrx_word' id='word_1_521' title='bbox 2844 1949 3124 2020; x_wconf 67' lang='lat' dir='ltr'><strong>theologus</strong></span> <span class='ocrx_word' id='word_1_522' title='bbox 3173 1951 3549 2012; x_wconf 81' lang='lat' dir='ltr'><strong>acutissimus,</strong></span> <span class='ocrx_word' id='word_1_523' title='bbox 3590 1950 3685 2005; x_wconf 75' lang='grc' dir='ltr'>ιώ.</span> 
     </span>
    </p>
   </div>
   <div class='ocr_carea' id='block_1_82' title="bbox 2114 2016 2670 2077">
    <p class='ocr_par' dir='ltr' id='par_1_82' title="bbox 2114 2016 2670 2077">
     <span class='ocr_line' id='line_1_82' title="bbox 2114 2016 2670 2077; baseline 0.005 -9"><span class='ocrx_word' id='word_1_524' title='bbox 2114 2032 2128 2068; x_wconf 91' lang='lat' dir='ltr'><strong>I</strong></span> <span class='ocrx_word' id='word_1_525' title='bbox 2158 2016 2670 2077; x_wconf 74' lang='lat' dir='ltr'><strong>Controuersiarum.</strong></span> 
     </span>
    </p>
   </div>
   <div class='ocr_carea' id='block_1_83' title="bbox 2181 2083 3682 2162">
    <p class='ocr_par' dir='ltr' id='par_1_83' title="bbox 2181 2083 3682 2162">
     <span class='ocr_line' id='line_1_83' title="bbox 2181 2083 3682 2162; baseline 0.008 -27"><span class='ocrx_word' id='word_1_526' title='bbox 2181 2083 2249 2138; x_wconf 87' lang='lat' dir='ltr'><strong>Et</strong></span> <span class='ocrx_word' id='word_1_527' title='bbox 2284 2092 2524 2162; x_wconf 76' lang='lat' dir='ltr'><strong>ascendet</strong></span> <span class='ocrx_word' id='word_1_528' title='bbox 2568 2089 2633 2140; x_wconf 85' lang='lat' dir='ltr'><strong>ab</strong></span> <span class='ocrx_word' id='word_1_529' title='bbox 2670 2090 2877 2159; x_wconf 77' lang='lat' dir='ltr'><strong>abysso.</strong></span> <span class='ocrx_word' id='word_1_530' title='bbox 2912 2089 2988 2144; x_wconf 83' lang='lat' dir='ltr'><strong>ita</strong></span> <span class='ocrx_word' id='word_1_531' title='bbox 3018 2099 3177 2143; x_wconf 86' lang='lat' dir='ltr'><strong>vetus</strong></span> <span class='ocrx_word' id='word_1_532' title='bbox 3207 2088 3402 2144; x_wconf 77' lang='lat' dir='ltr'><strong>codex.</strong></span> <span class='ocrx_word' id='word_1_533' title='bbox 3450 2092 3682 2162; x_wconf 73' lang='lat' dir='ltr'><strong>Vulgata</strong></span> 
     </span>
    </p>
   </div>
   <div class='ocr_carea' id='block_1_84' title="bbox 2112 2158 3689 2232">
    <p class='ocr_par' dir='ltr' id='par_1_84' title="bbox 2112 2158 3689 2232">
     <span class='ocr_line' id='line_1_84' title="bbox 2112 2158 3689 2232; baseline 0.008 -27"><span class='ocrx_word' id='word_1_534' title='bbox 2112 2168 2325 2222; x_wconf 85' lang='lat' dir='ltr'><strong>quoque</strong></span> <span class='ocrx_word' id='word_1_535' title='bbox 2346 2158 2532 2224; x_wconf 88' lang='lat' dir='ltr'><strong>editio,</strong></span> <span class='ocrx_word' id='word_1_536' title='bbox 2553 2175 2571 2207; x_wconf 80' lang='grc' dir='ltr'><strong>ι</strong></span> <span class='ocrx_word' id='word_1_537' title='bbox 2596 2158 2887 2232; x_wconf 74' lang='lat' dir='ltr'><strong>ascensura</strong></span> <span class='ocrx_word' id='word_1_538' title='bbox 2918 2170 3004 2213; x_wconf 84' lang='lat' dir='ltr'><strong>est</strong></span> <span class='ocrx_word' id='word_1_539' title='bbox 3024 2163 3089 2213; x_wconf 91' lang='lat' dir='ltr'><strong>de</strong></span> <span class='ocrx_word' id='word_1_540' title='bbox 3117 2162 3330 2230; x_wconf 82' lang='lat' dir='ltr'><strong>abysso.</strong></span> <span class='ocrx_word' id='word_1_541' title='bbox 3364 2178 3385 2211; x_wconf 76' lang='grc' dir='ltr'><strong>ι</strong></span> <span class='ocrx_word' id='word_1_542' title='bbox 3410 2158 3689 2232; x_wconf 72' lang='lat' dir='ltr'><strong>Expunxi-</strong></span> 
     </span>
    </p>
   </div>
   <div class='ocr_carea' id='block_1_85' title="bbox 2113 2227 3049 2297">
    <p class='ocr_par' dir='ltr' id='par_1_85' title="bbox 2113 2227 3049 2297">
     <span class='ocr_line' id='line_1_85' title="bbox 2113 2227 3049 2297; baseline 0.003 -21"><span class='ocrx_word' id='word_1_543' title='bbox 2113 2240 2231 2297; x_wconf 68' lang='lat' dir='ltr'><strong>mus</strong></span> <span class='ocrx_word' id='word_1_544' title='bbox 2266 2240 2427 2293; x_wconf 78' lang='lat' dir='ltr'><strong>ergo,</strong></span> <span class='ocrx_word' id='word_1_545' title='bbox 2461 2244 2479 2276; x_wconf 78' lang='grc' dir='ltr'><strong>ι</strong></span> <span class='ocrx_word' id='word_1_546' title='bbox 2512 2227 2755 2281; x_wconf 87' lang='lat' dir='ltr'><strong>ascendit</strong></span> <span class='ocrx_word' id='word_1_547' title='bbox 2784 2230 2997 2297; x_wconf 80' lang='lat' dir='ltr'><strong>abysso.</strong></span> <span class='ocrx_word' id='word_1_548' title='bbox 3030 2247 3049 2279; x_wconf 78' lang='grc' dir='ltr'><strong>ι</strong></span> 
     </span>
    </p>
   </div>
   <div class='ocr_carea' id='block_1_86' title="bbox 2182 2293 3687 2355">
    <p class='ocr_par' dir='ltr' id='par_1_86' title="bbox 2182 2293 3687 2355">
     <span class='ocr_line' id='line_1_86' title="bbox 2182 2293 3687 2355; baseline 0.008 -12"><span class='ocrx_word' id='word_1_549' title='bbox 2182 2293 2345 2346; x_wconf 77' lang='lat' dir='ltr'><strong>Annis</strong></span> <span class='ocrx_word' id='word_1_550' title='bbox 2375 2298 2537 2348; x_wconf 84' lang='lat' dir='ltr'><strong>tribus</strong></span> <span class='ocrx_word' id='word_1_551' title='bbox 2559 2304 2606 2348; x_wconf 85' lang='lat' dir='ltr'><strong>et</strong></span> <span class='ocrx_word' id='word_1_552' title='bbox 2629 2293 2884 2350; x_wconf 75' lang='lat' dir='ltr'><strong>mensibus</strong></span> <span class='ocrx_word' id='word_1_553' title='bbox 2910 2313 3022 2350; x_wconf 75' lang='lat' dir='ltr'><strong>sex.</strong></span> <span class='ocrx_word' id='word_1_554' title='bbox 3051 2300 3185 2352; x_wconf 86' lang='lat' dir='ltr'><strong>Cum</strong></span> <span class='ocrx_word' id='word_1_555' title='bbox 3218 2299 3422 2355; x_wconf 60' lang='lat' dir='ltr'><strong>lreneo</strong></span> <span class='ocrx_word' id='word_1_556' title='bbox 3441 2302 3687 2355; x_wconf 86' lang='lat' dir='ltr'><strong>sentiunt</strong></span> 
     </span>
    </p>
   </div>
   <div class='ocr_carea' id='block_1_87' title="bbox 2114 2361 3689 2440">
    <p class='ocr_par' dir='ltr' id='par_1_87' title="bbox 2114 2361 3689 2440">
     <span class='ocr_line' id='line_1_87' title="bbox 2114 2361 3689 2440; baseline 0.006 -25"><span class='ocrx_word' id='word_1_557' title='bbox 2114 2361 2459 2440; x_wconf 66' lang='lat' dir='ltr'><strong>Hippolytus,</strong></span> <span class='ocrx_word' id='word_1_558' title='bbox 2477 2365 2752 2440; x_wconf 40' lang='lat' dir='ltr'><strong>“Ephrem,</strong></span> <span class='ocrx_word' id='word_1_559' title='bbox 2788 2364 3168 2440; x_wconf 81' lang='lat' dir='ltr'><strong>Hieronymus,</strong></span> <span class='ocrx_word' id='word_1_560' title='bbox 3196 2370 3689 2440; x_wconf 39' lang='lat' dir='ltr'><strong>AngustinusLCy-</strong></span> 
     </span>
    </p>
   </div>
   <div class='ocr_carea' id='block_1_88' title="bbox 2113 2430 3690 2501">
    <p class='ocr_par' dir='ltr' id='par_1_88' title="bbox 2113 2430 3690 2501">
     <span class='ocr_line' id='line_1_88' title="bbox 2113 2430 3690 2501; baseline 0.006 -17"><span class='ocrx_word' id='word_1_561' title='bbox 2113 2432 2219 2485; x_wconf 92' lang='lat' dir='ltr'><strong>rill.</strong></span> <span class='ocrx_word' id='word_1_562' title='bbox 2245 2430 2442 2496; x_wconf 71' lang='lat' dir='ltr'><strong>Jci&#39;os.,</strong></span> <span class='ocrx_word' id='word_1_563' title='bbox 2476 2430 2881 2499; x_wconf 77' lang='lat' dir='ltr'><strong>Theodoretus,</strong></span> <span class='ocrx_word' id='word_1_564' title='bbox 2922 2430 3145 2501; x_wconf 72' lang='lat' dir='ltr'><strong>Arelas,</strong></span> <span class='ocrx_word' id='word_1_565' title='bbox 3188 2430 3514 2500; x_wconf 68' lang='lat' dir='ltr'><strong>Attslzerttts,</strong></span> <span class='ocrx_word' id='word_1_566' title='bbox 3546 2430 3690 2492; x_wconf 28' lang='lat' dir='ltr'><strong>‘Pri-</strong></span> 
     </span>
    </p>
   </div>
   <div class='ocr_carea' id='block_1_89' title="bbox 2113 2502 3687 2573">
    <p class='ocr_par' dir='ltr' id='par_1_89' title="bbox 2113 2502 3687 2573">
     <span class='ocr_line' id='line_1_89' title="bbox 2113 2502 3687 2573; baseline 0.008 -22"><span class='ocrx_word' id='word_1_567' title='bbox 2113 2502 2337 2573; x_wconf 80' lang='lat' dir='ltr'><strong>niasius,</strong></span> <span class='ocrx_word' id='word_1_568' title='bbox 2402 2503 2688 2571; x_wconf 79' lang='lat' dir='ltr'><strong>Rupertus.</strong></span> <span class='ocrx_word' id='word_1_569' title='bbox 2744 2503 2971 2571; x_wconf 90' lang='lat' dir='ltr'><strong>Oportet</strong></span> <span class='ocrx_word' id='word_1_570' title='bbox 3023 2505 3187 2573; x_wconf 85' lang='lat' dir='ltr'><strong>igitur</strong></span> <span class='ocrx_word' id='word_1_571' title='bbox 3237 2505 3541 2561; x_wconf 82' lang='lat' dir='ltr'><strong>Gatlasiuin</strong></span> <span class='ocrx_word' id='word_1_572' title='bbox 3590 2524 3687 2563; x_wconf 71' lang='lat' dir='ltr'><strong>ex-</strong></span> 
     </span>
    </p>
   </div>
   <div class='ocr_carea' id='block_1_90' title="bbox 2113 2571 3685 2641">
    <p class='ocr_par' dir='ltr' id='par_1_90' title="bbox 2113 2571 3685 2641">
     <span class='ocr_line' id='line_1_90' title="bbox 2113 2571 3685 2641; baseline 0.004 -16"><span class='ocrx_word' id='word_1_573' title='bbox 2113 2571 2308 2641; x_wconf 84' lang='lat' dir='ltr'><strong>hausto</strong></span> <span class='ocrx_word' id='word_1_574' title='bbox 2339 2573 2558 2635; x_wconf 89' lang='lat' dir='ltr'><strong>rubore,</strong></span> <span class='ocrx_word' id='word_1_575' title='bbox 2589 2574 2696 2625; x_wconf 92' lang='lat' dir='ltr'><strong>imo</strong></span> <span class='ocrx_word' id='word_1_576' title='bbox 2731 2584 2786 2627; x_wconf 91' lang='lat' dir='ltr'><strong>et</strong></span> <span class='ocrx_word' id='word_1_577' title='bbox 2832 2571 3155 2628; x_wconf 80' lang='lat' dir='ltr'><strong>sceleratum</strong></span> <span class='ocrx_word' id='word_1_578' title='bbox 3207 2578 3484 2629; x_wconf 89' lang='lat' dir='ltr'><strong>hominem</strong></span> <span class='ocrx_word' id='word_1_579' title='bbox 3544 2593 3685 2641; x_wconf 84' lang='lat' dir='ltr'><strong>esse,</strong></span> 
     </span>
    </p>
   </div>
   <div class='ocr_carea' id='block_1_91' title="bbox 2110 2639 3687 2715">
    <p class='ocr_par' dir='ltr' id='par_1_91' title="bbox 2110 2639 3687 2715">
     <span class='ocr_line' id='line_1_91' title="bbox 2110 2639 3687 2715; baseline 0.008 -26"><span class='ocrx_word' id='word_1_580' title='bbox 2110 2639 2200 2707; x_wconf 90' lang='lat' dir='ltr'><strong>qui</strong></span> <span class='ocrx_word' id='word_1_581' title='bbox 2234 2639 2317 2693; x_wconf 89' lang='lat' dir='ltr'><strong>hic</strong></span> <span class='ocrx_word' id='word_1_582' title='bbox 2353 2650 2461 2693; x_wconf 87' lang='lat' dir='ltr'><strong>tam</strong></span> <span class='ocrx_word' id='word_1_583' title='bbox 2493 2642 2691 2715; x_wconf 81' lang='lat' dir='ltr'><strong>apertis</strong></span> <span class='ocrx_word' id='word_1_584' title='bbox 2722 2643 2900 2715; x_wconf 82' lang='lat' dir='ltr'><strong>verbis</strong></span> <span class='ocrx_word' id='word_1_585' title='bbox 2923 2643 3157 2697; x_wconf 87' lang='lat' dir='ltr'><strong>Danielis</strong></span> <span class='ocrx_word' id='word_1_586' title='bbox 3175 2655 3229 2699; x_wconf 88' lang='lat' dir='ltr'><strong>et</strong></span> <span class='ocrx_word' id='word_1_587' title='bbox 3254 2639 3687 2715; x_wconf 65' lang='lat' dir='ltr'><strong>Apocalypseos,</strong></span> 
     </span>
    </p>
   </div>
   <div class='ocr_carea' id='block_1_92' title="bbox 2110 2711 3683 2791">
    <p class='ocr_par' dir='ltr' id='par_1_92' title="bbox 2110 2711 3683 2791">
     <span class='ocr_line' id='line_1_92' title="bbox 2110 2711 3683 2791; baseline 0.006 -30"><span class='ocrx_word' id='word_1_588' title='bbox 2110 2718 2273 2775; x_wconf 89' lang='lat' dir='ltr'><strong>atque</strong></span> <span class='ocrx_word' id='word_1_589' title='bbox 2302 2718 2573 2791; x_wconf 79' lang='lat' dir='ltr'><strong>tantorum</strong></span> <span class='ocrx_word' id='word_1_590' title='bbox 2605 2711 2846 2765; x_wconf 87' lang='lat' dir='ltr'><strong>virorum</strong></span> <span class='ocrx_word' id='word_1_591' title='bbox 2890 2711 3326 2780; x_wconf 83' lang='lat' dir='ltr'><strong>interpretationi</strong></span> <span class='ocrx_word' id='word_1_592' title='bbox 3352 2711 3479 2769; x_wconf 74' lang='lat' dir='ltr'><strong>sese</strong></span> <span class='ocrx_word' id='word_1_593' title='bbox 3501 2711 3683 2787; x_wconf 75' lang='grc' dir='ltr'><strong>ὀρρο-</strong></span> 
     </span>
    </p>
   </div>
   <div class='ocr_carea' id='block_1_93' title="bbox 2110 2790 2552 2833">
    <p class='ocr_par' dir='ltr' id='par_1_93' title="bbox 2110 2790 2552 2833">
     <span class='ocr_line' id='line_1_93' title="bbox 2110 2790 2552 2833; baseline 0.007 -3"><span class='ocrx_word' id='word_1_594' title='bbox 2110 2792 2241 2831; x_wconf 86' lang='lat' dir='ltr'><strong>nere</strong></span> <span class='ocrx_word' id='word_1_595' title='bbox 2268 2794 2431 2833; x_wconf 88' lang='lat' dir='ltr'><strong>ausus</strong></span> <span class='ocrx_word' id='word_1_596' title='bbox 2460 2790 2552 2833; x_wconf 78' lang='grc' dir='ltr'>ειι.</span> 
     </span>
    </p>
   </div>
   <div class='ocr_carea' id='block_1_94' title="bbox 2180 2846 3691 2919">
    <p class='ocr_par' dir='ltr' id='par_1_94' title="bbox 2180 2846 3691 2919">
     <span class='ocr_line' id='line_1_94' title="bbox 2180 2846 3691 2919; baseline 0.008 -20"><span class='ocrx_word' id='word_1_597' title='bbox 2180 2846 2251 2899; x_wconf 81' lang='lat' dir='ltr'><strong>Et</strong></span> <span class='ocrx_word' id='word_1_598' title='bbox 2276 2848 2540 2919; x_wconf 72' lang='lat' dir='ltr'><strong>sederitjn</strong></span> <span class='ocrx_word' id='word_1_599' title='bbox 2573 2851 2761 2917; x_wconf 85' lang='lat' dir='ltr'><strong>templo</strong></span> <span class='ocrx_word' id='word_1_600' title='bbox 2804 2849 3169 2919; x_wconf 79' lang='lat' dir='ltr'><strong>Jerosolymis.</strong></span> <span class='ocrx_word' id='word_1_601' title='bbox 3194 2851 3327 2905; x_wconf 87' lang='lat' dir='ltr'><strong>Cum</strong></span> <span class='ocrx_word' id='word_1_602' title='bbox 3369 2854 3691 2911; x_wconf 80' lang='lat' dir='ltr'><strong>nasciturls</strong></span> 
     </span>
    </p>
   </div>
   <div class='ocr_carea' id='block_1_95' title="bbox 2109 2917 3687 2989">
    <p class='ocr_par' dir='ltr' id='par_1_95' title="bbox 2109 2917 3687 2989">
     <span class='ocr_line' id='line_1_95' title="bbox 2109 2917 3687 2989; baseline 0.005 -18"><span class='ocrx_word' id='word_1_603' title='bbox 2109 2917 2180 2971; x_wconf 89' lang='lat' dir='ltr'><strong>sit</strong></span> <span class='ocrx_word' id='word_1_604' title='bbox 2206 2932 2271 2969; x_wconf 84' lang='lat' dir='ltr'><strong>ex</strong></span> <span class='ocrx_word' id='word_1_605' title='bbox 2297 2918 2443 2970; x_wconf 89' lang='lat' dir='ltr'><strong>tribu</strong></span> <span class='ocrx_word' id='word_1_606' title='bbox 2471 2917 2582 2971; x_wconf 85' lang='lat' dir='ltr'><strong>Dan</strong></span> <span class='ocrx_word' id='word_1_607' title='bbox 2612 2930 2665 2972; x_wconf 90' lang='lat' dir='ltr'><strong>et</strong></span> <span class='ocrx_word' id='word_1_608' title='bbox 2691 2935 2788 2989; x_wconf 92' lang='lat' dir='ltr'><strong>pro</strong></span> <span class='ocrx_word' id='word_1_609' title='bbox 2816 2917 3379 2989; x_wconf 61' lang='lat' dir='ltr'><strong>Hessiarecipicndus</strong></span> <span class='ocrx_word' id='word_1_610' title='bbox 3406 2938 3436 2975; x_wconf 87' lang='lat' dir='ltr'><strong>a</strong></span> <span class='ocrx_word' id='word_1_611' title='bbox 3463 2924 3687 2989; x_wconf 62' lang='lat' dir='ltr'><strong>Judmis,</strong></span> 
     </span>
    </p>
   </div>
   <div class='ocr_carea' id='block_1_96' title="bbox 2110 2988 3688 3060">
    <p class='ocr_par' dir='ltr' id='par_1_96' title="bbox 2110 2988 3688 3060">
     <span class='ocr_line' id='line_1_96' title="bbox 2110 2988 3688 3060; baseline 0.004 -19"><span class='ocrx_word' id='word_1_612' title='bbox 2110 3002 2215 3041; x_wconf 91' lang='lat' dir='ltr'><strong>nou</strong></span> <span class='ocrx_word' id='word_1_613' title='bbox 2256 2988 2814 3060; x_wconf 7' lang='lat' dir='ltr'><strong>atnbigendumyquin</strong></span> <span class='ocrx_word' id='word_1_614' title='bbox 2861 2988 3210 3060; x_wconf 77' lang='lat' dir='ltr'><strong>Jerosolytnis</strong></span> <span class='ocrx_word' id='word_1_615' title='bbox 3243 3002 3299 3043; x_wconf 91' lang='lat' dir='ltr'><strong>et</strong></span> <span class='ocrx_word' id='word_1_616' title='bbox 3340 2992 3392 3044; x_wconf 89' lang='lat' dir='ltr'><strong>in</strong></span> <span class='ocrx_word' id='word_1_617' title='bbox 3449 2988 3688 3060; x_wconf 70' lang='lat' dir='ltr'><strong>ipsorum</strong></span> 
     </span>
    </p>
   </div>
   <div class='ocr_carea' id='block_1_97' title="bbox 2116 3058 3689 3129">
    <p class='ocr_par' dir='ltr' id='par_1_97' title="bbox 2116 3058 3689 3129">
     <span class='ocr_line' id='line_1_97' title="bbox 2116 3058 3689 3129; baseline 0.004 -19"><span class='ocrx_word' id='word_1_618' title='bbox 2116 3059 2317 3129; x_wconf 81' lang='lat' dir='ltr'><strong>templo</strong></span> <span class='ocrx_word' id='word_1_619' title='bbox 2343 3071 2594 3129; x_wconf 80' lang='lat' dir='ltr'><strong>sessurus</strong></span> <span class='ocrx_word' id='word_1_620' title='bbox 2623 3058 2713 3122; x_wconf 89' lang='lat' dir='ltr'><strong>sit,</strong></span> <span class='ocrx_word' id='word_1_621' title='bbox 2740 3074 2804 3113; x_wconf 92' lang='lat' dir='ltr'><strong>ac</strong></span> <span class='ocrx_word' id='word_1_622' title='bbox 2862 3058 3134 3113; x_wconf 81' lang='lat' dir='ltr'><strong>civitatem</strong></span> <span class='ocrx_word' id='word_1_623' title='bbox 3183 3060 3326 3113; x_wconf 87' lang='lat' dir='ltr'><strong>illam</strong></span> <span class='ocrx_word' id='word_1_624' title='bbox 3372 3058 3689 3129; x_wconf 78' lang='lat' dir='ltr'><strong>primariam</strong></span> 
     </span>
    </p>
   </div>
   <div class='ocr_carea' id='block_1_98' title="bbox 2113 3126 3691 3197">
    <p class='ocr_par' dir='ltr' id='par_1_98' title="bbox 2113 3126 3691 3197">
     <span class='ocr_line' id='line_1_98' title="bbox 2113 3126 3691 3197; baseline 0.003 -18"><span class='ocrx_word' id='word_1_625' title='bbox 2113 3126 2321 3197; x_wconf 83' lang='lat' dir='ltr'><strong>imperii</strong></span> <span class='ocrx_word' id='word_1_626' title='bbox 2351 3126 2436 3197; x_wconf 84' lang='lat' dir='ltr'><strong>sui</strong></span> <span class='ocrx_word' id='word_1_627' title='bbox 2465 3129 2877 3182; x_wconf 90' lang='lat' dir='ltr'><strong>constituturus.</strong></span> <span class='ocrx_word' id='word_1_628' title='bbox 2902 3130 3133 3182; x_wconf 76' lang='lat' dir='ltr'><strong>Accedit</strong></span> <span class='ocrx_word' id='word_1_629' title='bbox 3158 3132 3301 3197; x_wconf 86' lang='lat' dir='ltr'><strong>quod</strong></span> <span class='ocrx_word' id='word_1_630' title='bbox 3350 3126 3595 3185; x_wconf 79' lang='lat' dir='ltr'><strong>Joannes</strong></span> <span class='ocrx_word' id='word_1_631' title='bbox 3638 3135 3691 3185; x_wconf 83' lang='lat' dir='ltr'><strong>in</strong></span> 
     </span>
    </p>
   </div>
   <div class='ocr_carea' id='block_1_99' title="bbox 2111 3195 3693 3266">
    <p class='ocr_par' dir='ltr' id='par_1_99' title="bbox 2111 3195 3693 3266">
     <span class='ocr_line' id='line_1_99' title="bbox 2111 3195 3693 3266; baseline 0.005 -18"><span class='ocrx_word' id='word_1_632' title='bbox 2111 3196 2331 3266; x_wconf 62' lang='lat' dir='ltr'><strong>Apocal.</strong></span> <span class='ocrx_word' id='word_1_633' title='bbox 2379 3195 2475 3260; x_wconf 91' lang='lat' dir='ltr'><strong>ait,</strong></span> <span class='ocrx_word' id='word_1_634' title='bbox 2518 3199 2651 3251; x_wconf 88' lang='lat' dir='ltr'><strong>duos</strong></span> <span class='ocrx_word' id='word_1_635' title='bbox 2701 3206 2863 3253; x_wconf 86' lang='lat' dir='ltr'><strong>testes</strong></span> <span class='ocrx_word' id='word_1_636' title='bbox 2903 3198 3135 3259; x_wconf 85' lang='lat' dir='ltr'><strong>divinos.</strong></span> <span class='ocrx_word' id='word_1_637' title='bbox 3167 3195 3360 3266; x_wconf 81' lang='lat' dir='ltr'><strong>nempe</strong></span> <span class='ocrx_word' id='word_1_638' title='bbox 3388 3200 3618 3255; x_wconf 82' lang='lat' dir='ltr'><strong>Henoch</strong></span> <span class='ocrx_word' id='word_1_639' title='bbox 3641 3213 3693 3256; x_wconf 88' lang='lat' dir='ltr'><strong>et</strong></span> 
     </span>
    </p>
   </div>
   <div class='ocr_carea' id='block_1_100' title="bbox 2112 3264 3693 3339">
    <p class='ocr_par' dir='ltr' id='par_1_100' title="bbox 2112 3264 3693 3339">
     <span class='ocr_line' id='line_1_100' title="bbox 2112 3264 3693 3339; baseline 0.006 -24"><span class='ocrx_word' id='word_1_640' title='bbox 2112 3264 2304 3339; x_wconf 47' lang='lat' dir='ltr'><strong>ltitiam,</strong></span> <span class='ocrx_word' id='word_1_641' title='bbox 2336 3266 2402 3318; x_wconf 91' lang='lat' dir='ltr'><strong>ab</strong></span> <span class='ocrx_word' id='word_1_642' title='bbox 2431 3267 2765 3339; x_wconf 79' lang='lat' dir='ltr'><strong>Antichristo</strong></span> <span class='ocrx_word' id='word_1_643' title='bbox 2787 3269 3057 3339; x_wconf 77' lang='lat' dir='ltr'><strong>necandos</strong></span> <span class='ocrx_word' id='word_1_644' title='bbox 3091 3269 3141 3321; x_wconf 93' lang='lat' dir='ltr'><strong>in</strong></span> <span class='ocrx_word' id='word_1_645' title='bbox 3163 3283 3224 3321; x_wconf 87' lang='lat' dir='ltr'><strong>ea</strong></span> <span class='ocrx_word' id='word_1_646' title='bbox 3249 3264 3472 3322; x_wconf 73' lang='lat' dir='ltr'><strong>civitate</strong></span> <span class='ocrx_word' id='word_1_647' title='bbox 3504 3270 3558 3339; x_wconf 91' lang='lat' dir='ltr'><strong>in</strong></span> <span class='ocrx_word' id='word_1_648' title='bbox 3588 3287 3693 3339; x_wconf 81' lang='lat' dir='ltr'><strong>qua</strong></span> 
     </span>
    </p>
   </div>
   <div class='ocr_carea' id='block_1_101' title="bbox 2109 3334 3691 3407">
    <p class='ocr_par' dir='ltr' id='par_1_101' title="bbox 2109 3334 3691 3407">
     <span class='ocr_line' id='line_1_101' title="bbox 2109 3334 3691 3407; baseline 0.005 -21"><span class='ocrx_word' id='word_1_649' title='bbox 2109 3334 2360 3407; x_wconf 79' lang='lat' dir='ltr'><strong>Christus</strong></span> <span class='ocrx_word' id='word_1_650' title='bbox 2389 3334 2681 3389; x_wconf 75' lang='lat' dir='ltr'><strong>cruritisus</strong></span> <span class='ocrx_word' id='word_1_651' title='bbox 2704 3345 2803 3407; x_wconf 85' lang='lat' dir='ltr'><strong>est.</strong></span> <span class='ocrx_word' id='word_1_652' title='bbox 2844 3337 2939 3390; x_wconf 85' lang='lat' dir='ltr'><strong>His</strong></span> <span class='ocrx_word' id='word_1_653' title='bbox 2979 3340 3248 3390; x_wconf 86' lang='lat' dir='ltr'><strong>consentit</strong></span> <span class='ocrx_word' id='word_1_654' title='bbox 3287 3339 3480 3407; x_wconf 86' lang='lat' dir='ltr'><strong>Cyrill.</strong></span> <span class='ocrx_word' id='word_1_655' title='bbox 3511 3334 3691 3394; x_wconf 78' lang='lat' dir='ltr'><strong>Jeros.</strong></span> 
     </span>
    </p>
   </div>
   <div class='ocr_carea' id='block_1_102' title="bbox 2110 3404 3692 3472">
    <p class='ocr_par' dir='ltr' id='par_1_102' title="bbox 2110 3404 3692 3472">
     <span class='ocr_line' id='line_1_102' title="bbox 2110 3404 3692 3472; baseline 0.004 -17"><span class='ocrx_word' id='word_1_656' title='bbox 2110 3404 2354 3457; x_wconf 88' lang='lat' dir='ltr'><strong>scribens</strong></span> <span class='ocrx_word' id='word_1_657' title='bbox 2386 3420 2399 3455; x_wconf 90' lang='lat'><strong>:</strong></span> <span class='ocrx_word' id='word_1_658' title='bbox 2439 3422 2457 3455; x_wconf 78' lang='grc' dir='ltr'><strong>ι</strong></span> <span class='ocrx_word' id='word_1_659' title='bbox 2495 3406 2547 3456; x_wconf 88' lang='grc' dir='ltr'><strong>ιιι</strong></span> <span class='ocrx_word' id='word_1_660' title='bbox 2576 3406 2775 3472; x_wconf 88' lang='lat' dir='ltr'><strong>templo</strong></span> <span class='ocrx_word' id='word_1_661' title='bbox 2803 3411 2943 3471; x_wconf 89' lang='lat' dir='ltr'><strong>quod</strong></span> <span class='ocrx_word' id='word_1_662' title='bbox 2975 3407 3237 3471; x_wconf 87' lang='lat' dir='ltr'><strong>reliquum</strong></span> <span class='ocrx_word' id='word_1_663' title='bbox 3264 3404 3349 3461; x_wconf 79' lang='lat' dir='ltr'><strong>est</strong></span> <span class='ocrx_word' id='word_1_664' title='bbox 3375 3408 3692 3461; x_wconf 68' lang='lat' dir='ltr'><strong>Judzeoruni</strong></span> 
     </span>
    </p>
   </div>
   <div class='ocr_carea' id='block_1_103' title="bbox 2111 3471 3693 3542">
    <p class='ocr_par' dir='ltr' id='par_1_103' title="bbox 2111 3471 3693 3542">
     <span class='ocr_line' id='line_1_103' title="bbox 2111 3471 3693 3542; baseline 0.006 -20"><span class='ocrx_word' id='word_1_665' title='bbox 2111 3473 2323 3542; x_wconf 78' lang='lat' dir='ltr'><strong>sedebit</strong></span> <span class='ocrx_word' id='word_1_666' title='bbox 2371 3471 2436 3526; x_wconf 72' lang='grc'><strong>⁷⁸.</strong></span> <span class='ocrx_word' id='word_1_667' title='bbox 2489 3492 2517 3542; x_wconf 16' lang='grc' dir='ltr'><strong>γ)</strong></span> <span class='ocrx_word' id='word_1_668' title='bbox 2566 3471 2939 3542; x_wconf 83' lang='lat' dir='ltr'><strong>Astipulantur</strong></span> <span class='ocrx_word' id='word_1_669' title='bbox 2996 3474 3229 3527; x_wconf 69' lang='lat' dir='ltr'><strong>lltlarius</strong></span> <span class='ocrx_word' id='word_1_670' title='bbox 3268 3492 3482 3530; x_wconf 88' lang='lat' dir='ltr'><strong>canone</strong></span> <span class='ocrx_word' id='word_1_671' title='bbox 3524 3478 3599 3530; x_wconf 69' lang='lat'><strong>25</strong></span> <span class='ocrx_word' id='word_1_672' title='bbox 3639 3480 3693 3532; x_wconf 85' lang='lat' dir='ltr'><strong>in</strong></span> 
     </span>
    </p>
   </div>
   <div class='ocr_carea' id='block_1_104' title="bbox 2113 3540 3691 3611">
    <p class='ocr_par' dir='ltr' id='par_1_104' title="bbox 2113 3540 3691 3611">
     <span class='ocr_line' id='line_1_104' title="bbox 2113 3540 3691 3611; baseline 0.006 -19"><span class='ocrx_word' id='word_1_673' title='bbox 2113 3540 2440 3611; x_wconf 70' lang='lat' dir='ltr'><strong>Mattliteum,</strong></span> <span class='ocrx_word' id='word_1_674' title='bbox 2474 3540 2724 3596; x_wconf 87' lang='lat' dir='ltr'><strong>Sedulius</strong></span> <span class='ocrx_word' id='word_1_675' title='bbox 2751 3546 2802 3595; x_wconf 92' lang='lat' dir='ltr'><strong>in</strong></span> <span class='ocrx_word' id='word_1_676' title='bbox 2830 3546 3125 3597; x_wconf 86' lang='lat' dir='ltr'><strong>secundum</strong></span> <span class='ocrx_word' id='word_1_677' title='bbox 3157 3545 3381 3611; x_wconf 89' lang='lat' dir='ltr'><strong>caputll</strong></span> <span class='ocrx_word' id='word_1_678' title='bbox 3412 3548 3482 3597; x_wconf 90' lang='lat' dir='ltr'><strong>ad</strong></span> <span class='ocrx_word' id='word_1_679' title='bbox 3513 3545 3691 3601; x_wconf 85' lang='lat' dir='ltr'><strong>Thes-</strong></span> 
     </span>
    </p>
   </div>
   <div class='ocr_carea' id='block_1_105' title="bbox 2112 3610 3691 3680">
    <p class='ocr_par' dir='ltr' id='par_1_105' title="bbox 2112 3610 3691 3680">
     <span class='ocr_line' id='line_1_105' title="bbox 2112 3610 3691 3680; baseline 0.005 -19"><span class='ocrx_word' id='word_1_680' title='bbox 2112 3610 2239 3670; x_wconf 85' lang='lat' dir='ltr'><strong>sal.,</strong></span> <span class='ocrx_word' id='word_1_681' title='bbox 2289 3610 2650 3665; x_wconf 83' lang='lat' dir='ltr'><strong>Damascenus</strong></span> <span class='ocrx_word' id='word_1_682' title='bbox 2698 3613 2790 3665; x_wconf 93' lang='lat' dir='ltr'><strong>lib.</strong></span> <span class='ocrx_word' id='word_1_683' title='bbox 2837 3627 2887 3665; x_wconf 88' lang='lat' dir='ltr'><strong>iv</strong></span> <span class='ocrx_word' id='word_1_684' title='bbox 2932 3612 3007 3664; x_wconf 84' lang='lat' dir='ltr'><strong>De</strong></span> <span class='ocrx_word' id='word_1_685' title='bbox 3046 3614 3169 3679; x_wconf 80' lang='lat' dir='ltr'><strong>ﬁde,</strong></span> <span class='ocrx_word' id='word_1_686' title='bbox 3205 3610 3326 3680; x_wconf 83' lang='lat' dir='ltr'><strong>cap.</strong></span> <span class='ocrx_word' id='word_1_687' title='bbox 3361 3614 3456 3675; x_wconf 72' lang='lat'><strong>‘28,</strong></span> <span class='ocrx_word' id='word_1_688' title='bbox 3496 3626 3554 3667; x_wconf 89' lang='lat' dir='ltr'><strong>et</strong></span> <span class='ocrx_word' id='word_1_689' title='bbox 3576 3617 3691 3677; x_wconf 86' lang='lat' dir='ltr'><strong>alii,</strong></span> 
     </span>
    </p>
   </div>
   <div class='ocr_carea' id='block_1_106' title="bbox 2111 3680 3696 3752">
    <p class='ocr_par' dir='ltr' id='par_1_106' title="bbox 2111 3680 3696 3752">
     <span class='ocr_line' id='line_1_106' title="bbox 2111 3680 3696 3752; baseline 0.008 -27"><span class='ocrx_word' id='word_1_690' title='bbox 2111 3695 2254 3752; x_wconf 82' lang='lat' dir='ltr'><strong>quos</strong></span> <span class='ocrx_word' id='word_1_691' title='bbox 2275 3694 2437 3752; x_wconf 87' lang='lat' dir='ltr'><strong>supra</strong></span> <span class='ocrx_word' id='word_1_692' title='bbox 2460 3680 2810 3748; x_wconf 71' lang='lat' dir='ltr'><strong>signavitnus,</strong></span> <span class='ocrx_word' id='word_1_693' title='bbox 2841 3692 2966 3752; x_wconf 87' lang='lat' dir='ltr'><strong>nota</strong></span> <span class='ocrx_word' id='word_1_694' title='bbox 2992 3684 3044 3745; x_wconf 85' lang='lat'><strong>6,</strong></span> <span class='ocrx_word' id='word_1_695' title='bbox 3074 3684 3125 3735; x_wconf 91' lang='lat' dir='ltr'><strong>in</strong></span> <span class='ocrx_word' id='word_1_696' title='bbox 3150 3698 3268 3749; x_wconf 88' lang='lat' dir='ltr'><strong>cap.</strong></span> <span class='ocrx_word' id='word_1_697' title='bbox 3298 3684 3394 3735; x_wconf 70' lang='lat'><strong>25.</strong></span> <span class='ocrx_word' id='word_1_698' title='bbox 3427 3684 3570 3752; x_wconf 63' lang='lat' dir='ltr'><strong>Ergo</strong></span> <span class='ocrx_word' id='word_1_699' title='bbox 3597 3700 3696 3739; x_wconf 84' lang='lat' dir='ltr'><strong>nec</strong></span> 
     </span>
    </p>
   </div>
   <div class='ocr_carea' id='block_1_107' title="bbox 2112 3750 3695 3827">
    <p class='ocr_par' dir='ltr' id='par_1_107' title="bbox 2112 3750 3695 3827">
     <span class='ocr_line' id='line_1_107' title="bbox 2112 3750 3695 3827; baseline 0.004 -26"><span class='ocrx_word' id='word_1_700' title='bbox 2112 3750 2345 3827; x_wconf 81' lang='lat' dir='ltr'><strong>sedebit,</strong></span> <span class='ocrx_word' id='word_1_701' title='bbox 2378 3765 2477 3803; x_wconf 87' lang='lat' dir='ltr'><strong>nec</strong></span> <span class='ocrx_word' id='word_1_702' title='bbox 2504 3765 2738 3818; x_wconf 84' lang='lat' dir='ltr'><strong>unquam</strong></span> <span class='ocrx_word' id='word_1_703' title='bbox 2782 3750 2921 3804; x_wconf 88' lang='lat' dir='ltr'><strong>sedit</strong></span> <span class='ocrx_word' id='word_1_704' title='bbox 2955 3751 3159 3815; x_wconf 65' lang='grc' dir='ltr'>ιιυιιιω,</span> <span class='ocrx_word' id='word_1_705' title='bbox 3189 3762 3247 3804; x_wconf 91' lang='lat' dir='ltr'><strong>ut</strong></span> <span class='ocrx_word' id='word_1_706' title='bbox 3278 3755 3409 3807; x_wconf 87' lang='lat' dir='ltr'><strong>novi</strong></span> <span class='ocrx_word' id='word_1_707' title='bbox 3438 3750 3695 3808; x_wconf 79' lang='lat' dir='ltr'><strong>Gnostici</strong></span> 
     </span>
    </p>
   </div>
   <div class='ocr_carea' id='block_1_108' title="bbox 2149 3827 2377 3872">
    <p class='ocr_par' dir='ltr' id='par_1_108' title="bbox 2149 3827 2377 3872">
     <span class='ocr_line' id='line_1_108' title="bbox 2149 3827 2377 3872; baseline 0.004 -1"><span class='ocrx_word' id='word_1_708' title='bbox 2149 3827 2377 3872; x_wconf 83' lang='lat' dir='ltr'><strong>arrtunt.</strong></span> 
     </span>
    </p>
   </div>
   <div class='ocr_carea' id='block_1_109' title="bbox 2112 3832 3402 3958">
    <p class='ocr_par' dir='ltr' id='par_1_109' title="bbox 2112 3832 3402 3958">
     <span class='ocr_line' id='line_1_109' title="bbox 2112 3832 2377 3887; baseline 0.004 -16"><span class='ocrx_word' id='word_1_709' title='bbox 2112 3832 2377 3887; x_wconf 77' lang='lat' dir='ltr'><strong>garriunt.</strong></span> 
     </span>
     <span class='ocr_line' id='line_1_110' title="bbox 2186 3885 3402 3958; baseline 0.007 -20"><span class='ocrx_word' id='word_1_710' title='bbox 2186 3956 2212 3958; x_wconf 18' lang='grc' dir='ltr'>ξ</span> <span class='ocrx_word' id='word_1_711' title='bbox 2349 3957 2354 3958; x_wconf 13' lang='grc' dir='ltr'>ί</span> <span class='ocrx_word' id='word_1_712' title='bbox 2392 3885 2643 3958; x_wconf 75' lang='lat' dir='ltr'><strong>Ejusdem</strong></span> <span class='ocrx_word' id='word_1_713' title='bbox 2678 3885 3041 3939; x_wconf 76' lang='lat' dir='ltr'><strong>adnotationes</strong></span> <span class='ocrx_word' id='word_1_714' title='bbox 3072 3887 3127 3940; x_wconf 82' lang='lat' dir='ltr'><strong>in</strong></span> <span class='ocrx_word' id='word_1_715' title='bbox 3167 3903 3284 3958; x_wconf 85' lang='lat' dir='ltr'><strong>cap.</strong></span> <span class='ocrx_word' id='word_1_716' title='bbox 3309 3889 3402 3947; x_wconf 78' lang='lat'><strong>3|.</strong></span> 
     </span>
    </p>
   </div>
   <div class='ocr_carea' id='block_1_110' title="bbox 2185 3956 3690 4027">
    <p class='ocr_par' dir='ltr' id='par_1_110' title="bbox 2185 3956 3690 4027">
     <span class='ocr_line' id='line_1_111' title="bbox 2185 3956 3690 4027; baseline 0.003 -18"><span class='ocrx_word' id='word_1_717' title='bbox 2185 3956 2315 4026; x_wconf 77' lang='lat' dir='ltr'><strong>Pag.</strong></span> <span class='ocrx_word' id='word_1_718' title='bbox 2344 3957 2468 4011; x_wconf 78' lang='lat'><strong>550.</strong></span> <span class='ocrx_word' id='word_1_719' title='bbox 2495 3956 2689 4027; x_wconf 70' lang='lat' dir='ltr'><strong>Dicunt</strong></span> <span class='ocrx_word' id='word_1_720' title='bbox 2719 3972 2772 4007; x_wconf 88' lang='lat' dir='ltr'><strong>se</strong></span> <span class='ocrx_word' id='word_1_721' title='bbox 2794 3958 3093 4027; x_wconf 71' lang='lat' dir='ltr'><strong>supergredi</strong></span> <span class='ocrx_word' id='word_1_722' title='bbox 3113 3956 3286 4013; x_wconf 76' lang='lat' dir='ltr'><strong>cwlos.</strong></span> <span class='ocrx_word' id='word_1_723' title='bbox 3313 3961 3690 4027; x_wconf 82' lang='lat' dir='ltr'><strong>[mpudentem</strong></span> 
     </span>
    </p>
   </div>
   <div class='ocr_carea' id='block_1_111' title="bbox 2114 4024 3689 4092">
    <p class='ocr_par' dir='ltr' id='par_1_111' title="bbox 2114 4024 3689 4092">
     <span class='ocr_line' id='line_1_112' title="bbox 2114 4024 3689 4092; baseline 0.002 -12"><span class='ocrx_word' id='word_1_724' title='bbox 2114 4024 2286 4080; x_wconf 63' lang='lat' dir='ltr'><strong>istaut</strong></span> <span class='ocrx_word' id='word_1_725' title='bbox 2318 4037 2558 4079; x_wconf 83' lang='lat' dir='ltr'><strong>veterum</strong></span> <span class='ocrx_word' id='word_1_726' title='bbox 2617 4024 2996 4079; x_wconf 80' lang='lat' dir='ltr'><strong>Gnosticormu</strong></span> <span class='ocrx_word' id='word_1_727' title='bbox 3039 4026 3357 4092; x_wconf 81' lang='lat' dir='ltr'><strong>jactantiam</strong></span> <span class='ocrx_word' id='word_1_728' title='bbox 3397 4024 3602 4081; x_wconf 28' lang='lat' dir='ltr'><strong>Vretulit</strong></span> <span class='ocrx_word' id='word_1_729' title='bbox 3631 4033 3689 4083; x_wconf 90' lang='lat' dir='ltr'><strong>li-</strong></span> 
     </span>
    </p>
   </div>
   <div class='ocr_carea' id='block_1_112' title="bbox 2114 4092 3690 4164">
    <p class='ocr_par' dir='ltr' id='par_1_112' title="bbox 2114 4092 3690 4164">
     <span class='ocr_line' id='line_1_113' title="bbox 2114 4092 3690 4164; baseline 0.005 -19"><span class='ocrx_word' id='word_1_730' title='bbox 2114 4098 2211 4164; x_wconf 71' lang='lat' dir='ltr'><strong>bro</strong></span> <span class='ocrx_word' id='word_1_731' title='bbox 2249 4110 2287 4160; x_wconf 82' lang='grc' dir='ltr'>ι,</span> <span class='ocrx_word' id='word_1_732' title='bbox 2329 4111 2447 4164; x_wconf 89' lang='lat' dir='ltr'><strong>cap.</strong></span> <span class='ocrx_word' id='word_1_733' title='bbox 2478 4095 2509 4150; x_wconf 88' lang='lat'><strong>9</strong></span> <span class='ocrx_word' id='word_1_734' title='bbox 2546 4102 2598 4146; x_wconf 89' lang='lat' dir='ltr'><strong>et</strong></span> <span class='ocrx_word' id='word_1_735' title='bbox 2650 4097 2733 4146; x_wconf 78' lang='grc'><strong>18.</strong></span> <span class='ocrx_word' id='word_1_736' title='bbox 2766 4093 2875 4146; x_wconf 78' lang='lat' dir='ltr'><strong>Nec</strong></span> <span class='ocrx_word' id='word_1_737' title='bbox 2908 4092 3083 4146; x_wconf 91' lang='lat' dir='ltr'><strong>minor</strong></span> <span class='ocrx_word' id='word_1_738' title='bbox 3122 4111 3263 4149; x_wconf 89' lang='lat' dir='ltr'><strong>nunc</strong></span> <span class='ocrx_word' id='word_1_739' title='bbox 3288 4106 3375 4150; x_wconf 85' lang='lat' dir='ltr'><strong>est</strong></span> <span class='ocrx_word' id='word_1_740' title='bbox 3414 4101 3690 4153; x_wconf 87' lang='lat' dir='ltr'><strong>temeritas</strong></span> 
     </span>
    </p>
   </div>
   <div class='ocr_carea' id='block_1_113' title="bbox 2116 4152 3689 4233">
    <p class='ocr_par' dir='ltr' id='par_1_113' title="bbox 2116 4152 3689 4233">
     <span class='ocr_line' id='line_1_114' title="bbox 2116 4152 3689 4233; baseline 0.003 -16"><span class='ocrx_word' id='word_1_741' title='bbox 2116 4152 2876 4233; x_wconf 66' lang='lat' dir='ltr'><strong>llugnosticorutn,tetertiani</strong></span> <span class='ocrx_word' id='word_1_742' title='bbox 2915 4164 2964 4214; x_wconf 92' lang='lat' dir='ltr'><strong>in</strong></span> <span class='ocrx_word' id='word_1_743' title='bbox 2996 4164 3147 4215; x_wconf 74' lang='lat' dir='ltr'><strong>ctelis</strong></span> <span class='ocrx_word' id='word_1_744' title='bbox 3188 4166 3527 4227; x_wconf 76' lang='lat' dir='ltr'><strong>felicitatem,</strong></span> <span class='ocrx_word' id='word_1_745' title='bbox 3568 4152 3689 4221; x_wconf 65' lang='lat' dir='ltr'><strong>mos</strong></span> 
     </span>
    </p>
   </div>
   <div class='ocr_carea' id='block_1_114' title="bbox 2114 4232 3687 4299">
    <p class='ocr_par' dir='ltr' id='par_1_114' title="bbox 2114 4232 3687 4299">
     <span class='ocr_line' id='line_1_115' title="bbox 2114 4232 3687 4299; baseline 0.002 -13"><span class='ocrx_word' id='word_1_746' title='bbox 2114 4243 2170 4286; x_wconf 91' lang='lat' dir='ltr'><strong>ut</strong></span> <span class='ocrx_word' id='word_1_747' title='bbox 2206 4232 2331 4287; x_wconf 87' lang='lat' dir='ltr'><strong>hinc</strong></span> <span class='ocrx_word' id='word_1_748' title='bbox 2369 4232 2706 4299; x_wconf 77' lang='lat' dir='ltr'><strong>emigrarint,</strong></span> <span class='ocrx_word' id='word_1_749' title='bbox 2755 4240 2862 4282; x_wconf 89' lang='lat' dir='ltr'><strong>tam</strong></span> <span class='ocrx_word' id='word_1_750' title='bbox 2915 4241 3065 4285; x_wconf 90' lang='lat' dir='ltr'><strong>certo</strong></span> <span class='ocrx_word' id='word_1_751' title='bbox 3114 4243 3166 4287; x_wconf 89' lang='lat' dir='ltr'><strong>et</strong></span> <span class='ocrx_word' id='word_1_752' title='bbox 3226 4236 3538 4288; x_wconf 81' lang='lat' dir='ltr'><strong>indubitate</strong></span> <span class='ocrx_word' id='word_1_753' title='bbox 3589 4238 3687 4289; x_wconf 89' lang='lat' dir='ltr'><strong>sibi</strong></span> 
     </span>
    </p>
   </div>
   <div class='ocr_carea' id='block_1_115' title="bbox 2116 4300 3690 4371">
    <p class='ocr_par' dir='ltr' id='par_1_115' title="bbox 2116 4300 3690 4371">
     <span class='ocr_line' id='line_1_116' title="bbox 2116 4300 3690 4371; baseline 0.002 -16"><span class='ocrx_word' id='word_1_754' title='bbox 2116 4303 2632 4370; x_wconf 88' lang='lat' dir='ltr'><strong>repromittentiunt,</strong></span> <span class='ocrx_word' id='word_1_755' title='bbox 2662 4311 2720 4352; x_wconf 86' lang='lat' dir='ltr'><strong>tit</strong></span> <span class='ocrx_word' id='word_1_756' title='bbox 2758 4300 2979 4352; x_wconf 88' lang='lat' dir='ltr'><strong>omnino</strong></span> <span class='ocrx_word' id='word_1_757' title='bbox 3020 4301 3089 4353; x_wconf 90' lang='lat' dir='ltr'><strong>sit</strong></span> <span class='ocrx_word' id='word_1_758' title='bbox 3123 4303 3483 4371; x_wconf 87' lang='lat' dir='ltr'><strong>itnpossibille</strong></span> <span class='ocrx_word' id='word_1_759' title='bbox 3535 4305 3690 4358; x_wconf 83' lang='lat' dir='ltr'><strong>aliter</strong></span> 
     </span>
    </p>
   </div>
   <div class='ocr_carea' id='block_1_116' title="bbox 2118 4370 3686 4441">
    <p class='ocr_par' dir='ltr' id='par_1_116' title="bbox 2118 4370 3686 4441">
     <span class='ocr_line' id='line_1_117' title="bbox 2118 4370 3686 4441; baseline 0.004 -18"><span class='ocrx_word' id='word_1_760' title='bbox 2118 4371 2234 4423; x_wconf 88' lang='lat' dir='ltr'><strong>lieri</strong></span> <span class='ocrx_word' id='word_1_761' title='bbox 2255 4371 2628 4436; x_wconf 58' lang='lat' dir='ltr'><strong>ncl‘ariutnque</strong></span> <span class='ocrx_word' id='word_1_762' title='bbox 2655 4379 2843 4441; x_wconf 65' lang='lat' dir='ltr'><strong>putent</strong></span> <span class='ocrx_word' id='word_1_763' title='bbox 2870 4371 2934 4421; x_wconf 89' lang='lat' dir='ltr'><strong>de</strong></span> <span class='ocrx_word' id='word_1_764' title='bbox 2963 4371 3063 4441; x_wconf 89' lang='lat' dir='ltr'><strong>hoc</strong></span> <span class='ocrx_word' id='word_1_765' title='bbox 3083 4370 3371 4438; x_wconf 89' lang='lat' dir='ltr'><strong>ullopacto</strong></span> <span class='ocrx_word' id='word_1_766' title='bbox 3389 4375 3686 4441; x_wconf 78' lang='lat' dir='ltr'><strong>ambigere.</strong></span> 
     </span>
    </p>
   </div>
   <div class='ocr_carea' id='block_1_117' title="bbox 517 4436 3688 4513">
    <p class='ocr_par' dir='ltr' id='par_1_117' title="bbox 517 4436 3688 4513">
     <span class='ocr_line' id='line_1_118' title="bbox 517 4436 3688 4513; baseline 0.002 -23"><span class='ocrx_word' id='word_1_767' title='bbox 517 4437 660 4513; x_wconf 74' lang='lat' dir='ltr'><strong>idem</strong></span> <span class='ocrx_word' id='word_1_768' title='bbox 690 4447 871 4513; x_wconf 71' lang='lat' dir='ltr'><strong>postea</strong></span> <span class='ocrx_word' id='word_1_769' title='bbox 892 4455 999 4493; x_wconf 92' lang='lat' dir='ltr'><strong>non</strong></span> <span class='ocrx_word' id='word_1_770' title='bbox 1023 4442 1260 4513; x_wconf 71' lang='lat' dir='ltr'><strong>segniter</strong></span> <span class='ocrx_word' id='word_1_771' title='bbox 1290 4448 1549 4513; x_wconf 62' lang='lat' dir='ltr'><strong>praestant</strong></span> <span class='ocrx_word' id='word_1_772' title='bbox 1572 4436 1833 4513; x_wconf 78' lang='lat' dir='ltr'><strong>Origenes</strong></span> <span class='ocrx_word' id='word_1_773' title='bbox 1861 4440 2007 4496; x_wconf 89' lang='lat' dir='ltr'><strong>hom.</strong></span> <span class='ocrx_word' id='word_1_774' title='bbox 2043 4458 2087 4513; x_wconf 82' lang='grc' dir='ltr'>ι)</span> <span class='ocrx_word' id='word_1_775' title='bbox 2116 4442 2221 4493; x_wconf 84' lang='lat' dir='ltr'><strong>Sed</strong></span> <span class='ocrx_word' id='word_1_776' title='bbox 2252 4443 2390 4513; x_wconf 81' lang='lat' dir='ltr'><strong>hanc</strong></span> <span class='ocrx_word' id='word_1_777' title='bbox 2412 4439 2884 4513; x_wconf 67' lang='grc' dir='ltr'>ριίιξδυιιιμιὶοιιθιιι</span> <span class='ocrx_word' id='word_1_778' title='bbox 2923 4440 3083 4513; x_wconf 78' lang='lat' dir='ltr'><strong>toties</strong></span> <span class='ocrx_word' id='word_1_779' title='bbox 3119 4436 3342 4513; x_wconf 86' lang='lat' dir='ltr'><strong>damnat</strong></span> <span class='ocrx_word' id='word_1_780' title='bbox 3375 4436 3688 4509; x_wconf 69' lang='lat' dir='ltr'><strong>Scriptura,</strong></span> 
     </span>
    </p>
   </div>
   <div class='ocr_carea' id='block_1_118' title="bbox 444 4505 2009 4579">
    <p class='ocr_par' dir='ltr' id='par_1_118' title="bbox 444 4505 2009 4579">
     <span class='ocr_line' id='line_1_119' title="bbox 444 4505 2009 4579; baseline 0.002 -21"><span class='ocrx_word' id='word_1_781' title='bbox 444 4505 477 4579; x_wconf 88' lang='lat'><strong>7_</strong></span> <span class='ocrx_word' id='word_1_782' title='bbox 510 4508 562 4579; x_wconf 83' lang='lat' dir='ltr'><strong>in</strong></span> <span class='ocrx_word' id='word_1_783' title='bbox 586 4505 771 4579; x_wconf 80' lang='lat' dir='ltr'><strong>Josue,</strong></span> <span class='ocrx_word' id='word_1_784' title='bbox 797 4508 1047 4579; x_wconf 78' lang='lat' dir='ltr'><strong>Clemens</strong></span> <span class='ocrx_word' id='word_1_785' title='bbox 1076 4505 1473 4579; x_wconf 48' lang='lat' dir='ltr'><strong>Alegandrinus</strong></span> <span class='ocrx_word' id='word_1_786' title='bbox 1499 4508 1590 4561; x_wconf 89' lang='lat' dir='ltr'><strong>lib.</strong></span> <span class='ocrx_word' id='word_1_787' title='bbox 1624 4505 2009 4579; x_wconf 54' lang='lat' dir='ltr'><strong>tt&#39;Pwdagogi,</strong></span> 
     </span>
    </p>
   </div>
   <div class='ocr_carea' id='block_1_119' title="bbox 445 4575 2010 4645">
    <p class='ocr_par' dir='ltr' id='par_1_119' title="bbox 445 4575 2010 4645">
     <span class='ocr_line' id='line_1_120' title="bbox 445 4575 2010 4645; baseline 0.003 -19"><span class='ocrx_word' id='word_1_788' title='bbox 445 4575 774 4645; x_wconf 51' lang='lat' dir='ltr'><strong>Athanasius</strong></span> <span class='ocrx_word' id='word_1_789' title='bbox 810 4577 860 4628; x_wconf 91' lang='lat' dir='ltr'><strong>in</strong></span> <span class='ocrx_word' id='word_1_790' title='bbox 895 4577 1147 4645; x_wconf 80' lang='lat' dir='ltr'><strong>Synopsi,</strong></span> <span class='ocrx_word' id='word_1_791' title='bbox 1178 4576 1509 4644; x_wconf 75' lang='lat' dir='ltr'><strong>Epiphanius</strong></span> <span class='ocrx_word' id='word_1_792' title='bbox 1533 4587 1721 4633; x_wconf 85' lang='lat' dir='ltr'><strong>contra</strong></span> <span class='ocrx_word' id='word_1_793' title='bbox 1765 4575 2010 4632; x_wconf 76' lang='lat' dir='ltr'><strong>literesitii</strong></span> 
     </span>
    </p>
   </div>
   <div class='ocr_carea' id='block_1_120' title="bbox 444 4642 2013 4713">
    <p class='ocr_par' dir='ltr' id='par_1_120' title="bbox 444 4642 2013 4713">
     <span class='ocr_line' id='line_1_121' title="bbox 444 4642 2013 4713; baseline 0.005 -17"><span class='ocrx_word' id='word_1_794' title='bbox 444 4642 508 4697; x_wconf 80' lang='lat' dir='ltr'><strong>5t</strong></span> <span class='ocrx_word' id='word_1_795' title='bbox 543 4655 596 4697; x_wconf 88' lang='lat' dir='ltr'><strong>et</strong></span> <span class='ocrx_word' id='word_1_796' title='bbox 616 4644 705 4707; x_wconf 85' lang='lat'><strong>76,</strong></span> <span class='ocrx_word' id='word_1_797' title='bbox 729 4642 1149 4713; x_wconf 78' lang='lat' dir='ltr'><strong>Chrysostoinus</strong></span> <span class='ocrx_word' id='word_1_798' title='bbox 1182 4642 1236 4698; x_wconf 84' lang='lat' dir='ltr'><strong>in</strong></span> <span class='ocrx_word' id='word_1_799' title='bbox 1270 4642 1413 4699; x_wconf 82' lang='lat' dir='ltr'><strong>Psal.</strong></span> <span class='ocrx_word' id='word_1_800' title='bbox 1444 4662 1550 4712; x_wconf 70' lang='lat' dir='ltr'><strong>scr,</strong></span> <span class='ocrx_word' id='word_1_801' title='bbox 1578 4658 1632 4701; x_wconf 87' lang='lat' dir='ltr'><strong>et</strong></span> <span class='ocrx_word' id='word_1_802' title='bbox 1652 4647 2013 4704; x_wconf 85' lang='lat' dir='ltr'><strong>Damascenus</strong></span> 
     </span>
    </p>
   </div>
   <div class='ocr_carea' id='block_1_121' title="bbox 445 4713 1190 4779">
    <p class='ocr_par' dir='ltr' id='par_1_121' title="bbox 445 4713 1190 4779">
     <span class='ocr_line' id='line_1_122' title="bbox 445 4713 1190 4779; baseline 0.004 -14"><span class='ocrx_word' id='word_1_803' title='bbox 445 4713 539 4766; x_wconf 90' lang='lat' dir='ltr'><strong>lib.</strong></span> <span class='ocrx_word' id='word_1_804' title='bbox 572 4729 621 4767; x_wconf 86' lang='lat' dir='ltr'><strong>tv</strong></span> <span class='ocrx_word' id='word_1_805' title='bbox 648 4713 721 4766; x_wconf 82' lang='lat' dir='ltr'><strong>De</strong></span> <span class='ocrx_word' id='word_1_806' title='bbox 744 4715 847 4779; x_wconf 83' lang='lat' dir='ltr'><strong>[ide</strong></span> <span class='ocrx_word' id='word_1_807' title='bbox 877 4717 1190 4769; x_wconf 71' lang='lat' dir='ltr'><strong>orthodoxa.</strong></span> 
     </span>
    </p>
   </div>
   <div class='ocr_carea' id='block_1_122' title="bbox 522 4782 2008 4852">
    <p class='ocr_par' dir='ltr' id='par_1_122' title="bbox 522 4782 2008 4852">
     <span class='ocr_line' id='line_1_123' title="bbox 522 4782 2008 4852; baseline 0.001 -15"><span class='ocrx_word' id='word_1_808' title='bbox 522 4782 693 4837; x_wconf 88' lang='lat' dir='ltr'><strong>Unius</strong></span> <span class='ocrx_word' id='word_1_809' title='bbox 740 4790 945 4835; x_wconf 86' lang='lat' dir='ltr'><strong>tantum</strong></span> <span class='ocrx_word' id='word_1_810' title='bbox 1007 4783 1343 4852; x_wconf 77' lang='lat' dir='ltr'><strong>Hieronymi,</strong></span> <span class='ocrx_word' id='word_1_811' title='bbox 1405 4783 1636 4838; x_wconf 89' lang='lat' dir='ltr'><strong>aliorum</strong></span> <span class='ocrx_word' id='word_1_812' title='bbox 1692 4783 2008 4839; x_wconf 91' lang='lat' dir='ltr'><strong>Latinorum</strong></span> 
     </span>
    </p>
   </div>
   <div class='ocr_carea' id='block_1_123' title="bbox 450 4850 2009 4919">
    <p class='ocr_par' dir='ltr' id='par_1_123' title="bbox 450 4850 2009 4919">
     <span class='ocr_line' id='line_1_124' title="bbox 450 4850 2009 4919; baseline 0.004 -15"><span class='ocrx_word' id='word_1_813' title='bbox 450 4850 669 4905; x_wconf 81' lang='lat' dir='ltr'><strong>Patrum</strong></span> <span class='ocrx_word' id='word_1_814' title='bbox 697 4853 833 4917; x_wconf 85' lang='lat' dir='ltr'><strong>vice,</strong></span> <span class='ocrx_word' id='word_1_815' title='bbox 876 4850 1221 4906; x_wconf 65' lang='lat' dir='ltr'><strong>sententianr</strong></span> <span class='ocrx_word' id='word_1_816' title='bbox 1246 4856 1384 4907; x_wconf 87' lang='lat' dir='ltr'><strong>addo</strong></span> <span class='ocrx_word' id='word_1_817' title='bbox 1437 4872 1450 4907; x_wconf 91' lang='lat'><strong>:</strong></span> <span class='ocrx_word' id='word_1_818' title='bbox 1492 4872 1510 4905; x_wconf 75' lang='grc' dir='ltr'><strong>ι</strong></span> <span class='ocrx_word' id='word_1_819' title='bbox 1563 4857 1771 4919; x_wconf 78' lang='lat' dir='ltr'><strong>Quarto</strong></span> <span class='ocrx_word' id='word_1_820' title='bbox 1800 4857 2009 4910; x_wconf 83' lang='lat' dir='ltr'><strong>decimo</strong></span> 
     </span>
    </p>
   </div>
   <div class='ocr_carea' id='block_1_124' title="bbox 446 4922 2009 4993">
    <p class='ocr_par' dir='ltr' id='par_1_124' title="bbox 446 4922 2009 4993">
     <span class='ocr_line' id='line_1_125' title="bbox 446 4922 2009 4993; baseline 0.003 -20"><span class='ocrx_word' id='word_1_821' title='bbox 446 4936 619 4984; x_wconf 83' lang='lat' dir='ltr'><strong>anno,</strong></span> <span class='ocrx_word' id='word_1_822' title='bbox 652 4922 848 4989; x_wconf 84' lang='lat' dir='ltr'><strong>inquit,</strong></span> <span class='ocrx_word' id='word_1_823' title='bbox 871 4924 1180 4993; x_wconf 69' lang='lat' dir='ltr'><strong>secandam</strong></span> <span class='ocrx_word' id='word_1_824' title='bbox 1205 4932 1325 4993; x_wconf 75' lang='lat' dir='ltr'><strong>post</strong></span> <span class='ocrx_word' id='word_1_825' title='bbox 1359 4923 1628 4977; x_wconf 85' lang='lat' dir='ltr'><strong>Neronem</strong></span> <span class='ocrx_word' id='word_1_826' title='bbox 1676 4927 2009 4993; x_wconf 89' lang='lat' dir='ltr'><strong>persecutio-</strong></span> 
     </span>
    </p>
   </div>
   <div class='ocr_carea' id='block_1_125' title="bbox 447 4991 2011 5055">
    <p class='ocr_par' dir='ltr' id='par_1_125' title="bbox 447 4991 2011 5055">
     <span class='ocr_line' id='line_1_126' title="bbox 447 4991 2011 5055; baseline 0.003 -13"><span class='ocrx_word' id='word_1_827' title='bbox 447 5005 569 5043; x_wconf 92' lang='lat' dir='ltr'><strong>nem</strong></span> <span class='ocrx_word' id='word_1_828' title='bbox 600 5001 845 5044; x_wconf 85' lang='lat' dir='ltr'><strong>movente</strong></span> <span class='ocrx_word' id='word_1_829' title='bbox 868 4991 1189 5055; x_wconf 88' lang='lat' dir='ltr'><strong>Domitiano,</strong></span> <span class='ocrx_word' id='word_1_830' title='bbox 1222 4991 1457 5046; x_wconf 78' lang='lat' dir='ltr'><strong>Joannes</strong></span> <span class='ocrx_word' id='word_1_831' title='bbox 1490 4995 1541 5046; x_wconf 93' lang='lat' dir='ltr'><strong>in</strong></span> <span class='ocrx_word' id='word_1_832' title='bbox 1576 4991 1837 5047; x_wconf 86' lang='lat' dir='ltr'><strong>Patinnon</strong></span> <span class='ocrx_word' id='word_1_833' title='bbox 1872 4994 2011 5047; x_wconf 84' lang='lat' dir='ltr'><strong>rele-</strong></span> 
     </span>
    </p>
   </div>
   <div class='ocr_carea' id='block_1_126' title="bbox 446 5060 2011 5130">
    <p class='ocr_par' dir='ltr' id='par_1_126' title="bbox 446 5060 2011 5130">
     <span class='ocr_line' id='line_1_127' title="bbox 446 5060 2011 5130; baseline 0.004 -20"><span class='ocrx_word' id='word_1_834' title='bbox 446 5070 631 5126; x_wconf 70' lang='lat' dir='ltr'><strong>gatus,</strong></span> <span class='ocrx_word' id='word_1_835' title='bbox 672 5060 891 5123; x_wconf 70' lang='lat' dir='ltr'><strong>scripsit</strong></span> <span class='ocrx_word' id='word_1_836' title='bbox 938 5060 1338 5129; x_wconf 82' lang='lat' dir='ltr'><strong>Apocalypsim,</strong></span> <span class='ocrx_word' id='word_1_837' title='bbox 1386 5077 1549 5130; x_wconf 87' lang='lat' dir='ltr'><strong>quam</strong></span> <span class='ocrx_word' id='word_1_838' title='bbox 1583 5064 2011 5130; x_wconf 85' lang='lat' dir='ltr'><strong>interpretantur</strong></span> 
     </span>
    </p>
   </div>
   <div class='ocr_carea' id='block_1_127' title="bbox 445 5129 2009 5200">
    <p class='ocr_par' dir='ltr' id='par_1_127' title="bbox 445 5129 2009 5200">
     <span class='ocr_line' id='line_1_128' title="bbox 445 5129 2009 5200; baseline 0.004 -20"><span class='ocrx_word' id='word_1_839' title='bbox 445 5129 689 5200; x_wconf 63' lang='lat' dir='ltr'><strong>Justinus</strong></span> <span class='ocrx_word' id='word_1_840' title='bbox 740 5139 952 5200; x_wconf 80' lang='lat' dir='ltr'><strong>martyr</strong></span> <span class='ocrx_word' id='word_1_841' title='bbox 988 5140 1060 5200; x_wconf 6' lang='lat' dir='ltr'><strong>aet</strong></span> <span class='ocrx_word' id='word_1_842' title='bbox 1085 5131 1316 5200; x_wconf 63' lang='lat' dir='ltr'><strong>[renatus</strong></span> <span class='ocrx_word' id='word_1_843' title='bbox 1348 5129 1416 5183; x_wconf 76' lang='grc'><strong>⁷³.</strong></span> <span class='ocrx_word' id='word_1_844' title='bbox 1468 5149 1488 5183; x_wconf 76' lang='grc' dir='ltr'><strong>ι</strong></span> <span class='ocrx_word' id='word_1_845' title='bbox 1526 5131 1592 5184; x_wconf 77' lang='grc' dir='ltr'><strong>ΕΙ.</strong></span> <span class='ocrx_word' id='word_1_846' title='bbox 1625 5134 1678 5185; x_wconf 92' lang='lat' dir='ltr'><strong>in</strong></span> <span class='ocrx_word' id='word_1_847' title='bbox 1726 5129 1885 5200; x_wconf 81' lang='lat' dir='ltr'><strong>epist.</strong></span> <span class='ocrx_word' id='word_1_848' title='bbox 1942 5134 2009 5186; x_wconf 90' lang='lat' dir='ltr'><strong>ad</strong></span> 
     </span>
    </p>
   </div>
   <div class='ocr_carea' id='block_1_128' title="bbox 446 5196 2011 5269">
    <p class='ocr_par' dir='ltr' id='par_1_128' title="bbox 446 5196 2011 5269">
     <span class='ocr_line' id='line_1_129' title="bbox 446 5196 2011 5269; baseline 0.004 -21"><span class='ocrx_word' id='word_1_849' title='bbox 446 5196 657 5251; x_wconf 76' lang='lat' dir='ltr'><strong>Paulin.</strong></span> <span class='ocrx_word' id='word_1_850' title='bbox 688 5212 704 5246; x_wconf 87' lang='lat'><strong>:</strong></span> <span class='ocrx_word' id='word_1_851' title='bbox 746 5214 765 5249; x_wconf 82' lang='grc' dir='ltr'><strong>ι</strong></span> <span class='ocrx_word' id='word_1_852' title='bbox 799 5196 1148 5269; x_wconf 60' lang='grc' dir='ltr'><strong>ΔνὸοέιΙγρδίδ</strong></span> <span class='ocrx_word' id='word_1_853' title='bbox 1174 5198 1396 5253; x_wconf 81' lang='lat' dir='ltr'><strong>Joannis</strong></span> <span class='ocrx_word' id='word_1_854' title='bbox 1420 5206 1497 5254; x_wconf 89' lang='lat' dir='ltr'><strong>tot</strong></span> <span class='ocrx_word' id='word_1_855' title='bbox 1520 5203 1681 5256; x_wconf 87' lang='lat' dir='ltr'><strong>habet</strong></span> <span class='ocrx_word' id='word_1_856' title='bbox 1701 5196 2011 5255; x_wconf 79' lang='lat' dir='ltr'><strong>sacramen-</strong></span> 
     </span>
    </p>
   </div>
   <div class='ocr_carea' id='block_1_129' title="bbox 451 5265 2009 5336">
    <p class='ocr_par' dir='ltr' id='par_1_129' title="bbox 451 5265 2009 5336">
     <span class='ocr_line' id='line_1_130' title="bbox 451 5265 2009 5336; baseline 0.006 -21"><span class='ocrx_word' id='word_1_857' title='bbox 451 5275 523 5336; x_wconf 82' lang='lat' dir='ltr'><strong>ta,</strong></span> <span class='ocrx_word' id='word_1_858' title='bbox 559 5276 690 5333; x_wconf 82' lang='lat' dir='ltr'><strong>quot</strong></span> <span class='ocrx_word' id='word_1_859' title='bbox 717 5268 901 5321; x_wconf 87' lang='lat' dir='ltr'><strong>verba.</strong></span> <span class='ocrx_word' id='word_1_860' title='bbox 934 5265 1130 5321; x_wconf 74' lang='lat' dir='ltr'><strong>Parum</strong></span> <span class='ocrx_word' id='word_1_861' title='bbox 1160 5271 1270 5322; x_wconf 77' lang='lat' dir='ltr'><strong>dixi</strong></span> <span class='ocrx_word' id='word_1_862' title='bbox 1307 5286 1320 5322; x_wconf 90' lang='lat'><strong>:</strong></span> <span class='ocrx_word' id='word_1_863' title='bbox 1352 5284 1449 5336; x_wconf 89' lang='lat' dir='ltr'><strong>pro</strong></span> <span class='ocrx_word' id='word_1_864' title='bbox 1481 5272 1674 5325; x_wconf 88' lang='lat' dir='ltr'><strong>merito</strong></span> <span class='ocrx_word' id='word_1_865' title='bbox 1718 5272 2009 5326; x_wconf 89' lang='lat' dir='ltr'><strong>voluminis</strong></span> 
     </span>
    </p>
   </div>
   <div class='ocr_carea' id='block_1_130' title="bbox 448 5333 2009 5409">
    <p class='ocr_par' dir='ltr' id='par_1_130' title="bbox 448 5333 2009 5409">
     <span class='ocr_line' id='line_1_131' title="bbox 448 5333 2009 5409; baseline 0.008 -27"><span class='ocrx_word' id='word_1_866' title='bbox 448 5333 563 5409; x_wconf 74' lang='lat' dir='ltr'><strong>laus</strong></span> <span class='ocrx_word' id='word_1_867' title='bbox 592 5337 768 5409; x_wconf 86' lang='lat' dir='ltr'><strong>omnis</strong></span> <span class='ocrx_word' id='word_1_868' title='bbox 830 5337 1053 5409; x_wconf 80' lang='lat' dir='ltr'><strong>inferior</strong></span> <span class='ocrx_word' id='word_1_869' title='bbox 1082 5347 1198 5409; x_wconf 88' lang='lat' dir='ltr'><strong>est;</strong></span> <span class='ocrx_word' id='word_1_870' title='bbox 1246 5340 1301 5392; x_wconf 91' lang='lat' dir='ltr'><strong>in</strong></span> <span class='ocrx_word' id='word_1_871' title='bbox 1333 5333 1513 5409; x_wconf 60' lang='lat' dir='ltr'><strong>verbis</strong></span> <span class='ocrx_word' id='word_1_872' title='bbox 1564 5340 1791 5409; x_wconf 74' lang='lat' dir='ltr'><strong>singulis</strong></span> <span class='ocrx_word' id='word_1_873' title='bbox 1825 5342 2009 5394; x_wconf 88' lang='lat' dir='ltr'><strong>multi-</strong></span> 
     </span>
    </p>
   </div>
   <div class='ocr_carea' id='block_1_131' title="bbox 448 5400 2009 5477">
    <p class='ocr_par' dir='ltr' id='par_1_131' title="bbox 448 5400 2009 5477">
     <span class='ocr_line' id='line_1_132' title="bbox 448 5400 2009 5477; baseline 0.008 -25"><span class='ocrx_word' id='word_1_874' title='bbox 448 5400 618 5469; x_wconf 85' lang='lat' dir='ltr'><strong>plices</strong></span> <span class='ocrx_word' id='word_1_875' title='bbox 651 5404 819 5460; x_wconf 88' lang='lat' dir='ltr'><strong>latent</strong></span> <span class='ocrx_word' id='word_1_876' title='bbox 854 5400 1238 5477; x_wconf 67' lang='lat' dir='ltr'><strong>intelligentiae.</strong></span> <span class='ocrx_word' id='word_1_877' title='bbox 1280 5427 1301 5460; x_wconf 71' lang='grc' dir='ltr'><strong>ι</strong></span> <span class='ocrx_word' id='word_1_878' title='bbox 1340 5406 1509 5463; x_wconf 84' lang='lat' dir='ltr'><strong>Nemo</strong></span> <span class='ocrx_word' id='word_1_879' title='bbox 1547 5400 1727 5464; x_wconf 69' lang='lat' dir='ltr'><strong>autem</strong></span> <span class='ocrx_word' id='word_1_880' title='bbox 1760 5411 2009 5464; x_wconf 86' lang='lat' dir='ltr'><strong>dubitare</strong></span> 
     </span>
    </p>
   </div>
   <div class='ocr_carea' id='block_1_132' title="bbox 450 5538 1591 5613">
    <p class='ocr_par' dir='ltr' id='par_1_132' title="bbox 450 5538 1591 5613">
     <span class='ocr_line' id='line_1_133' title="bbox 450 5538 1591 5613; baseline 0.007 -22"><span class='ocrx_word' id='word_1_881' title='bbox 450 5538 642 5613; x_wconf 22' lang='lat' dir='ltr'><strong>.___“ln</strong></span> <span class='ocrx_word' id='word_1_882' title='bbox 676 5540 885 5613; x_wconf 25' lang='lat' dir='ltr'><strong>adnota</strong></span> <span class='ocrx_word' id='word_1_883' title='bbox 937 5544 981 5575; x_wconf 79' lang='lat'>“</span> <span class='ocrx_word' id='word_1_884' title='bbox 1012 5544 1085 5598; x_wconf 93' lang='lat' dir='ltr'><strong>De</strong></span> <span class='ocrx_word' id='word_1_885' title='bbox 1109 5544 1244 5599; x_wconf 90' lang='lat' dir='ltr'><strong>eccl.</strong></span> <span class='ocrx_word' id='word_1_886' title='bbox 1277 5545 1412 5600; x_wconf 89' lang='lat' dir='ltr'><strong>hier.</strong></span> <span class='ocrx_word' id='word_1_887' title='bbox 1448 5560 1496 5601; x_wconf 91' lang='lat' dir='ltr'><strong>c.</strong></span> <span class='ocrx_word' id='word_1_888' title='bbox 1537 5546 1591 5599; x_wconf 78' lang='lat'><strong>3.</strong></span> 
     </span>
    </p>
   </div>
   <div class='ocr_carea' id='block_1_133' title="bbox 450 5605 1487 5678">
    <p class='ocr_par' dir='ltr' id='par_1_133' title="bbox 450 5605 1487 5678">
     <span class='ocr_line' id='line_1_134' title="bbox 450 5605 1487 5678; baseline 0.01 -20"><span class='ocrx_word' id='word_1_889' title='bbox 450 5605 545 5678; x_wconf 68' lang='lat' dir='ltr'><strong>lib.</strong></span> <span class='ocrx_word' id='word_1_890' title='bbox 577 5623 673 5674; x_wconf 82' lang='lat' dir='ltr'><strong>vn,</strong></span> <span class='ocrx_word' id='word_1_891' title='bbox 707 5609 827 5678; x_wconf 88' lang='lat' dir='ltr'><strong>cap.</strong></span> <span class='ocrx_word' id='word_1_892' title='bbox 863 5611 955 5666; x_wconf 68' lang='lat'><strong>25.</strong></span> <span class='ocrx_word' id='word_1_893' title='bbox 1031 5615 1075 5645; x_wconf 81' lang='grc'><strong>⁸⁸</strong></span> <span class='ocrx_word' id='word_1_894' title='bbox 1100 5614 1296 5669; x_wconf 70' lang='lat' dir='ltr'><strong>Prazsc.</strong></span> <span class='ocrx_word' id='word_1_895' title='bbox 1320 5633 1366 5669; x_wconf 91' lang='lat' dir='ltr'><strong>c.</strong></span> <span class='ocrx_word' id='word_1_896' title='bbox 1400 5616 1487 5670; x_wconf 86' lang='lat'><strong>5|.</strong></span> 
     </span>
    </p>
   </div>
   <div class='ocr_carea' id='block_1_134' title="bbox 452 5675 1392 5753">
    <p class='ocr_par' dir='ltr' id='par_1_134' title="bbox 452 5675 1392 5753">
     <span class='ocr_line' id='line_1_135' title="bbox 452 5675 1392 5753; baseline 0.006 -24"><span class='ocrx_word' id='word_1_897' title='bbox 452 5675 903 5753; x_wconf 25' lang='lat' dir='ltr'><strong>ScorpiacoAadv.</strong></span> <span class='ocrx_word' id='word_1_898' title='bbox 930 5682 1121 5738; x_wconf 88' lang='lat' dir='ltr'><strong>Guost.</strong></span> <span class='ocrx_word' id='word_1_899' title='bbox 1148 5699 1266 5753; x_wconf 85' lang='lat' dir='ltr'><strong>eap.</strong></span> <span class='ocrx_word' id='word_1_900' title='bbox 1312 5686 1392 5738; x_wconf 70' lang='lat' dir='ltr'><strong>I2.</strong></span> 
     </span>
    </p>
   </div>
   <div class='ocr_carea' id='block_1_135' title="bbox 450 5748 1214 5815">
    <p class='ocr_par' dir='ltr' id='par_1_135' title="bbox 450 5748 1214 5815">
     <span class='ocr_line' id='line_1_136' title="bbox 450 5748 1214 5815; baseline 0.005 -14"><span class='ocrx_word' id='word_1_901' title='bbox 450 5760 527 5815; x_wconf 62' lang='lat' dir='ltr'><strong>xi,</strong></span> <span class='ocrx_word' id='word_1_902' title='bbox 567 5753 657 5804; x_wconf 74' lang='lat'><strong>20.</strong></span> <span class='ocrx_word' id='word_1_903' title='bbox 730 5749 775 5780; x_wconf 82' lang='grc'><strong>⁷⁸</strong></span> <span class='ocrx_word' id='word_1_904' title='bbox 806 5748 847 5803; x_wconf 89' lang='grc' dir='ltr'><strong>ΙΙ</strong></span> <span class='ocrx_word' id='word_1_905' title='bbox 875 5752 1018 5806; x_wconf 82' lang='lat' dir='ltr'><strong>Pctr.</strong></span> <span class='ocrx_word' id='word_1_906' title='bbox 1053 5769 1089 5815; x_wconf 83' lang='grc' dir='ltr'>ι,</span> <span class='ocrx_word' id='word_1_907' title='bbox 1129 5753 1214 5805; x_wconf 79' lang='grc'><strong>10.</strong></span> 
     </span>
    </p>
   </div>
   <div class='ocr_carea' id='block_1_136' title="bbox 1680 5542 2456 5615">
    <p class='ocr_par' dir='ltr' id='par_1_136' title="bbox 1680 5542 2456 5615">
     <span class='ocr_line' id='line_1_137' title="bbox 1680 5542 2456 5615; baseline -0.01 -14"><span class='ocrx_word' id='word_1_908' title='bbox 1680 5546 1726 5577; x_wconf 71' lang='grc'><strong>⁸⁸</strong></span> <span class='ocrx_word' id='word_1_909' title='bbox 1754 5546 1957 5615; x_wconf 85' lang='lat' dir='ltr'><strong>Dialog.</strong></span> <span class='ocrx_word' id='word_1_910' title='bbox 1986 5559 2109 5615; x_wconf 78' lang='lat' dir='ltr'><strong>cum</strong></span> <span class='ocrx_word' id='word_1_911' title='bbox 2144 5542 2456 5615; x_wconf 81' lang='lat' dir='ltr'><strong>Tryphone.</strong></span> 
     </span>
    </p>
   </div>
   <div class='ocr_carea' id='block_1_137' title="bbox 1565 5612 2460 5677">
    <p class='ocr_par' dir='ltr' id='par_1_137' title="bbox 1565 5612 2460 5677">
     <span class='ocr_line' id='line_1_138' title="bbox 1565 5612 2460 5677; baseline -0.002 -8"><span class='ocrx_word' id='word_1_912' title='bbox 1565 5616 1608 5647; x_wconf 82' lang='lat'><strong>°’</strong></span> <span class='ocrx_word' id='word_1_913' title='bbox 1641 5614 1757 5669; x_wconf 89' lang='lat' dir='ltr'><strong>Lib.</strong></span> <span class='ocrx_word' id='word_1_914' title='bbox 1796 5631 1854 5668; x_wconf 85' lang='grc' dir='ltr'>ιιι</span> <span class='ocrx_word' id='word_1_915' title='bbox 1886 5612 2008 5667; x_wconf 69' lang='lat' dir='ltr'><strong>adv.</strong></span> <span class='ocrx_word' id='word_1_916' title='bbox 2060 5613 2252 5677; x_wconf 80' lang='lat' dir='ltr'><strong>Marc.,</strong></span> <span class='ocrx_word' id='word_1_917' title='bbox 2287 5628 2332 5665; x_wconf 87' lang='lat' dir='ltr'><strong>c.</strong></span> <span class='ocrx_word' id='word_1_918' title='bbox 2375 5612 2460 5667; x_wconf 79' lang='lat' dir='ltr'><strong>H.</strong></span> 
     </span>
    </p>
   </div>
   <div class='ocr_carea' id='block_1_138' title="bbox 1504 5684 2313 5756">
    <p class='ocr_par' dir='ltr' id='par_1_138' title="bbox 1504 5684 2313 5756">
     <span class='ocr_line' id='line_1_139' title="bbox 1504 5684 2313 5756; baseline -0.006 -15"><span class='ocrx_word' id='word_1_919' title='bbox 1504 5687 1548 5716; x_wconf 78' lang='grc'><strong>⁷³</strong></span> <span class='ocrx_word' id='word_1_920' title='bbox 1591 5687 1763 5740; x_wconf 83' lang='lat' dir='ltr'><strong>Catal.</strong></span> <span class='ocrx_word' id='word_1_921' title='bbox 1794 5691 1961 5756; x_wconf 85' lang='lat' dir='ltr'><strong>scrip.</strong></span> <span class='ocrx_word' id='word_1_922' title='bbox 2014 5684 2313 5738; x_wconf 80' lang='lat' dir='ltr'><strong>ccclesiast.</strong></span> 
     </span>
    </p>
   </div>
   <div class='ocr_carea' id='block_1_139' title="bbox 2118 4506 3692 4577">
    <p class='ocr_par' dir='ltr' id='par_1_139' title="bbox 2118 4506 3692 4577">
     <span class='ocr_line' id='line_1_140' title="bbox 2118 4506 3692 4577; baseline 0.004 -18"><span class='ocrx_word' id='word_1_923' title='bbox 2118 4510 2329 4577; x_wconf 85' lang='lat' dir='ltr'><strong>quoties</strong></span> <span class='ocrx_word' id='word_1_924' title='bbox 2352 4510 2637 4577; x_wconf 71' lang='lat' dir='ltr'><strong>sttadetnt</strong></span> <span class='ocrx_word' id='word_1_925' title='bbox 2671 4518 2954 4577; x_wconf 71' lang='lat' dir='ltr'><strong>timeamus</strong></span> <span class='ocrx_word' id='word_1_926' title='bbox 2983 4506 3295 4576; x_wconf 86' lang='lat' dir='ltr'><strong>Dominum,</strong></span> <span class='ocrx_word' id='word_1_927' title='bbox 3326 4520 3381 4563; x_wconf 91' lang='lat' dir='ltr'><strong>et</strong></span> <span class='ocrx_word' id='word_1_928' title='bbox 3424 4512 3492 4562; x_wconf 84' lang='lat' dir='ltr'><strong>ad</strong></span> <span class='ocrx_word' id='word_1_929' title='bbox 3514 4506 3692 4565; x_wconf 52' lang='lat' dir='ltr'><strong>terri;</strong></span> 
     </span>
    </p>
   </div>
   <div class='ocr_carea' id='block_1_140' title="bbox 2118 4573 3690 4647">
    <p class='ocr_par' dir='ltr' id='par_1_140' title="bbox 2118 4573 3690 4647">
     <span class='ocr_line' id='line_1_141' title="bbox 2118 4573 3690 4647; baseline -0.001 -15"><span class='ocrx_word' id='word_1_930' title='bbox 2118 4573 2246 4632; x_wconf 76' lang='lat' dir='ltr'><strong>bilia</strong></span> <span class='ocrx_word' id='word_1_931' title='bbox 2275 4578 2511 4645; x_wconf 86' lang='lat' dir='ltr'><strong>ejusdem</strong></span> <span class='ocrx_word' id='word_1_932' title='bbox 2547 4573 2748 4647; x_wconf 87' lang='lat' dir='ltr'><strong>judicia</strong></span> <span class='ocrx_word' id='word_1_933' title='bbox 2783 4576 3131 4647; x_wconf 74' lang='lat' dir='ltr'><strong>trepidemus,</strong></span> <span class='ocrx_word' id='word_1_934' title='bbox 3162 4582 3251 4647; x_wconf 82' lang='lat' dir='ltr'><strong>qui</strong></span> <span class='ocrx_word' id='word_1_935' title='bbox 3280 4573 3463 4646; x_wconf 84' lang='lat' dir='ltr'><strong>potest</strong></span> <span class='ocrx_word' id='word_1_936' title='bbox 3491 4594 3690 4646; x_wconf 73' lang='lat' dir='ltr'><strong>corpus</strong></span> 
     </span>
    </p>
   </div>
   <div class='ocr_carea' id='block_1_141' title="bbox 2117 4645 3689 4716">
    <p class='ocr_par' dir='ltr' id='par_1_141' title="bbox 2117 4645 3689 4716">
     <span class='ocr_line' id='line_1_142' title="bbox 2117 4645 3689 4716; baseline 0.003 -15"><span class='ocrx_word' id='word_1_937' title='bbox 2117 4650 2427 4701; x_wconf 82' lang='lat' dir='ltr'><strong>etanintam</strong></span> <span class='ocrx_word' id='word_1_938' title='bbox 2452 4646 2741 4716; x_wconf 85' lang='lat' dir='ltr'><strong>mittere_in</strong></span> <span class='ocrx_word' id='word_1_939' title='bbox 2771 4645 3094 4712; x_wconf 77' lang='lat' dir='ltr'><strong>gehennam.</strong></span> <span class='ocrx_word' id='word_1_940' title='bbox 3130 4645 3359 4716; x_wconf 75' lang='lat' dir='ltr'><strong>Damnat</strong></span> <span class='ocrx_word' id='word_1_941' title='bbox 3403 4645 3689 4716; x_wconf 85' lang='lat' dir='ltr'><strong>speciatim</strong></span> 
     </span>
    </p>
   </div>
   <div class='ocr_carea' id='block_1_142' title="bbox 2119 4712 3689 4785">
    <p class='ocr_par' dir='ltr' id='par_1_142' title="bbox 2119 4712 3689 4785">
     <span class='ocr_line' id='line_1_143' title="bbox 2119 4712 3689 4785; baseline 0.001 -15"><span class='ocrx_word' id='word_1_942' title='bbox 2119 4716 2317 4770; x_wconf 74' lang='lat' dir='ltr'><strong>Paulus</strong></span> <span class='ocrx_word' id='word_1_943' title='bbox 2342 4716 2528 4769; x_wconf 89' lang='lat' dir='ltr'><strong>dicens</strong></span> <span class='ocrx_word' id='word_1_944' title='bbox 2556 4728 2622 4785; x_wconf 76' lang='lat' dir='ltr'><strong>:_r</strong></span> <span class='ocrx_word' id='word_1_945' title='bbox 2670 4712 2750 4767; x_wconf 87' lang='lat' dir='ltr'><strong>Tu</strong></span> <span class='ocrx_word' id='word_1_946' title='bbox 2796 4716 2899 4768; x_wconf 86' lang='lat' dir='ltr'><strong>lide</strong></span> <span class='ocrx_word' id='word_1_947' title='bbox 2918 4726 3089 4785; x_wconf 4' lang='lat' dir='ltr'><strong>astas:</strong></span> <span class='ocrx_word' id='word_1_948' title='bbox 3129 4715 3237 4771; x_wconf 93' lang='lat' dir='ltr'><strong>noli</strong></span> <span class='ocrx_word' id='word_1_949' title='bbox 3264 4712 3448 4769; x_wconf 57' lang='lat' dir='ltr'><strong>altum&#39;</strong></span> <span class='ocrx_word' id='word_1_950' title='bbox 3473 4732 3689 4785; x_wconf 83' lang='lat' dir='ltr'><strong>sapere,</strong></span> 
     </span>
    </p>
   </div>
   <div class='ocr_carea' id='block_1_143' title="bbox 2118 4783 3693 4855">
    <p class='ocr_par' dir='ltr' id='par_1_143' title="bbox 2118 4783 3693 4855">
     <span class='ocr_line' id='line_1_144' title="bbox 2118 4783 3693 4855; baseline 0.001 -15"><span class='ocrx_word' id='word_1_951' title='bbox 2118 4788 2209 4840; x_wconf 87' lang='lat' dir='ltr'><strong>sed</strong></span> <span class='ocrx_word' id='word_1_952' title='bbox 2246 4785 2373 4838; x_wconf 86' lang='lat' dir='ltr'><strong>time</strong></span> <span class='ocrx_word' id='word_1_953' title='bbox 2396 4784 2463 4837; x_wconf 79' lang='grc'><strong>⁷⁵.</strong></span> <span class='ocrx_word' id='word_1_954' title='bbox 2502 4801 2521 4834; x_wconf 77' lang='grc' dir='ltr'><strong>ι</strong></span> <span class='ocrx_word' id='word_1_955' title='bbox 2573 4783 2800 4836; x_wconf 86' lang='lat' dir='ltr'><strong>Damnat</strong></span> <span class='ocrx_word' id='word_1_956' title='bbox 2830 4793 2883 4836; x_wconf 91' lang='lat' dir='ltr'><strong>et</strong></span> <span class='ocrx_word' id='word_1_957' title='bbox 2915 4783 3107 4855; x_wconf 85' lang='lat' dir='ltr'><strong>Petrus</strong></span> <span class='ocrx_word' id='word_1_958' title='bbox 3142 4786 3361 4854; x_wconf 88' lang='lat' dir='ltr'><strong>jubens,</strong></span> <span class='ocrx_word' id='word_1_959' title='bbox 3414 4804 3432 4835; x_wconf 85' lang='grc' dir='ltr'><strong>ι</strong></span> <span class='ocrx_word' id='word_1_960' title='bbox 3479 4783 3556 4838; x_wconf 58' lang='grc' dir='ltr'><strong>υ(</strong></span> <span class='ocrx_word' id='word_1_961' title='bbox 3596 4803 3693 4855; x_wconf 90' lang='lat' dir='ltr'><strong>per</strong></span> 
     </span>
    </p>
   </div>
   <div class='ocr_carea' id='block_1_144' title="bbox 2117 4854 3691 4922">
    <p class='ocr_par' dir='ltr' id='par_1_144' title="bbox 2117 4854 3691 4922">
     <span class='ocr_line' id='line_1_145' title="bbox 2117 4854 3691 4922; baseline 0 -12"><span class='ocrx_word' id='word_1_962' title='bbox 2117 4858 2257 4910; x_wconf 87' lang='lat' dir='ltr'><strong>bona</strong></span> <span class='ocrx_word' id='word_1_963' title='bbox 2280 4869 2443 4922; x_wconf 82' lang='lat' dir='ltr'><strong>Opera</strong></span> <span class='ocrx_word' id='word_1_964' title='bbox 2469 4861 2650 4905; x_wconf 86' lang='lat' dir='ltr'><strong>nostra</strong></span> <span class='ocrx_word' id='word_1_965' title='bbox 2686 4862 2889 4906; x_wconf 88' lang='lat' dir='ltr'><strong>certam</strong></span> <span class='ocrx_word' id='word_1_966' title='bbox 2913 4854 3250 4908; x_wconf 87' lang='lat' dir='ltr'><strong>vocationem</strong></span> <span class='ocrx_word' id='word_1_967' title='bbox 3279 4865 3333 4907; x_wconf 89' lang='lat' dir='ltr'><strong>et</strong></span> <span class='ocrx_word' id='word_1_968' title='bbox 3361 4854 3691 4910; x_wconf 83' lang='lat' dir='ltr'><strong>electionem</strong></span> 
     </span>
    </p>
   </div>
   <div class='ocr_carea' id='block_1_145' title="bbox 2116 4922 2787 4978">
    <p class='ocr_par' dir='ltr' id='par_1_145' title="bbox 2116 4922 2787 4978">
     <span class='ocr_line' id='line_1_146' title="bbox 2116 4922 2787 4978; baseline -0.004 -1"><span class='ocrx_word' id='word_1_969' title='bbox 2116 4934 2355 4978; x_wconf 85' lang='lat' dir='ltr'><strong>nostram</strong></span> <span class='ocrx_word' id='word_1_970' title='bbox 2387 4923 2651 4975; x_wconf 69' lang='lat' dir='ltr'><strong>faciamus</strong></span> <span class='ocrx_word' id='word_1_971' title='bbox 2669 4922 2734 4974; x_wconf 77' lang='lat'><strong>7‘.</strong></span> <span class='ocrx_word' id='word_1_972' title='bbox 2768 4940 2787 4973; x_wconf 78' lang='grc' dir='ltr'><strong>ι</strong></span> 
     </span>
    </p>
   </div>
   <div class='ocr_carea' id='block_1_146' title="bbox 2189 4990 3694 5059">
    <p class='ocr_par' dir='ltr' id='par_1_146' title="bbox 2189 4990 3694 5059">
     <span class='ocr_line' id='line_1_147' title="bbox 2189 4990 3694 5059; baseline 0.001 -14"><span class='ocrx_word' id='word_1_973' title='bbox 2189 4992 2344 5045; x_wconf 81' lang='lat' dir='ltr'><strong>Nunc</strong></span> <span class='ocrx_word' id='word_1_974' title='bbox 2367 5000 2537 5043; x_wconf 83' lang='lat' dir='ltr'><strong>autem</strong></span> <span class='ocrx_word' id='word_1_975' title='bbox 2560 4993 2727 5045; x_wconf 83' lang='lat' dir='ltr'><strong>tribus</strong></span> <span class='ocrx_word' id='word_1_976' title='bbox 2755 4991 2956 5043; x_wconf 86' lang='lat' dir='ltr'><strong>diebus.</strong></span> <span class='ocrx_word' id='word_1_977' title='bbox 2990 4990 3198 5044; x_wconf 91' lang='lat' dir='ltr'><strong>Diserte</strong></span> <span class='ocrx_word' id='word_1_978' title='bbox 3229 4990 3410 5052; x_wconf 89' lang='lat' dir='ltr'><strong>docet,</strong></span> <span class='ocrx_word' id='word_1_979' title='bbox 3451 4990 3505 5042; x_wconf 92' lang='lat' dir='ltr'><strong>id</strong></span> <span class='ocrx_word' id='word_1_980' title='bbox 3546 4992 3694 5059; x_wconf 85' lang='lat' dir='ltr'><strong>quod</strong></span> 
     </span>
    </p>
   </div>
   <div class='ocr_carea' id='block_1_147' title="bbox 2117 5060 3688 5115">
    <p class='ocr_par' dir='ltr' id='par_1_147' title="bbox 2117 5060 3688 5115">
     <span class='ocr_line' id='line_1_148' title="bbox 2117 5060 3688 5115; baseline -0.001 0"><span class='ocrx_word' id='word_1_981' title='bbox 2117 5062 2345 5115; x_wconf 78' lang='lat' dir='ltr'><strong>ﬁrmiter</strong></span> <span class='ocrx_word' id='word_1_982' title='bbox 2382 5062 2683 5114; x_wconf 84' lang='lat' dir='ltr'><strong>credtditet</strong></span> <span class='ocrx_word' id='word_1_983' title='bbox 2710 5060 2975 5114; x_wconf 86' lang='lat' dir='ltr'><strong>catholice</strong></span> <span class='ocrx_word' id='word_1_984' title='bbox 3015 5063 3231 5114; x_wconf 86' lang='lat' dir='ltr'><strong>tradidit</strong></span> <span class='ocrx_word' id='word_1_985' title='bbox 3272 5061 3546 5113; x_wconf 79' lang='lat' dir='ltr'><strong>catholica</strong></span> <span class='ocrx_word' id='word_1_986' title='bbox 3589 5062 3688 5113; x_wconf 71' lang='lat' dir='ltr'><strong>Ec-</strong></span> 
     </span>
    </p>
   </div>
   <div class='ocr_carea' id='block_1_148' title="bbox 2113 5129 3692 5196">
    <p class='ocr_par' dir='ltr' id='par_1_148' title="bbox 2113 5129 3692 5196">
     <span class='ocr_line' id='line_1_149' title="bbox 2113 5129 3692 5196; baseline -0.003 -10"><span class='ocrx_word' id='word_1_987' title='bbox 2113 5134 2277 5187; x_wconf 79' lang='lat' dir='ltr'><strong>clesia</strong></span> <span class='ocrx_word' id='word_1_988' title='bbox 2310 5133 2375 5184; x_wconf 89' lang='lat' dir='ltr'><strong>de</strong></span> <span class='ocrx_word' id='word_1_989' title='bbox 2426 5131 2686 5184; x_wconf 88' lang='lat' dir='ltr'><strong>descensu</strong></span> <span class='ocrx_word' id='word_1_990' title='bbox 2715 5129 2919 5182; x_wconf 87' lang='lat' dir='ltr'><strong>Christi</strong></span> <span class='ocrx_word' id='word_1_991' title='bbox 2962 5130 3027 5183; x_wconf 91' lang='lat' dir='ltr'><strong>ad</strong></span> <span class='ocrx_word' id='word_1_992' title='bbox 3067 5130 3290 5190; x_wconf 81' lang='lat' dir='ltr'><strong>inferos,</strong></span> <span class='ocrx_word' id='word_1_993' title='bbox 3325 5144 3527 5196; x_wconf 85' lang='lat' dir='ltr'><strong>nempe</strong></span> <span class='ocrx_word' id='word_1_994' title='bbox 3576 5131 3692 5181; x_wconf 78' lang='lat' dir='ltr'><strong>aui-</strong></span> 
     </span>
    </p>
   </div>
   <div class='ocr_carea' id='block_1_149' title="bbox 2115 5199 3693 5269">
    <p class='ocr_par' dir='ltr' id='par_1_149' title="bbox 2115 5199 3693 5269">
     <span class='ocr_line' id='line_1_150' title="bbox 2115 5199 3693 5269; baseline -0.003 -14"><span class='ocrx_word' id='word_1_995' title='bbox 2115 5217 2257 5255; x_wconf 89' lang='lat' dir='ltr'><strong>mam</strong></span> <span class='ocrx_word' id='word_1_996' title='bbox 2288 5200 2457 5269; x_wconf 90' lang='lat' dir='ltr'><strong>ipsius</strong></span> <span class='ocrx_word' id='word_1_997' title='bbox 2502 5199 2803 5264; x_wconf 84' lang='lat' dir='ltr'><strong>sejunctaut</strong></span> <span class='ocrx_word' id='word_1_998' title='bbox 2828 5214 2858 5250; x_wconf 83' lang='lat' dir='ltr'><strong>a</strong></span> <span class='ocrx_word' id='word_1_999' title='bbox 2892 5212 3139 5266; x_wconf 81' lang='lat' dir='ltr'><strong>corpore,</strong></span> <span class='ocrx_word' id='word_1_1000' title='bbox 3188 5216 3291 5252; x_wconf 91' lang='lat' dir='ltr'><strong>non</strong></span> <span class='ocrx_word' id='word_1_1001' title='bbox 3324 5208 3535 5251; x_wconf 86' lang='lat' dir='ltr'><strong>tantum</strong></span> <span class='ocrx_word' id='word_1_1002' title='bbox 3570 5214 3693 5265; x_wconf 68' lang='lat' dir='ltr'><strong>ope~</strong></span> 
     </span>
    </p>
   </div>
   <div class='ocr_carea' id='block_1_150' title="bbox 2113 5269 3687 5337">
    <p class='ocr_par' dir='ltr' id='par_1_150' title="bbox 2113 5269 3687 5337">
     <span class='ocr_line' id='line_1_151' title="bbox 2113 5269 3687 5337; baseline -0.004 -12"><span class='ocrx_word' id='word_1_1003' title='bbox 2113 5272 2321 5325; x_wconf 82' lang='lat' dir='ltr'><strong>ratione</strong></span> <span class='ocrx_word' id='word_1_1004' title='bbox 2379 5270 2642 5337; x_wconf 85' lang='lat' dir='ltr'><strong>quadam,</strong></span> <span class='ocrx_word' id='word_1_1005' title='bbox 2699 5269 2793 5322; x_wconf 87' lang='lat' dir='ltr'><strong>sed</strong></span> <span class='ocrx_word' id='word_1_1006' title='bbox 2841 5271 3058 5336; x_wconf 82' lang='lat' dir='ltr'><strong>prepria</strong></span> <span class='ocrx_word' id='word_1_1007' title='bbox 3116 5271 3442 5336; x_wconf 72' lang='lat' dir='ltr'><strong>prmsentia,</strong></span> <span class='ocrx_word' id='word_1_1008' title='bbox 3508 5277 3570 5317; x_wconf 90' lang='lat' dir='ltr'><strong>ut</strong></span> <span class='ocrx_word' id='word_1_1009' title='bbox 3638 5285 3687 5319; x_wconf 85' lang='lat' dir='ltr'><strong>tu</strong></span> 
     </span>
    </p>
   </div>
   <div class='ocr_carea' id='block_1_151' title="bbox 2111 5338 3688 5406">
    <p class='ocr_par' dir='ltr' id='par_1_151' title="bbox 2111 5338 3688 5406">
     <span class='ocr_line' id='line_1_152' title="bbox 2111 5338 3688 5406; baseline -0.005 -12"><span class='ocrx_word' id='word_1_1010' title='bbox 2111 5341 2315 5394; x_wconf 87' lang='lat' dir='ltr'><strong>scholis</strong></span> <span class='ocrx_word' id='word_1_1011' title='bbox 2371 5341 2680 5405; x_wconf 86' lang='lat' dir='ltr'><strong>loquimur,</strong></span> <span class='ocrx_word' id='word_1_1012' title='bbox 2726 5338 3008 5390; x_wconf 73' lang='lat' dir='ltr'><strong>inferiores</strong></span> <span class='ocrx_word' id='word_1_1013' title='bbox 3073 5347 3254 5406; x_wconf 81' lang='lat' dir='ltr'><strong>partes</strong></span> <span class='ocrx_word' id='word_1_1014' title='bbox 3306 5346 3480 5406; x_wconf 55' lang='lat' dir='ltr'><strong>terra}</strong></span> <span class='ocrx_word' id='word_1_1015' title='bbox 3526 5350 3688 5402; x_wconf 72' lang='lat' dir='ltr'><strong>pene.</strong></span> 
     </span>
    </p>
   </div>
   <div class='ocr_carea' id='block_1_152' title="bbox 2114 5405 3689 5475">
    <p class='ocr_par' dir='ltr' id='par_1_152' title="bbox 2114 5405 3689 5475">
     <span class='ocr_line' id='line_1_153' title="bbox 2114 5405 3689 5475; baseline -0.005 -12"><span class='ocrx_word' id='word_1_1016' title='bbox 2114 5419 2323 5475; x_wconf 74' lang='lat' dir='ltr'><strong>trassc;</strong></span> <span class='ocrx_word' id='word_1_1017' title='bbox 2378 5416 2431 5462; x_wconf 89' lang='lat' dir='ltr'><strong>et</strong></span> <span class='ocrx_word' id='word_1_1018' title='bbox 2476 5409 2542 5462; x_wconf 88' lang='lat' dir='ltr'><strong>ad</strong></span> <span class='ocrx_word' id='word_1_1019' title='bbox 2588 5407 2788 5471; x_wconf 88' lang='lat' dir='ltr'><strong>locum,</strong></span> <span class='ocrx_word' id='word_1_1020' title='bbox 2839 5421 2945 5475; x_wconf 85' lang='lat' dir='ltr'><strong>quo</strong></span> <span class='ocrx_word' id='word_1_1021' title='bbox 2980 5405 3291 5461; x_wconf 84' lang='lat' dir='ltr'><strong>sanctorum</strong></span> <span class='ocrx_word' id='word_1_1022' title='bbox 3351 5405 3582 5474; x_wconf 85' lang='lat' dir='ltr'><strong>spiritus</strong></span> <span class='ocrx_word' id='word_1_1023' title='bbox 3615 5417 3689 5455; x_wconf 81' lang='lat' dir='ltr'><strong>te-</strong></span> 
     </span>
    </p>
   </div>
   <div class='ocr_carea' id='block_1_153' title="bbox 2544 5535 3688 5601">
    <p class='ocr_par' dir='ltr' id='par_1_153' title="bbox 2544 5535 3688 5601">
     <span class='ocr_line' id='line_1_154' title="bbox 2544 5535 3688 5601; baseline -0.004 -6"><span class='ocrx_word' id='word_1_1024' title='bbox 2544 5540 2586 5572; x_wconf 82' lang='lat'><strong>&quot;</strong></span> <span class='ocrx_word' id='word_1_1025' title='bbox 2628 5540 2824 5594; x_wconf 86' lang='lat' dir='ltr'><strong>Euseb.</strong></span> <span class='ocrx_word' id='word_1_1026' title='bbox 2854 5538 2993 5594; x_wconf 80' lang='lat' dir='ltr'><strong>liist.</strong></span> <span class='ocrx_word' id='word_1_1027' title='bbox 3026 5538 3117 5592; x_wconf 89' lang='lat' dir='ltr'><strong>lib.</strong></span> <span class='ocrx_word' id='word_1_1028' title='bbox 3147 5554 3217 5601; x_wconf 80' lang='lat' dir='ltr'><strong>iv,</strong></span> <span class='ocrx_word' id='word_1_1029' title='bbox 3251 5554 3300 5593; x_wconf 91' lang='lat' dir='ltr'><strong>c.</strong></span> <span class='ocrx_word' id='word_1_1030' title='bbox 3326 5537 3397 5589; x_wconf 68' lang='grc'><strong>24</strong></span> <span class='ocrx_word' id='word_1_1031' title='bbox 3432 5535 3600 5599; x_wconf 75' lang='lat' dir='ltr'><strong>ct26,</strong></span> <span class='ocrx_word' id='word_1_1032' title='bbox 3632 5541 3688 5591; x_wconf 77' lang='lat' dir='ltr'><strong>et</strong></span> 
     </span>
    </p>
   </div>
   <div class='ocr_carea' id='block_1_154' title="bbox 2551 5605 3685 5675">
    <p class='ocr_par' dir='ltr' id='par_1_154' title="bbox 2551 5605 3685 5675">
     <span class='ocr_line' id='line_1_155' title="bbox 2551 5605 3685 5675; baseline -0.007 -9"><span class='ocrx_word' id='word_1_1033' title='bbox 2551 5612 2597 5642; x_wconf 77' lang='grc'><strong>⁷⁸</strong></span> <span class='ocrx_word' id='word_1_1034' title='bbox 2640 5612 2757 5665; x_wconf 85' lang='lat' dir='ltr'><strong>Lib.</strong></span> <span class='ocrx_word' id='word_1_1035' title='bbox 2789 5624 2840 5663; x_wconf 84' lang='lat' dir='ltr'><strong>tv</strong></span> <span class='ocrx_word' id='word_1_1036' title='bbox 2885 5614 3006 5665; x_wconf 85' lang='lat' dir='ltr'><strong>adv.</strong></span> <span class='ocrx_word' id='word_1_1037' title='bbox 3042 5610 3231 5671; x_wconf 83' lang='lat' dir='ltr'><strong>Marc.,</strong></span> <span class='ocrx_word' id='word_1_1038' title='bbox 3260 5606 3457 5675; x_wconf 82' lang='lat' dir='ltr'><strong>cap.5.</strong></span> <span class='ocrx_word' id='word_1_1039' title='bbox 3524 5606 3599 5675; x_wconf 27' lang='lat'><strong>7&quot;</strong></span> <span class='ocrx_word' id='word_1_1040' title='bbox 3625 5605 3685 5659; x_wconf 81' lang='lat' dir='ltr'><strong>In</strong></span> 
     </span>
    </p>
   </div>
   <div class='ocr_carea' id='block_1_155' title="bbox 2399 5674 3682 5757">
    <p class='ocr_par' dir='ltr' id='par_1_155' title="bbox 2399 5674 3682 5757">
     <span class='ocr_line' id='line_1_156' title="bbox 2399 5674 3682 5757; baseline -0.008 -19"><span class='ocrx_word' id='word_1_1041' title='bbox 2399 5682 2465 5757; x_wconf 76' lang='lat'><strong>_&quot;</strong></span> <span class='ocrx_word' id='word_1_1042' title='bbox 2494 5682 2625 5738; x_wconf 83' lang='lat' dir='ltr'><strong>Cati.</strong></span> <span class='ocrx_word' id='word_1_1043' title='bbox 2666 5684 2874 5736; x_wconf 88' lang='lat' dir='ltr'><strong>ultimo.</strong></span> <span class='ocrx_word' id='word_1_1044' title='bbox 2962 5681 3007 5710; x_wconf 74' lang='lat'>“</span> <span class='ocrx_word' id='word_1_1045' title='bbox 3048 5674 3364 5734; x_wconf 72' lang='lat' dir='ltr'><strong>CatechS.</strong></span> <span class='ocrx_word' id='word_1_1046' title='bbox 3437 5676 3486 5708; x_wconf 80' lang='lat'><strong>&quot;</strong></span> <span class='ocrx_word' id='word_1_1047' title='bbox 3519 5674 3682 5729; x_wconf 76' lang='lat' dir='ltr'><strong>Rom.</strong></span> 
     </span>
    </p>
   </div>
  </div>
