3954 6372
420 434 558 488 1835

1755 433 2121 489 ἿΑΚΙΟΙὶυΜ
2161 433 2367 488 NOTAE

3494 433 3693 507 1&35

420 555 661 609 eatndem
692 551 1137 606 exhorrescentes
1178 569 1206 605 a
1243 552 1459 607 Christo
1485 553 1738 621 petierint
1778 570 1845 608 ne
1900 569 1994 608 eos
2022 557 2067 613 Α
2095 553 2372 609 desiderio
2410 562 2665 608 teneatur
2703 563 2755 607 et
2796 553 3123 620 adiciuntur,
3159 553 3486 608 immortalia
3516 554 3689 621 jam—

423 628 661 679 mitteret
691 622 886 673 In‘eam
917 622 1170 691 abyssum
1196 638 1209 683 ;
1234 632 1422 675 verum
1464 637 1581 675 esse
1609 623 1882 676 infernum
1909 624 1993 676 itt-

424 696 699 755 ft-riorem,
754 706 817 743 ex
866 700 973 759 quo
1018 706 1287 758 nunquam
1332 702 1589 744 eruentur
1643 694 1991 757 rcprnborum

425 766 652 821 animae.
714 760 1144 828 quandoquidem
1201 761 1266 813 ab
1323 775 1390 814 eo
1442 761 1583 814 nulla
1649 773 1731 815 est
1788 764 1996 817 redem-

426 838 559 905 ptio,
593 840 697 883 etc.
834 900 845 905 _
1269 897 1301 905 __
1412 890 1433 895 _

498 903 593 955 Sin
639 914 767 953 vero
798 900 1034 951 virorum
1071 897 1491 967 apostolienrum
1537 901 1762 953 aliorum
1790 900 1857 952 ah
1888 901 1992 954 Ire-

425 989 541 1027 meo
573 972 637 1021 de
673 968 965 1021 inferorum
996 968 1113 1022 loco
1153 980 1206 1021 et
1242 971 1517 1038 suppliciis
1550 972 1865 1023 testimonia
1907 983 1992 1023 re-

426 1045 732 1107 quirantur,
780 1049 975 1105 praesto
1009 1050 1090 1091 est
1134 1038 1494 1092 Tertullianus
1530 1041 1847 1107 Apologetici
1871 1054 1991 1107 cap.

423 1116 491 1166 47
523 1110 822 1179 gehennam
848 1108 1109 1162 definiens
1137 1127 1156 1159 ι
1185 1122 1303 1161 esse
1339 1110 1476 1177 ignis
1503 1110 1682 1162 arcani
1719 1109 1995 1179 subterra-

422 1196 582 1236 neum
602 1180 667 1231 ad
694 1192 906 1242 pinnam
933 1180 1244 1231 thesaurum
1272 1194 1287 1240 ;
1322 1196 1340 1229 ι
1369 1188 1421 1232 et
1448 1188 1633 1232 contra
1653 1178 1992 1231 ethnicorum

422 1252 724 1317 cachinnos
749 1248 798 1299 id
822 1250 1152 1317 confirmans
1179 1262 1242 1300 ex
1270 1248 1456 1301 horum
1494 1248 1853 1317 sapientibus,
1896 1246 1995 1317 Mi-

421 1321 563 1383 nois,
590 1316 742 1372 [Eaci
776 1326 829 1369 et
860 1316 1215 1368 Bhadamanti
1240 1317 1479 1384 judicum
1514 1315 1570 1371 in
1605 1315 1793 1371 inferis
1821 1316 1997 1369 tribu-

426 1392 563 1444 nalia
621 1387 1098 1448 constituentibus,
1149 1395 1202 1437 et
1272 1385 1774 1455 Pyriphlegetontis,
1830 1386 1877 1439 id
1917 1396 2000 1439 est

425 1461 563 1527 ignei
594 1457 1080 1527 llttminisardor_es
1111 1455 1459 1523 ﬂammasque
1486 1456 1762 1527 sceleratis
1793 1457 1999 1522 reposi-

424 1524 509 1585 tas
532 1524 973 1597 praedicantibus.
1003 1524 1265 1597 Eamdeut
1284 1527 1608 1597 sententiam
1628 1525 1753 1578 alibi
1780 1539 1997 1597 quoque

423 1601 502 1653 sic
535 1593 853 1657 conﬁrmat,
884 1602 937 1647 et
966 1594 1093 1661 quid
1128 1593 1405 1662 qualisque
1442 1595 1686 1647 infernus
1735 1608 1765 1646 a
1806 1594 1998 1662 primis

423 1666 755 1723 Christianis
814 1664 884 1717 sit
934 1662 1275 1717 existimatus
1324 1664 1408 1717 his
1452 1665 1635 1719 verbis
1671 1663 1933 1716 describit
1979 1681 1994 1716 :

431 1759 450 1789 ι
507 1736 675 1791 Nobis
724 1732 883 1788 inferi
919 1749 1021 1785 non
1058 1734 1197 1785 nuda
1238 1732 1528 1794 cavositas,
1564 1749 1662 1787 nec
1702 1732 1999 1785 subdivalis

423 1810 604 1876 aliqua
639 1803 817 1857 mundi
842 1803 1054 1876 sentina
1076 1803 1371 1876 creduntur
1393 1804 1467 1869 (id
1495 1812 1578 1855 est
1630 1804 1682 1856 iu
1713 1802 1998 1876 superﬁcie

424 1871 583 1933 terra!
622 1888 718 1928 eos
746 1872 1099 1949 consistere);
1141 1873 1314 1949 sediu
1350 1872 1490 1949 fossa
1525 1882 1705 1949 terrae,
1727 1881 1783 1923 et
1814 1871 1995 1949 inalto
2026 1895 2071 1949 Β

420 1949 669 2005 vastitas.
705 1951 758 1997 et
781 1942 833 1994 in
866 1942 997 2008 ipsis
1038 1942 1336 1995 visceribus
1357 1942 1473 2006 ejus
1502 1944 1746 1995 abstrusa
1774 1939 1997 2008 profun-

426 2019 566 2071 ditas
587 2016 655 2065 ⁸¹.
696 2032 715 2064 ι
752 2012 807 2065 ld
837 2024 1014 2063 autent
1047 2020 1169 2077 post
1196 2009 1450 2062 Irenmum
1481 2020 1720 2063 nostrum
1741 2010 1996 2063 continuo

426 2089 505 2142 sic
525 2101 588 2138 ex
615 2081 911 2149 Scripturis
943 2081 1175 2131 vindicat
1208 2096 1221 2131 :
1258 2097 1275 2129 ι
1313 2079 1590 2147 Siquidem
1622 2080 1893 2133 Christum
1942 2080 1995 2149 in

426 2157 591 2210 corde
626 2148 782 2205 terra:
817 2149 1052 2201 triduum
1088 2152 1281 2201 mortis
1313 2150 1535 2217 legimus
1562 2157 1910 2217 expunctum,
1946 2148 1997 2202 id

426 2234 512 2281 est
555 2224 608 2276 in
660 2233 877 2273 recessu
929 2218 1119 2269 intimo
1143 2227 1197 2269 et
1244 2217 1475 2280 interno,
1511 2228 1566 2270 et
1614 2219 1664 2270 in
1701 2218 1817 2285 ipsa
1851 2226 1997 2272 terra

426 2304 639 2363 operto,
678 2301 731 2343 et
758 2289 896 2341 intra
931 2287 1100 2354 ipsam
1127 2298 1335 2363 cavato,
1367 2297 1423 2341 et
1445 2285 1799 2363 inferioribus
1822 2286 1999 2363 adhuc

427 2355 638 2433 aiiyssis
662 2366 1055 2433 superstructo,
1089 2367 1145 2407 ut
1179 2355 1286 2433 illic
1320 2356 1663 2433 patriarchas
1684 2364 1737 2409 et
1769 2358 1999 2433 prophe-

430 2424 515 2487 tas
533 2424 809 2497 compoies
837 2427 919 2480 sui
943 2424 1163 2481 faceret.
1200 2445 1219 2476 ι
1251 2428 1429 2495 Atque
1460 2428 1545 2480 hic
1563 2442 1702 2480 unus
1728 2440 1830 2495 pro
1853 2425 1998 2481 mille

430 2519 572 2557 nunc
608 2498 857 2554 suﬂiciat.

500 2573 703 2624 Animw
729 2568 942 2619 abibunt
977 2566 1030 2618 in
1062 2565 1364 2620 invisibilem
1390 2566 1581 2619 locum.
1618 2565 1782 2621 Vetus
1804 2569 1995 2631 codex,

433 2662 451 2693 ι
489 2642 765 2696 habebunt
819 2636 1140 2689 invisibilem
1198 2639 1393 2692 locum.
1436 2655 1455 2687 ι
1504 2635 1584 2690 Ob
1633 2638 1775 2690 hunc
1816 2639 1993 2692 locum

427 2714 720 2765 obscurum
745 2715 799 2759 et
823 2708 1115 2772 cognitioni
1145 2707 1320 2758 minus
1341 2706 1582 2771 obvium,
1614 2708 1804 2770 fateor,
1841 2707 1999 2760 multi

426 2786 875 2837 existimaverunt
900 2780 1155 2829 Irettaaum
1188 2791 1308 2848 cum
1338 2776 1401 2828 iis
1424 2779 1625 2848 sentire
1678 2777 1767 2844 qui
1800 2786 2001 2848 negant

429 2855 639 2906 animas
664 2858 972 2903 Sanctorum
995 2848 1130 2899 facie
1153 2846 1217 2899 ad
1255 2845 1470 2913 faciem,
1501 2857 1558 2898 ut
1586 2847 1804 2910 dicitur,
1832 2845 1997 2900 Diaum

426 2926 613 2976 videre
647 2928 772 2971 ante
798 2918 937 2970 diem
980 2915 1397 2970 resurrectionis
1425 2926 1479 2986 et
1512 2915 1734 2981 judicii;
1775 2918 1825 2969 id
1857 2915 1999 2986 quod

429 2988 879 3045 dt'ssimulandum
931 2988 1131 3052 potius,
1190 3000 1351 3054 quam
1417 2985 1639 3037 nimium
1700 2985 2000 3053 petulanter

429 3059 815 3131 ﬂagitandum
862 3066 1012 3131 erat;
1062 3060 1329 3131 pnecipue
1371 3056 1635 3131 quoniam
1688 3057 1789 3109 hac
1837 3056 1906 3131 de
1944 3070 2004 3131 re

427 3124 668 3187 nondum
697 3127 1019 3180 sententiam
1051 3127 1285 3180 lacclesia
1312 3124 1536 3187 tulisset,
1563 3124 1636 3177 uti
1660 3134 1845 3192 postea
1874 3125 2001 3180 fecit

2101 624 2210 691 iam
2246 624 2475 685 reddita,
2523 623 2765 685 subtilia,
2813 624 3087 691 perlucida
3132 634 3181 677 et
3218 639 3499 689 nunquam
3532 624 3692 691 pati-

2138 694 2250 753 ilia.
2286 707 2472 746 secum
2506 693 2557 745 in
2596 702 2889 759 conspectu
2925 694 3015 747 Dei
3050 696 3441 761 asportahunt;
3481 695 3691 758 sicque

2099 762 2294 831 duplici
2349 762 2483 814 stola
2539 774 2592 816 et
2643 777 2844 815 corona
2901 764 3070 815 induti
3129 780 3194 816 ac
3244 764 3494 817 coronati
3544 778 3686 815 cum

2097 830 2317 885 Christo
2348 832 2679 899 sempiterno
2712 833 3035 899 regnahnnt.

2170 900 2260 955 Sic
2290 910 2338 954 et
2371 918 2464 953 nos
2484 904 2743 954 sustinere
2765 902 3027 953 debemus.
3070 901 3204 953 Cum
3230 916 3325 968 per
3352 900 3685 968 exemplum

2098 969 2296 1024 Christi
2348 973 2683 1039 resurgentis
2728 970 2934 1036 colligit
2980 970 3189 1023 sanctis
3237 972 3682 1035 exspectandum

2098 1054 2219 1095 esse
2251 1050 2463 1107 tempus
2494 1040 2934 1097 resurrectionis.
2957 1051 3013 1091 ιιι
3036 1040 3272 1107 perfecte
3293 1042 3684 1106 rompleteque

2099 1110 2207 1162 sint
2239 1111 2288 1163 in
2323 1108 2476 1163 caelis
2506 1108 2686 1173 beati;
2732 1109 2866 1161 illttd
2911 1110 3218 1161 evidentius
3248 1109 3489 1176 explicat
3530 1110 3683 1175 quod

2136 1180 2258 1233 aulo
2296 1194 2458 1245 supra
2497 1179 2714 1233 dixerat
2750 1179 3038 1232 obscurius
3073 1179 3138 1232 de
3173 1181 3484 1231 animarum
3514 1180 3686 1231 abso-

2122 1260 2210 1301 uta
2246 1249 2525 1303 hcatitate.

2166 1315 2385 1372 Interim
2435 1331 2566 1371 vero
2617 1315 2706 1370 hic
2739 1316 2991 1371 monendi
3036 1326 3163 1371 sunt
3212 1316 3283 1385 pii
3320 1315 3580 1379 lectores,
3619 1324 3681 1369 ut

2100 1388 2389 1456 diligenter
2424 1387 2523 1441 sibi
2555 1398 2784 1441 caveant
2824 1401 2854 1439 a
2892 1386 3159 1441 fermento
3192 1386 3680 1449 Calvinianorum,

2099 1459 2243 1524 quod
2290 1465 2370 1511 est
2416 1456 2872 1522 perniciosissima
2920 1456 3245 1525 hypocrisis.
3302 1456 3521 1509 Etenim
3549 1470 3682 1507 cum

2099 1527 2325 1579 Calvino
2365 1540 2464 1580 suo
2505 1528 2746 1579 sentiunt
2788 1545 2806 1578 ι
2839 1525 3011 1579 solum
3068 1526 3344 1578 Christum
3372 1525 3558 1578 adhuc
3596 1525 3681 1577 irt-

2099 1610 2343 1665 gressum
2371 1610 2494 1647 esse
2526 1596 2896 1665 satietuariutn
2934 1595 3083 1659 caeli,
3120 1595 3362 1661 reliquos
3390 1608 3527 1645 vero
3556 1608 3682 1665 om-

2100 1663 2195 1718 nes
2242 1666 2479 1718 residere
2528 1664 2578 1717 in
2628 1669 2806 1731 atrio;
2868 1665 3076 1717 animas
3144 1672 3457 1716 sanctorum
3499 1663 3683 1716 adhuc

2102 1736 2205 1787 lide
2236 1735 2391 1787 nobis
2420 1733 2738 1799 coniunctas
2783 1748 2941 1793 esse;
2983 1734 3209 1799 gloriam
3244 1742 3407 1800 atque
3434 1746 3680 1785 coronas

2101 1818 2287 1856 eorum
2326 1819 2497 1871 usque
2529 1804 2593 1855 ad
2628 1806 2915 1856 adventum
2946 1803 3146 1856 Christi
3185 1800 3414 1863 differri,
3441 1810 3503 1853 et
3541 1801 3680 1853 frui-

2100 1874 2298 1926 tionem
2344 1875 2625 1941 promissa:
2665 1874 2849 1939 gloria:
2886 1872 3060 1926 adhuc
3105 1870 3673 1938 exSpeCtare”,iete.

2100 1944 2313 1997 lnterea
2350 1958 2478 1995 vero
2520 1941 2656 1996 Beza
2691 1944 2740 1994 in
2784 1942 3027 2005 epistolis
3051 1942 3386 1994 voriicratur
3416 1954 3674 2007 magnam

2102 2013 2208 2065 illis
2230 2013 2479 2079 injuriam
2511 2012 2624 2064 fieri
2663 2028 2783 2065 cum
2810 2011 2877 2064 de
2906 2012 3007 2064 hoc
3038 2026 3222 2063 errore
3254 2019 3677 2076 coarguuntur;

2102 2092 2154 2136 et
2173 2081 2454 2135 Calvinum
2490 2091 2638 2136 recte
2664 2082 2857 2149 pieque
2885 2081 3080 2134 docere
3105 2080 3341 2133 ﬁdelium
3377 2080 3511 2131 hinc
3540 2080 3676 2149 cinig

2101 2159 2317 2221 grantcs
2344 2150 2553 2204 animas
2590 2147 2930 2221 eteius—recta
2960 2159 3171 2221 petere,
3205 2149 3522 2221 ibidemque
3567 2147 3673 2221 frui

2093 2217 2285 2275 divino
2319 2229 2631 2288 conspectu.
2666 2220 2817 2285 Quod
2845 2217 3021 2272 autem
3070 2219 3265 2274 alicubi
3287 2257 3301 2280 ,
3334 2218 3553 2285 inquit,
3579 2217 3678 2269 ob-

2102 2291 2314 2345 scurius
2344 2287 2517 2353 dixit,
2560 2304 2657 2357 per
2688 2288 2791 2341 alia
2828 2288 3147 2342 dilucidiora
3191 2299 3243 2341 et
3279 2289 3560 2354 apertiora
3594 2287 3676 2337 in.

2102 2360 2445 2427 terpretauda
2478 2374 2616 2413 esse.
2648 2357 2925 2423 Videlicet,
2961 2366 3016 2411 ut
3051 2360 3164 2412 sint
3188 2358 3547 2425 apocalypses
3576 2370 3670 2408 suo

2101 2445 2196 2497 per
2225 2429 2627 2499 apocalypsim;
2660 2436 2715 2481 et
2742 2437 3014 2499 veterator
3036 2442 3103 2499 ac
3133 2428 3323 2499 planus
3347 2427 3441 2479 itte
3466 2427 3677 2492 impro-

2100 2499 2360 2552 bissimus
2396 2497 2500 2551 non
2536 2499 2586 2551 iit
2621 2498 2835 2552 cunctis
2865 2497 2977 2551 fere
3017 2497 3357 2564 dogmatibus
3392 2504 3447 2549 et
3484 2508 3674 2547 secum

2101 2580 2155 2621 et
2185 2584 2306 2621 cum
2336 2569 2564 2621 veritate
2588 2576 2875 2637 pugnaret,
2897 2576 2954 2620 ut
2978 2583 3127 2620 more
3148 2566 3676 2637 ltzeresiarcltaruin.

2102 2640 2267 2706 etiam
2289 2640 2510 2706 proprio
2532 2636 2739 2706 judicio
2767 2637 3221 2690 condemnaretur
3245 2644 3411 2702 atque
3443 2636 3672 2706 periret.

2201 2704 2305 2760 Ex.
2336 2704 2404 2759 λζ
2428 2706 2559 2759 Ern.
2587 2704 2766 2759 Grabii
2800 2707 3226 2758 adnotationibus
3256 2706 3314 2756 in
3340 2720 3458 2771 cap.
3486 2704 3581 2757 3|.

2172 2777 2301 2846 Pag.
2339 2776 2465 2829 550.
2510 2776 2791 2846 Etrmodos
2825 2776 3181 2827 meditationis
3217 2779 3284 2826 ad
3336 2774 3671 2839 incorrupte-

2101 2846 2207 2899 latn
2252 2845 2519 2915 ignorant.
2558 2845 2797 2900 Obscura
2835 2846 2966 2898 mihi
3005 2848 3116 2899 haec
3145 2846 3287 2906 visa,
3319 2846 3677 2915 acgsusptcio

2102 2912 2422 2983 corruptela:
2451 2920 2500 2969 in
2528 2932 2656 2970 voce
2684 2934 2701 2965 ι
2730 2916 3098 2969 meditationis
3120 2933 3137 2965 ι
3166 2916 3350 2967 animo
3370 2912 3674 2973 oberravit,

2103 2989 2273 3039 tlonec
2319 2988 2368 3038 ei
2420 3000 2478 3039 se
2527 2989 2804 3053 ingessere
2845 2984 3005 3038 verba
3048 2984 3290 3037 auctoris
3338 2997 3504 3053 supra
3548 2998 3672 3051 pag.

2102 3056 2236 3119 405,
2299 3056 2386 3109 ubi
2452 3052 2671 3109 carnem
2747 3054 2984 3108 ﬁdelium
3053 3065 3268 3107 alterna:
3347 3052 3475 3104 vita:
3543 3066 3672 3118 par-

2106 3127 2318 3195 ticipem
2351 3124 2582 3195 futuram
2618 3125 2788 3195 dicit,
2834 3125 2935 3195 ήδη
2986 3124 3419 3195 μεμελετηκυῖαν
3462 3124 3559 3173 καὶ
3602 3122 3677 3172 εἰ-

428 3214 618 3256 contra
656 3211 906 3280 errorem
935 3196 1293 3249 Armenorum
1343 3196 1394 3248 in
1440 3194 1732 3248 universali
1769 3197 1999 3251 concilio

2107 3194 2367 3284 illis-ptiqu
2396 3194 2684 3275 βαι-στάζειν
2718 3194 2816 3265 τὴν
2849 3194 3015 3275 ζωήντ
3063 3211 3079 3243 ι
3104 3199 3232 3258 una:
3268 3196 3382 3259 jam
3412 3196 3673 3284 meditata

428 3270 769 3325 Florentino.

503 3342 628 3393 Mihi
659 3350 838 3392 autem
868 3353 971 3392 non
1012 3335 1169 3391 facile
1196 3336 1245 3389 in
1279 3334 1515 3388 animum
1562 3334 1865 3391 induxerim
1891 3336 1998 3391 Ire-

431 3425 605 3466 nicum
640 3410 739 3461 hoc
782 3423 1041 3467 senssse,
1085 3422 1183 3459 nec
1225 3406 1356 3458 satis
1381 3406 1545 3458 etiam
1584 3416 1805 3473 apparet
1860 3408 2002 3461 unde

430 3484 485 3534 id
514 3479 819 3544 colligatur.
870 3477 1141 3529 Praeterea
1190 3477 1292 3527 sibi
1323 3490 1427 3528 non
1459 3486 1750 3539 constaret,
1778 3478 1870 3529 sed
1908 3493 2003 3544 pu-

431 3548 651 3618 gnantia
682 3547 965 3618 scriberet.
996 3545 1126 3618 Nam
1149 3546 1263 3618 _lih.
1297 3560 1355 3607 Il,
1387 3559 1517 3618 _cap.
1564 3545 1654 3618 65,
1696 3560 1763 3597 ex
1809 3561 2001 3618 narra-

435 3614 579 3671 iione
617 3619 680 3670 de
724 3615 929 3668 Lazaro
962 3626 1016 3668 et
1055 3616 1217 3667 divite
1249 3614 1517 3667 concludit
1564 3614 1773 3667 animas
1814 3617 2003 3668 defun-

434 3698 648 3741 ctorum
694 3686 911 3752 dignam
963 3685 1345 3738 habitationem
1393 3685 1629 3735 nancisci
1669 3684 1829 3737 etiam
1881 3696 2004 3740 ante

425 3760 709 3826 judicium,
744 3758 885 3822 quod
931 3767 985 3808 et
1030 3754 1396 3826 notatiuucula
1441 3752 1636 3826 ibidem
1681 3755 2000 3823 sparsimus,

432 3822 562 3882 item
593 3828 680 3878 lib.
712 3840 752 3886 ι.
785 3826 989 3893 cap..2,
1023 3834 1077 3876 et
1102 3825 1193 3877 lib.
1229 3837 1301 3886 tv,
1329 3838 1461 3893 cap.
1488 3822 1576 3875 45.

512 3900 715 3951 Deinde
748 3892 867 3947 non
904 3898 1058 3949 decet
1090 3910 1186 3948 nos
1212 3895 1259 3945 ei
1308 3908 1425 3946 esse
1453 3892 1749 3961 iniquiores
1793 3892 2005 3960 iudices

435 3984 597 4037 quam
631 3965 1138 4037 Augustiuo,_quem
1170 3961 1345 4037 nullus
1374 3964 1439 4037 ad
1467 3964 1571 4018 ltoc
1602 3974 1834 4037 tempus,
1858 3968 2002 4032 quod

432 4033 626 4101 sciam,
658 4039 757 4088 hac
798 4035 1003 4087 macula
1028 4034 1270 4095 l‘wdavit,
1299 4033 1388 4100 qui
1419 4042 1597 4086 tamen
1631 4034 1841 4087 auinaas
1869 4049 2002 4087 san-

434 4120 647 4162 ctomm
678 4119 820 4157 nunc
840 4104 1037 4157 abditis
1062 4104 1414 4170 receptaculis
1450 4102 1739 4166 contineri,
1765 4112 2006 4172 tempore

433 4178 575 4247 quod
614 4176 754 4227 inter
778 4176 1010 4247 hominis
1039 4184 1263 4226 mortem
1293 4180 1348 4226 et
1383 4172 1627 4247 ultimam
1662 4174 2008 4247 resurrectio-

436 4243 557 4300 tiotn
586 4245 960 4311 interpositum
987 4253 1105 4307 est;
1136 4257 1274 4295 nunc
1309 4244 1541 4294 nondum
1565 4255 1684 4295 esse
1707 4243 1797 4294 ubi
1825 4254 2003 4309 erunt,

434 4319 651 4386 quando
675 4316 756 4366 eis
773 4316 971 4367 dictum
1003 4314 1195 4386 fuerit;
1224 4328 1242 4361 ι
1279 4311 1491 4386 Venite,
1517 4312 1812 4386 benedicti,
1835 4330 1852 4362 ι
1871 4323 2023 4377 etc.,.

437 4381 559 4440 mox
607 4386 838 4437 secretis
894 4382 1248 4450 receptaculis
1296 4381 1621 4447 sedibusth
1677 4381 1742 4432 ad
1794 4392 2006 4449 tempus

439 4457 815 4523 requiescere;
844 4469 963 4506 mox
990 4468 1095 4505 non
1132 4451 1210 4523 sic
1239 4452 1421 4523 videre
1450 4450 1890 4523 incommutabile
1915 4456 2009 4505 bo-

441 4520 592 4585 nuin,
624 4534 681 4576 ιιι
727 4524 901 4577 sancti
945 4524 1117 4589 angeli
1167 4521 1372 4583 vident;
1413 4520 1538 4573 alibi
1580 4534 1674 4572 eas
1702 4522 1878 4574 adhttc
1912 4538 2005 4574 ex-

440 4605 690 4663 spectare
723 4591 1438 4663 redemptionettt‘corporis
1460 4592 1574 4651 sui;
1607 4591 1804 4663 litteris
1842 4606 2007 4657 saepe-

442 4659 667 4718 numero
718 4659 1113 4716 commendavit
1159 4659 1234 4721 δίς
1276 4661 1530 4727 quoniam
1576 4661 1715 4726 apud
1764 4667 2008 4715 eumdem

439 4736 544 4787 alia
580 4735 926 4785 inveniuntur
964 4730 1293 4792 testimonia,
1335 4746 1455 4797 qua:
1490 4733 1845 4796 comprobant
1889 4745 2010 4785 eas-

439 4808 561 4858 dem
604 4814 914 4856 sanctorum
946 4802 1158 4853 animas
1190 4812 1315 4851 ante
1350 4812 1822 4863 resurrecttouent,
1866 4816 2010 4853 incr-

437 4876 621 4928 cedem
657 4876 916 4925 honorum
945 4878 1268 4923 aeternorum
1286 4880 1340 4921 et
1361 4872 1613 4938 gaudium
1646 4870 1884 4923 caelestis
1915 4885 2006 4938 pa-

441 4944 559 4996 tria:
592 4944 1189 5010 perciperepsmreque
1233 4949 1357 4991 ante
1395 4941 1649 5010 thronum
1682 4938 1798 5005 Dei,
1854 4951 1908 4992 et
1953 4942 2005 4993 itt

440 5008 938 5080 rottspectu’205
982 5011 1141 5076 Agtti.
1171 5019 1333 5077 atque
1372 5008 1511 5060 ttulla
1549 5008 1758 5062 ratione
1788 5025 1817 5062 a
1866 5026 2000 5063 cou-

444 5084 788 5150 templatione
819 5098 934 5148 epis
956 5082 1142 5149 gloria:
1181 5093 1334 5148 posse
1354 5080 1615 5144 separari.

518 5154 638 5205 Vult
667 5152 829 5219 igitur
855 5154 1109 5211 lrenaens,
1141 5158 1501 5216 proutcaptus
1530 5157 1613 5202 est
1644 5163 1795 5204 meus
1822 5158 1876 5202 et
1904 5150 1992 5217 pie

441 5224 651 5288 assequi
707 5236 945 5288 possum,
996 5223 1273 5271 beatorum
1321 5234 1529 5269 animas
1572 5224 1808 5273 nondum
1838 5222 1995 5287 potiri

445 5306 593 5357 regni
625 5292 765 5341 tllius
798 5293 1032 5357 perfecta
1064 5304 1385 5355 summaque
1414 5289 1694 5351 felicitate,
1728 5292 1819 5342 sed
1842 5292 1993 5357 quasi

445 5361 721 5411 imminuta
748 5372 801 5410 et
830 5362 1129 5421 dimidiata,
1162 5359 1281 5410 loco
1319 5376 1345 5407 ιι
1388 5361 1590 5411 nostris
1616 5364 1866 5411 sensibus
1895 5375 1995 5411 ιιυ-

442 5441 664 5495 straque
694 5430 1027 5495 experientia
1065 5430 1460 5489 reutottssimo;
1510 5444 1633 5481 cum
1680 5431 1835 5496 longe
1879 5444 1995 5481 aut-

441 5499 610 5566 pliora
647 5498 697 5549 in
733 5510 1004 5564 posterum
1042 5500 1349 5565 recipienda
1381 5499 1651 5565 supersint
1687 5499 1904 5566 praemia
1940 5499 1992 5551 ιιι

442 5568 678 5619 adventu
716 5568 923 5620 Domini
951 5585 964 5622 :
997 5569 1046 5620 in
1073 5585 1180 5638 quo
1206 5582 1431 5637 corpora
1456 5606 1470 5631 ,
1498 5568 1995 5636 qttoruuunaxittto

516 5720 559 5753 ’⁸³
608 5724 727 5778 Lib.
774 5723 845 5778 De
888 5726 1089 5789 anima,
1124 5742 1242 5795 cap.
1284 5727 1373 5780 55.

445 5866 512 5916 20
543 5877 590 5917 ct
640 5864 752 5931 ii,
788 5874 838 5918 et
872 5880 987 5932 ιςςιιι.
1027 5865 1116 5927 ‘15,
1150 5864 1176 5933 ᾗ
1206 5870 1252 5919 li,

2109 3262 2212 3332 (id
2253 3262 2338 3318 est.
2396 3262 2544 3334 prius
2596 3262 2916 3329 exercitata,
2950 3262 3083 3318 'sive
3141 3273 3443 3333 prazparata
3482 3265 3557 3313 uti
3590 3262 3676 3313 ib-

2105 3338 2245 3389 idem
2294 3335 2587 3403 aduotavi)
2640 3345 2694 3389 et
2749 3345 2965 3389 assueta
3026 3334 3097 3386 sit
3146 3345 3362 3399 portare
3431 3334 3675 3403 vitam.»

2105 3406 2257 3471 Quod
2305 3405 2465 3474 igitur
2514 3402 2586 3459 ibi
2640 3406 2706 3458 de
2733 3408 3093 3474 corporibus,
3127 3403 3216 3455 hic
3268 3403 3351 3474 de,
3382 3402 3681 3474 animabus

2108 3470 2347 3529 lideliuni
2377 3477 2601 3541 asserit,
2635 3470 2967 3541 nempe—dari
3001 3473 3233 3543 τρόπους
3269 3471 3503 3541 μελέτης
3535 3470 3679 3540 πρὸς

2105 3544 2433 3616 ἀφθαρσίαν,
2468 3562 2485 3594 ι
2515 3546 2703 3598 modos
2719 3546 3138 3616 exercitationis
3157 3561 3175 3594 ι
3199 3544 3323 3616 sive
3353 3561 3372 3593 ι
3395 3555 3675 3616 praepara-

2111 3613 2269 3669 ttonis
2300 3617 2365 3668 ad
2394 3614 2855 3681 incorruptelam,
2883 3633 2901 3663 ι
2954 3615 3007 3667 id
3062 3623 3144 3666 est
3180 3613 3423 3665 diversos
3473 3614 3679 3678 grados

2108 3700 2203 3754 per
2233 3701 2370 3754 quos
2397 3684 2557 3737 homo
2589 3695 2781 3751 parum
2828 3693 2982 3748 ante,
3043 3684 3237 3750 partim
3287 3691 3407 3750 post
3442 3692 3674 3754 mortem

2108 3749 2413 3817 deducitur,
2443 3749 2612 3822 usque
2647 3756 2773 3805 dum
2808 3757 2874 3806 ad
2920 3749 3190 3806 sumntum
3233 3763 3453 3822 aeterna:
3491 3749 3676 3817 gloria:

2106 3834 2307 3877 statum
2348 3836 2508 3893 atque
2531 3821 2976 3891 incorruptelam,
3006 3837 3110 3893 qua
3138 3822 3242 3875 Deo
3269 3821 3555 3893 proximus
3591 3822 3679 3878 tit,

2109 3891 2433 3963 perveniat.‘
2453 3895 2660 3960 Quippe
2689 3911 2706 3943 ι
2728 3903 2943 3961 oportet
2968 3892 3451 3963 ltotttit_tetuprittio
3476 3891 3677 3963 glorifi-

2107 3959 2220 4017 cari
2264 3964 2398 4033 (per
2428 3959 2948 4033 resurrectionem),
3000 3972 3053 4015 et
3096 3960 3454 4033 gloriﬁcatum
3494 3959 3677 4033 videre

2110 4028 2580 4087 tsttum'Domiuum
2610 4049 2623 4096 ;
2661 4031 2801 4085 Deus
2829 4028 2971 4085 cnim
3008 4041 3121 4093 est,
3151 4032 3243 4098 qui
3269 4032 3429 4083 habet
3464 4028 3669 4098 videri,

2108 4103 2243 4156 visio
2267 4118 2395 4156 vero
2421 4103 2515 4155 Dei
2538 4095 2726 4155 ellicax
2767 4111 2849 4155 est
2879 4095 3276 4169 incorruptelte,
3300 4095 3675 4164 incorruptcla

2108 4186 2234 4226 vero
2270 4174 2574 4240 proximum
2602 4170 2733 4224 facit
2778 4187 2898 4225 esse
2937 4171 3073 4231 Deo,
3104 4188 3123 4221 ι
3170 4174 3245 4223 uti
3280 4171 3446 4222 verba
3473 4169 3671 4240 lreuaa

2108 4237 2307 4295 sonant
2334 4242 2425 4295 lib.
2463 4255 2535 4303 tv,
2561 4256 2680 4308 cap.
2705 4240 2790 4295 75.
2834 4244 3008 4307 Atque
3030 4244 3218 4294 eadem
3247 4240 3461 4291 ratione
3492 4237 3673 4303 capite

2108 4313 2388 4379 sequenti,
2438 4327 2544 4377 quo
2577 4314 2734 4364 telam
2791 4312 2876 4364 hic
2906 4321 3138 4378 emptam
3175 4310 3455 4378 pertexit,
3489 4322 3673 4359 resur-

2109 4378 2405 4434 rectionem
2430 4392 2593 4448 atque
2624 4396 2842 4449 regnum
2875 4383 3239 4433 mittcnarium
3265 4389 3451 4441 vocat,
3488 4396 3505 4425 ι
3527 4378 3672 4449 υιιιιτ

2107 4452 2311 4517 cipiqu
2348 4447 2756 4519 ittcorruptclae,
2800 4466 2894 4518 per
2924 4452 3065 4517 quod
3103 4465 3361 4519 regnum,
3399 4452 3491 4517 qui
3527 4447 3673 4513 digni

2117 4522 2348 4585 iuerint,
2396 4518 2656 4587 paulatim
2688 4538 2715 4573 a
2738 4530 3004 4572 .suescunt
3041 4536 3232 4588 capere
3266 4518 3458 4580 Deum,
3487 4538 3506 4567 ι
3564 4528 3671 4569 ctc.

2096 4626 2099 4627 ν
2186 4590 2437 4642 erelici
2462 4591 2632 4653 enim,
2666 4604 2771 4643 etc.
2814 4590 2937 4642 Haec
2966 4598 3021 4642 et
3049 4590 3329 4658 sequentia
3350 4627 3365 4650 ,
3406 4602 3581 4653 usque
3606 4588 3670 4637 ad

2116 4660 2275 4713 liuent
2314 4661 2473 4725 hujus
2505 4660 2716 4727 Capitis,
2748 4662 2901 4728 quasi
2949 4661 3000 4711 iu
3041 4661 3348 4727 parenthesi
3393 4658 3539 4711 dicta
3586 4672 3676 4708 ac-

2113 4732 2232 4797 cipe
2261 4746 2274 4782 :
2305 4732 2501 4797 quippe
2538 4744 2657 4797 qua:
2686 4733 2993 4797 praecedunt
3015 4733 3243 4797 abrupta
3271 4739 3421 4791 sunt,
3464 4728 3557 4779 tilo
3583 4742 3677 4797 eo-

2110 4796 2230 4852 rum
2270 4796 2587 4852 continuato
2637 4802 2853 4852 demum
2907 4796 3167 4867 sequenti
3203 4814 3325 4866 cap.
3360 4800 3469 4859 32,
3520 4796 3678 4865 cujus

2113 4868 2326 4922 initium
2362 4867 2522 4936 hujus
2568 4869 2833 4937 principio
2873 4870 3185 4936 paratielum
3219 4870 3339 4921 esse
3381 4867 3679 4936 unicuique

2110 4952 2173 4991 εςι
2206 4940 2545 5006 comparanti
2589 4948 2756 5006 patet.
2823 4939 2926 4991 l’er
2956 4940 3240 4992 haereticos
3272 4954 3403 4991 vero
3432 4938 3678 5003 intelligo

2114 5006 2520 5062 Valentinianus
2563 5020 2616 5062 et
2665 5008 3048 5071 Marcionitas,
3103 5011 3193 5076 qui
3256 5009 3417 5061 ambo
3464 5022 3678 5059 animas

2101 5078 2375 5144 justorum
2427 5078 2811 5131 defunctorum
2859 5094 2979 5130 mox
3025 5084 3193 5131 cattus
3248 5078 3574 5146 supergredi
3624 5085 3678 5128 et

2106 5164 2322 5200 sursum
2354 5149 2572 5200 evolare
2607 5149 2946 5211 statuebant;
2979 5148 3052 5199 illi
3086 5151 3305 5216 quidem
3336 5150 3401 5198 ad
3439 5158 3675 5200 matrem

2103 5219 2429 5280 Achantoth,
2458 5220 2510 5270 hi
2541 5232 2666 5270 vero
2691 5220 2757 5270 ad
2787 5217 3009 5280 bottum,
3030 5234 3118 5285 qut
3146 5218 3212 5270 ab
3237 5220 3316 5271 eis
3341 5218 3676 5285 liugcbatur,

2103 5286 2343 5340 Patrem.
2404 5290 2580 5354 Atque
2618 5288 2717 5341 hos
2768 5288 2913 5355 ipsos
2946 5288 3150 5339 lcriunt
3195 5289 3295 5340 ista
3347 5286 3552 5355 Justtni
3605 5286 3675 5337 Ν.

2103 5359 2266 5427 verba
2301 5360 2351 5410 iit
2386 5356 2605 5427 Dining
2655 5354 3109 5425 cntttr'l'rypltone,
3137 5373 3257 5427 pag.
3281 5355 3384 5427 5οἶ
3430 5354 3537 5427 ’γυῖ
3586 5355 3679 5427 xuii.

2100 5426 2314 5497 λέγᾳυσι.
2360 5426 2434 5497 μὴ
2482 5423 2618 5479 electi
2664 5427 2869 5497 νεκρῶν
2893 5423 3230 5489 avicum-ﬁ
3265 5426 3403 5477 ἀλλὰ
3601 5423 3677 5493 τῷ

2100 5495 2462 5566 ἀποθνήσκειν
2496 5497 2594 5560 τὰς
2638 5495 2814 5566 ψυχὰς
2858 5497 3033 5548 αὐτῶν
3073 5496 3551 5565 ἁναλαμόἀνεσοαι
3597 5498 3674 5555 εἰς

2099 5566 2191 5617 τὸν
2224 5567 2470 5637 οὐρανόν.
2515 5585 2532 5617 ι
2559 5571 2661 5633 Qui
2693 5576 2877 5621 dicunt
2908 5584 3011 5620 not:
3043 5582 3163 5620 esse
3200 5576 3542 5619 mortuorum
3592 5581 3677 5615 rc-

1486 5729 1528 5758 "
1578 5728 1632 5782 in
1693 5727 1911 5781 Euchir.
1955 5741 2076 5796 cap.
2112 5723 2253 5789 l08;
2296 5725 2347 5778 in
2376 5724 2566 5794 psalm.
2638 5740 2811 5790 xxxv;
2870 5724 2963 5796 lib.
2996 5739 3067 5776 xit
3125 5723 3196 5777 De
3226 5722 3399 5783 rivit.,
3439 5738 3561 5796 cap.
3602 5725 3669 5796 ξιξ

446 5793 538 5847 lth.
575 5810 644 5847 xit
694 5798 765 5865 De
810 5797 969 5855 lien”
996 5810 1116 5862 Cap.
1146 5793 1212 5847 ὃς)
1241 5816 1254 5863 ;
1287 5801 1375 5850 Ιει).
1416 5814 1429 5851 ι
1464 5797 1729 5865 ιιυιιπιυιη
1758 5814 1804 5853 c.
1843 5798 1937 5864 H;
1988 5814 1999 5851 ε

2107 5813 2147 5849 ιι.
2195 5799 2226 5849 4
2265 5797 2316 5848 itl
2360 5793 2458 5849 Sol.
2500 5805 2673 5849 ~anct.

2789 5796 2831 5826 ⁸³
2872 5794 3003 5848 lnst.
3050 5796 3139 5847 lib.
3193 5809 3274 5857 ιιι,
3330 5810 3452 5862 cap.
3508 5794 3603 5859 20,
3644 5792 3672 5863 δ
