3954 6372
269 382 404 443 1841

1540 381 1611 442 ΙΝ
1647 381 1774 438 ΜΓ.
1814 379 1857 432 Υ
1895 381 1953 437 S.
1991 379 2269 444 lBENzEL

3386 377 3522 434 18ίῖ

271 508 541 561 universa:
576 507 760 562 carnis
793 523 831 560 a-
861 507 1090 562 mortuis
1131 505 1619 567 resurrectionem,
1655 506 1845 558 asserit
1874 508 1921 564 Α
1958 573 1976 576 _
2019 505 2205 558 Audite
2257 503 2469 559 verbum
2530 505 2762 560 Domini.
2827 505 3220 576 Hieronymus.
3275 504 3327 557 in
3392 518 3522 576 sm

275 580 422 631 mille
448 594 621 630 annos
650 580 884 630 Immauo
913 589 963 630 et
997 593 1261 646 corporeo
1300 592 1448 630 more
1486 577 1536 629 in
1575 585 1715 629 terra
1747 578 1848 630 hac

269 652 646 703 Conlinualum
691 658 746 701 et
784 648 1084 702 stabilitum
1158 649 1293 701 fore.
1331 646 1464 713 Qua:
1502 648 1717 712 quidem
1759 648 1851 700 do-

270 728 458 786 gtuata
493 721 656 772 credo
681 733 802 770 eum
838 729 1120 788 propterea
1138 717 1442 784 excepisse,
1464 718 1608 784 quod
1636 727 1850 788 aposto-

273 790 410 843 licas
455 787 964 856 interpretationes,
999 803 1120 854 qua:
1164 791 1231 842 ab
1276 788 1382 841 illis
1422 796 1599 840 essent
1634 787 1849 840 arcanis

275 860 464 927 figuris
491 870 545 912 et
585 859 862 926 parabolis
890 859 1242 911 subobscuris
1269 859 1526 927 expositae
1549 898 1563 920 ,
1596 857 1734 908 malo
1768 857 1850 927 in-

275 926 599 983 tellexisset.
637 928 767 980 Nam
809 928 969 981 homo
997 939 1156 992 erat,
1190 926 1350 980 sicut
1375 944 1437 981 ex
1478 928 1594 993 ejus
1632 926 1852 994 scripzis

274 1000 436 1052 facile
463 999 585 1052 licet
619 999 986 1066 conjecturam
1017 1012 1234 1065 capere,
1259 997 1461 1060 ingenii
1497 997 1796 1066 pertenuis.
1826 1013 1846 1046 ι

273 1069 468 1124 Postea
502 1069 566 1122 de
593 1069 793 1122 Irenaeo
825 1067 1096 1136 subiungit
1129 1069 1266 1120 idem
1303 1066 1596 1131 Eusebius:
1631 1085 1649 1116 ι
1681 1066 1853 1122 Caete-

275 1155 397 1191 rum
442 1138 716 1206 plerisque
747 1138 1135 1194 ecclesiasticis
1157 1137 1290 1191 viris
1311 1177 1325 1199 ,
1356 1137 1446 1204 qui
1477 1137 1712 1190 hominis
1753 1152 1851 1190 au-

279 1209 584 1278 tiquitatem
612 1224 709 1278 pro
733 1225 950 1262 suarum
984 1209 1214 1278 partium
1244 1207 1556 1278 defensioue
1587 1208 1849 1278 cilabant,

277 1276 573 1348 persimilis
601 1276 809 1333 erroris
856 1276 1050 1332 auctor
1073 1279 1318 1342 exstitit;
1351 1288 1406 1330 ut
1456 1276 1690 1348 Irenmo,
1722 1287 1774 1330 et
1807 1277 1851 1329 si

275 1347 564 1416 quisquam
594 1349 730 1401 alius
770 1349 956 1401 eadem
998 1365 1120 1403 cmn
1163 1349 1256 1400 illo
1289 1349 1492 1401 sentire
1526 1347 1794 1399 videatur.
1830 1364 1848 1396 ι

279 1419 404 1473 "me
436 1418 725 1482 Eusebius,
750 1434 869 1487 qua:
901 1420 1056 1474 nobis
1098 1435 1227 1472 sane
1256 1417 1526 1487 longiores
1549 1416 1854 1471 adnotatio-

278 1505 378 1542 nes
404 1490 489 1542 hic
518 1490 833 1555 przecialnnt.

353 1558 420 1618 Et
451 1568 810 1619 compascetur
853 1557 1026 1626 lupus.
1068 1557 1459 1627 Hieronymus,
1497 1557 1850 1612 Commentar.

277 1629 334 1683 in
385 1644 439 1682 st
488 1627 676 1693 Isaite,
739 1629 1086 1697 reprehendit
1142 1626 1357 1682 intimos
1420 1639 1475 1682 et
1520 1627 1862 1682 Christianos,

275 1699 736 1768 judaizantespta
772 1699 914 1750 enim
955 1699 1266 1768 frequenter
1302 1706 1458 1753 vocat
1481 1697 1854 1764 Milleuarios),

279 1765 424 1836 quod
479 1767 632 1837 juxta
687 1767 922 1821 litteram
975 1765 1077 1823 ista
1133 1765 1315 1820 futura
1369 1768 1742 1837 eonfendant,
1799 1776 1857 1820 ut

1949 573 2216 639 Jeremim,
2251 577 2368 629 illos
2400 578 2619 630 οηιηῑιιο
2645 577 2877 631 delirare
2912 573 3134 634 indicat.
3181 577 3270 642 qui
3303 576 3371 627 ob
3408 575 3523 630 have

1951 659 2170 700 auream
2212 656 2266 700 et
2301 659 2626 714 gemmatam
2670 648 2948 714 suspirant
2988 647 3328 710 Jerusalem,
3363 660 3520 701 suam

1951 716 2237 787 avaritiam
2273 717 2323 787 in
2355 717 2614 787 mysterio
2648 715 2827 770 verbis
2862 718 3069 772 Domini
3098 728 3519 777 consecrantcs;

1952 785 2216 856 siquidem
2245 786 2332 840 hic
2360 785 2621 854 promissa
2647 788 2782 840 bona
2804 827 2817 849 ,
2847 803 2954 842 non
2996 790 3047 842 in
3081 787 3326 856 frugibus
3355 797 3408 840 et
3439 789 3488 840 ei
3507 814 3524 826 ο

1952 855 2348 936 bisanundaua:
2379 858 2696 936 car_nis,_sed
2732 856 2785 910 iu
2818 859 3081 912 varietate
3119 855 3380 912 vii-tutum
3410 871 3528 926 per.

1953 929 2225 992 cipiantur
2255 935 2309 979 et
2337 929 2660 981 sentiantur.

2026 995 2363 1050 Ostendimus
2417 997 2674 1068 autemin
2732 998 2989 1068 superiori
3043 998 3198 1050 libro.
3265 997 3381 1055 Lib.
3448 1011 3522 1059 tv.

1955 1083 2073 1136 cap.
2103 1068 2204 1130 20,
2235 1068 2424 1120 scribit
2457 1067 2730 1135 apostolos
2767 1067 2822 1125 et
2865 1082 3052 1122 onmes
3084 1068 3378 1135 discipulos
3423 1068 3526 1121 Du-

1957 1137 2123 1200 mini,
2151 1138 2243 1206 qui
2279 1137 2385 1189 Deo
2421 1149 2473 1190 et
2511 1137 2664 1190 altari
2702 1142 2976 1198 serviunt,
3021 1143 3333 1192 Sacerdotes
3362 1153 3522 1199 esse;

1954 1219 2011 1263 et
2051 1225 2169 1278 cap.
2204 1223 2387 1268 xxx”,
2416 1223 2619 1266 xxxiii.
2661 1225 2846 1272 xxxiv,
2888 1224 3084 1261 llltlltltS
3127 1223 3315 1260 eorum
3364 1210 3530 1261 tradit

1956 1294 2074 1334 esse
2116 1279 2538 1339 eucharistiam,
2597 1279 2646 1332 id
2700 1290 2784 1336 est
2837 1293 3032 1345 corpus
3097 1288 3151 1331 et
3205 1279 3528 1347 sanguinem

1956 1349 2193 1412 Christi,
2248 1347 2356 1401 lieo
2407 1348 2550 1402 Patri
2595 1347 2822 1411 oderre;
2873 1349 3136 1412 indeque,
3181 1358 3376 1414 [it‘tl‘lﬂ‘
3424 1348 3529 1401 alia

1958 1421 2124 1472 multa
2150 1460 2162 1482 ,
2188 1418 2459 1486 colligitur
2484 1420 2593 1480 ha-c
2625 1418 2924 1482 fragmenta
2959 1419 3026 1472 ab
3060 1415 3260 1472 [renato
3288 1418 3530 1473 abscissa

1957 1499 2012 1545 et
2037 1490 2354 1545 detruncata
2381 1491 2652 1556 quondam
2684 1490 2876 1544 fuisse.

2027 1559 2398 1628 Epulationem
2444 1559 2761 1627 signiﬁcant.
2803 1560 2877 1616 lla
2931 1559 3157 1612 aliorum
3195 1558 3399 1625 judicio
3448 1574 3534 1612 re-

1959 1639 2170 1684 servato
2201 1629 2481 1697 legendum
2508 1632 2891 1697 proponimus;
2941 1631 3113 1684 codex
3160 1639 3309 1684 vetus
3344 1631 3530 1694 habet,

1966 1715 1986 1750 ι
2019 1700 2328 1765 epulatione
2359 1698 2687 1764 significant.
2732 1721 2748 1751 ›

2030 1768 2160 1836 Pag.
2209 1768 2330 1822 535.
2367 1767 2558 1821 Beatus
2613 1772 2700 1838 qui
2733 1771 2882 1823 liabet
2925 1771 2978 1822 in
3019 1769 3149 1823 Sion
3188 1784 3382 1824 semen.
3443 1768 3536 1823 Se-

279 1836 487 1894 omnes
529 1839 714 1907 bestia:
766 1839 1077 1907 redigantur
1130 1838 1182 1890 in
1239 1836 1743 1901 tmtnsuetndinem,
1801 1846 1855 1889 et
1888 1845 1929 1903 Β
1961 1841 2239 1907 ptuagiuta
2287 1836 2641 1907 interpretum
2690 1841 2855 1893 verba
2879 1840 3144 1906 sequitur,
3179 1857 3298 1893 nam
3333 1841 3534 1893 veritas

280 1909 512 1978 pristina
549 1905 760 1962 feritate
791 1905 1030 1976 deposita
1052 1948 1066 1969 ,
1097 1907 1254 1978 lupus
1281 1915 1332 1960 et
1364 1921 1532 1978 agnus
1565 1915 1856 1976 pascantur

282 1978 486 2044 simul;
541 1980 797 2048 additque
834 1993 927 2032 eos
969 1977 1293 2048 gravissimo
1339 1977 1529 2030 somno
1589 1986 1852 2040 stertere,

283 2059 448 2115 atque
492 2063 681 2117 parum
715 2047 922 2102 distare
960 2065 987 2100 a
1032 2047 1227 2100 fabulis
1272 2058 1595 2114 poetarum,
1629 2047 1717 2114 qui
1756 2063 1856 2117 au-

286 2133 437 2170 renm
471 2116 740 2189 quoddam
780 2119 1000 2171 Saturni
1035 2117 1288 2172 sacculum
1327 2125 1458 2189 sunt
1483 2116 1855 2189 ctnquettlali.

284 2187 522 2254 Subjicit
579 2199 758 2244 autem
813 2190 1084 2254 qumuodo
1134 2188 1431 2239 scentulum
1496 2187 1858 2238 virilicantem

285 2258 580 2326 spiritum,
629 2259 865 2328 mystico
908 2267 960 2310 et
1005 2257 1232 2325 Spiritali
1289 2271 1452 2311 sensu
1510 2255 1860 2323 inteiligeuda

285 2332 417 2382 sint.
449 2329 650 2382 Locum
681 2327 926 2382 consulat
957 2331 1045 2396 qui
1075 2327 1220 2378 velit.

366 2398 492 2451 litvo
534 2399 672 2451 inter
715 2415 828 2451 nos.
884 2393 1208 2464 Coujectura
1264 2397 1409 2450 ducti
1458 2397 1530 2448 ita
1576 2393 1861 2464 legendum

285 2469 636 2594 permittimus;
681 2479 834 2523 vetns
881 2478 1064 2522 noster
1113 2468 1282 2521 codex
1333 2466 1526 2532 habet,
1561 2483 1580 2516 ε
1613 2467 1728 2520 lucc
1776 2464 1861 2518 itt-

348 2553 452 2593 ros.
496 2556 515 2591 ι

348 2553 452 2593 τος.
496 2556 515 2591 1

561 2605 814 2676 Ejusdem
863 2607 1227 2662 adnotatione:
1267 2609 1319 2676 in
1357 2623 1472 2673 cap.
1508 2607 1597 2663 54.

373 2679 498 2750 Pag.
527 2673 652 2733 5'51.
688 2677 979 2748 Resurgent
1025 2681 1242 2750 mortui.
1278 2673 1452 2731 Verba
1505 2682 1628 2730 s'uut
1679 2673 1862 2750 Isaia),

289 2763 412 2817 quae
450 2748 750 2804 secundum
780 2750 1076 2803 editionem
1107 2749 1246 2802 LXX
1285 2762 1446 2817 supra
1479 2757 1691 2816 quoque
1733 2748 1866 2817 inte-

289 2815 384 2891 gra
427 2818 666 2891 laudavit
692 2819 786 2874 lib.
824 2835 876 2883 v,
907 2834 1028 2887 cap.
1062 2819 1148 2874 l5.
1186 2820 1284 2873 llic
1315 2815 1378 2873 ei:
1423 2815 1685 2872 tnemoria
1728 2815 1866 2870 reci-

290 2890 408 2943 tare
437 2890 671 2942 videtur.

365 2960 430 3014 Et
462 2961 558 3013 erit
585 2976 742 3026 super
775 2975 977 3013 omnem
1019 2969 1260 3012 montem.
1303 2959 1397 3011 llic
1424 2971 1639 3026 quoque
1679 2955 1868 3008 Hiero-

289 3045 486 3102 nymus
510 3030 565 3102 in
591 3030 998 3102 Commentariis
1035 3030 1306 3096 redarguit
1337 3027 1652 3102 Iudaicam,
1673 3041 1866 3078 carna-

289 3099 397 3161 lem
438 3109 492 3155 et
538 3099 823 3153 litteralem
869 3102 1406 3166 interpretationem,
1458 3099 1729 3163 simulque
1773 3111 1866 3151 eos

289 3171 380 3238 qui
423 3171 702 3239 recipiunt.
731 3170 876 3225 mille
907 3185 1174 3224 annorqu
1219 3168 1454 3239 fabulam
1497 3177 1551 3218 et
1592 3178 1861 3220 terrenum

292 3237 602 3297 Salvatoris
639 3241 966 3307 imperium,
999 3254 1188 3293 errore
1230 3237 1457 3296 Judaico
1499 3248 1864 3307 commentum

290 3324 344 3367 et
400 3312 624 3373 fictum;
669 3305 772 3365 non
819 3311 1185 3375 iutelligeutcs
1227 3309 1603 3378 Apocalypsim
1642 3305 1867 3360 Joannis

291 3385 345 3446 iu
380 3381 670 3450 superficie
697 3382 892 3436 littera:
925 3380 1216 3433 medullula
1245 3381 1500 3433 Ecclesue
1527 3386 1866 3431 sacramenta

289 3455 600 3522 sublegere.

363 3523 432 3576 Et
459 3518 661 3575 'cibabit
721 3529 790 3575 te.
834 3519 1196 3590 Hieronymus
1251 3520 1301 3573 in
1349 3518 1642 3590 Comment.
1681 3531 1867 3590 rursus

293 3593 710 3659 improbateos,
738 3591 827 3658 qui
871 3593 996 3645 hinc
1018 3587 1162 3644 mille
1198 3605 1464 3643 annorum
1500 3587 1733 3641 fabulam
1764 3589 1864 3640 sibi

294 3665 594 3727 finxerunt,
621 3664 800 3729 inqua
837 3677 1048 3714 rursum
1076 3663 1294 3730 nuptiae,
1321 3669 1375 3712 et
1403 3661 1868 3730 cibi,ﬁet_terrenm

292 3735 418 3788 vita:
455 3728 778 3802 congressus
831 3741 952 3796 est;
1013 3728 1470 3797 quandoquidem,
1505 3728 1741 3802 Christo
1773 3743 1869 3778 au-

291 3813 475 3868 ctore,
511 3799 604 3856 filii
643 3803 1052 3858 resurrectionis
1091 3817 1193 3856 non
1227 3803 1619 3868 imbentuetpte
1656 3799 1868 3853 ιιιώυη-

296 3883 404 3938 tur,
435 3875 526 3927 sed
555 3877 870 3940 angelorum
903 3871 1109 3924 similes
1131 3877 1314 3940 ferunt.

364 3943 434 3997 In
465 3937 841 3996 resurrectione
876 3943 1066 4010 prima.
1100 3939 1271 4010 Verba
1324 3938 1427 4010 ista
1467 3937 1870 4010 Apocalypsoos

293 4030 390 4069 sua
440 4013 776 4068 obscuritate
823 4009 1022 4067 Irenaeo
1065 4021 1119 4063 et
1151 4009 1275 4062 aliis
1324 4009 1509 4060 tntiltis
1552 4010 1870 4074 magnisque

295 4084 432 4148 viris
463 4098 711 4151 magnam
749 4083 963 4136 errandi
999 4082 1291 4134 fenestram
1324 4080 1718 4151 patefecerunt.
1746 4075 1867 4128 itali

295 4155 440 4208 enim
482 4147 611 4208 sunt
638 4151 773 4206 duas
796 4151 914 4206 fore
940 4151 1124 4206 carnis
1159 4149 1608 4211 resurrectiones,
1641 4147 1868 4214 primatu

296 4226 600 4287 bonorum,
647 4223 940 4276 secundam
989 4221 1251 4274 malorum
1306 4228 1427 4286 post
1470 4216 1614 4272 mille
1657 4231 1868 4280 annos;

294 4293 575 4349 Christum
605 4302 787 4345 autem
816 4307 844 4344 a
881 4293 1048 4360 prima
1091 4292 1156 4343 ad
1195 4290 1488 4345 secundam
1524 4301 1689 4360 usuue
1713 4301 1872 4360 man-

297 4380 486 4423 surum
521 4365 572 4417 in
623 4365 816 4426 terris,
863 4358 1042 4429 ibique
1081 4377 1201 4414 cum
1243 4360 1450 4412 sanctis
1477 4368 1530 4411 et
1567 4358 1754 4410 electis
1790 4373 1874 4410 re-

299 4445 613 4502 gnaturum,
645 4432 946 4502 incredibili
978 4432 1218 4502 omnium
1238 4433 1500 4483 bonorum
1529 4429 1871 4502 terrestrium

297 4499 579 4559 felicitate.
653 4501 846 4559 Verum
905 4501 1306 4556 observandum
1377 4499 1870 4556 resurrectionem,

298 4589 420 4644 quae
457 4574 546 4628 hic
585 4572 754 4642 pritna
786 4582 1014 4644 vocatur
1057 4586 1086 4623 a
1124 4569 1364 4644 Joanne,
1397 4583 1501 4622 non
1543 4568 1760 4635 proprie
1806 4568 1870 4620 ad

298 4641 527 4712 corpora
550 4685 564 4707 ,
586 4641 687 4696 sed
721 4644 786 4695 ad
815 4643 1028 4695 animas
1059 4641 1368 4709 pertinere;
1405 4653 1524 4706 quae
1554 4649 1663 4712 tum
1696 4651 1873 4712 resus-_

297 4707 460 4776 citari
499 4715 771 4774 dicuntur,
807 4728 928 4764 cum
975 4707 1255 4765 transeunt
1296 4725 1324 4762 a
1360 4708 1566 4778 peccati
1603 4716 1774 4760 morte
1807 4707 1873 4760 ad

298 4786 464 4839 vitam
508 4784 698 4853 gratia:
724 4823 738 4844 ,
767 4790 820 4835 et
848 4798 875 4834 a
909 4783 1014 4834 vita
1045 4783 1234 4848 gratiae
1270 4783 1334 4832 ad
1369 4789 1536 4853 vitam
1566 4778 1722 4853 illius
1760 4778 1871 4853 gius

300 4856 396 4912 ria:
415 4893 430 4917 ,
459 4849 564 4921 qua
593 4853 908 4920 corporilms
937 4855 1171 4904 nomium
1205 4850 1493 4918 assumptis
1517 4887 1532 4910 ,
1566 4849 1780 4900 interim
1818 4849 1871 4900 in

299 4925 445 4980 ςωιυ
496 4925 560 4975 ad
616 4925 756 4976 diem
811 4922 999 4989 judieii
1053 4936 1222 4989 usque
1281 4922 1580 4988 potiuntur,
1638 4927 1692 4970 et
1749 4933 1870 4970 cum

299 4995 521 5058 Christo
551 5002 798 5060 regnant.
829 4991 938 5044 lloc
973 5000 1148 5044 autem
1183 5002 1392 5056 tempus
1427 4989 1573 5041 mille
1607 5001 1871 5060 anulorum

302 5079 568 5126 printero,
597 5058 686 5130 qui
729 5065 1046 5129 frequenter
1087 5064 1138 5112 in
1191 5062 1364 5113 sacris
1403 5060 1642 5130 Litteris
1672 5074 1768 5125 pro
1800 5058 1877 5110 in-.

302 5137 524 5197 definita
559 5129 767 5186 mimeri
799 5132 1144 5184 multitudine
1170 5140 1478 5196 usurpatur,
1511 5129 1872 5198 signiﬁcatum

300 5215 354 5260 et
395 5203 768 5272 pra-scriptum
811 5213 914 5256 eSt.
949 5201 1299 5255 Resurrcclio
1336 5197 1576 5272 secunda
1595 5197 1876 5272 generalis

303 5267 410 5329 illa'
443 5267 706 5327 bonorum
750 5272 1100 5326 etmalorum
1149 5285 1180 5324 e
1221 5270 1442 5322 tumulis
1490 5267 1745 5321 excitatio
1795 5267 1876 5320 di-

303 5345 470 5406 citur,
499 5345 551 5396 iu
579 5359 683 5412 qua
723 5343 934 5412 piorum
969 5343 1163 5394 animze
1189 5355 1309 5394 cum
1347 5340 1665 5412 corporibus
1705 5339 1878 5407 genii-

305 5423 430 5470 ttato
454 5427 567 5467 suae
597 5410 873 5467 beatitatis
895 5413 1091 5480 gaudio
1120 5413 1171 5464 in
1203 5419 1469 5470 maternum
1490 5410 1836 5480 perfruentur
1858 5422 1886 5472 ;~

303 5495 468 5552 atque
507 5484 580 5536 ita
629 5477 935 5552 declaratur
964 5482 1115 5552 locus
1148 5482 1216 5552 ab
1257 5480 1568 5552 Augustino
1592 5477 1876 5552 seu‘Tico-

304 5547 427 5616 uio,
463 5552 648 5606 homil.
687 5552 753 5606 Π
794 5551 845 5606 in
877 5551 1254 5620 Apocalypsim
1281 5589 1296 5613 ,
1322 5547 1608 5620 Ambrosio
1633 5587 1648 5610 ,
1673 5547 1878 5620 Prima-

305 5625 389 5678 sio
409 5663 424 5688 ,
450 5625 668 5677 Audrea
690 5633 744 5676 et
775 5617 938 5676 Areta
968 5617 1372 5690 Cappadocibus
1390 5660 1404 5679 ,
1429 5617 1700 5672 Ausberto
1720 5658 1735 5682 ,
1769 5617 1878 5672 Ru-

307 5702 462 5762 perto
488 5733 502 5755 ,
538 5693 752 5763 Lyrano
775 5733 789 5755 ,
827 5691 1234 5763 commentariis
1271 5692 1323 5744 ir.
1365 5690 1683 5763 vicesimum
1719 5697 1879 5763 caput

307 5759 729 5886 Apolctiflypseos.
787 5763 922 5832 Ergo
980 5776 1076 5839 pro
1131 5759 1549 5820 lilillenariorum
1611 5760 1876 5814 sententia

308 5848 422 5886 [lit
497 5843 626 5886 acti.

308 5834 444 5894 ribil
475 5835 626 5898 facit.
997 5837 999 5839 ’

1959 1909 2258 1970 Ilebraica,
2304 1916 2357 1961 et
2398 1910 2608 1976 vulgata
2660 1911 2848 1963 Latina
2894 1910 3059 1963 editio
3101 1925 3260 1963 secus
3309 1912 3533 1977 legunt,

1957 1981 2099 2048 quod
2141 1989 2195 2031 et
2248 1979 2595 2049 .lierouymus
2625 1981 2730 2032 illic
2757 1989 2900 2034 nutat
2931 1998 2942 2031 :
2980 1981 3199 2049 vultque
3233 1981 3378 2034 ltltltc
3418 1995 3535 2033 Ser-

1960 2065 2170 2102 monem
2200 2048 2477 2118 diuinum,
2510 2048 2726 2103 Judatos
2763 2051 3026 2117 fugientes
3058 2048 3422 2118 intﬁgyptum
3453 2065 3537 2102 re-

1963 2134 2158 2172 vocare
2187 2119 2240 2171 in
2265 2115 2590 2179 Jerusalem,
2618 2119 2799 2186 ibique
2825 2115 2967 2172 illius
2998 2115 3311 2184 procreare,
3338 2119 3537 2185 quibus

1963 2197 2108 2242 tanta
2153 2189 2416 2245 securitas
2453 2197 2500 2242 et
2543 2190 2774 2243 felicitas
2821 2191 3182 2256 promittitur,
3221 2202 3278 2243 ut
3323 2190 3536 2244 Domini

1961 2257 2319 2312 defenduntur
2349 2267 2401 2310 et
2430 2267 2686 2324 regantur
2715 2259 2940 2314 auxilio.

2037 2327 2186 2384 Ecce.
2215 2343 2306 2394 ego
2333 2328 2425 2402 tibi
2449 2331 2758 2402 pra'parabo
2791 2329 3536 2402 carbuneulnnul'lierouysn.

1963 2397 2319 2472 Commentur.
2351 2399 2403 2451 in
2447 2399 2818 2472 _ht_t_nc_lo_cu_m
2865 2400 3136 2472 ostendit,
3180 2397 3538 2472 Septuaginta

1964 2469 2254 2539 lectionem
2298 2467 2540 2520 nottuihil
2576 2468 2644 2521 ab
2680 2467 2942 2522 Ilebraica
2992 2467 3295 2525 variantem
3320 2511 3335 2534 ,
3375 2467 3537 2539 quam

1967 2548 2147 2597 tamen
2177 2537 2410 2590 lrcuams
2442 2539 2639 2603 passim
2667 2540 2933 2607 sequitur,
2968 2549 3130 2607 atque
3162 2544 3226 2594 de
3259 2537 3450 2594 natura
3485 2552 3542 2596 et

1965 2608 2387 2679 proprietatibus
2425 2609 2638 2679 borum
2694 2606 2933 2679 lapidum
2980 2606 3141 2664 anxie
3201 2610 3540 2677 inquirentes

1964 2673 2178 2750 ablegat
2221 2679 2287 2730 ad
2343 2673 2633 2746 Epiphanii
2693 2673 2976 2750 volumen.
3027 2673 3350 2750 inscriptum
3398 2683 3536 2749 Περὶ

1963 2748 2191 2807 λίθων,
2251 2755 2305 2800 et
2366 2752 2433 2800 ad
2499 2762 2679 2801 xxxvu
2735 2747 3017 2802 Natura'is
3067 2747 3303 2805 historia:
3356 2747 3536 2805 Plinii.

1966 2820 2180 2874 Acriter
2209 2818 2371 2871 etiam
2413 2819 2686 2871 invehitur
2721 2817 2772 2870 in
2809 2817 3054 2882 Judzeos,
3086 2829 3139 2873 et
3163 2820 3540 2883 serui-lodices

1969 2891 2065 2958 (ita
2096 2898 2251 2941 vocat
2285 2886 2592 2958 Chiliastas)
2613 2926 2628 2948 ,
2658 2888 2744 2955 qui
2777 2890 3073 2943 occidentis
3107 2891 3301 2944 litterae
3331 2903 3542 2945 amato-

1969 2957 2092 3016 ως,
2142 2973 2236 3026 pro
2268 2957 2430 3028 mille
2479 2960 2662 3020 annis,
2703 2957 2878 3011 lautos
2929 2968 2983 3010 et
3032 2961 3330 3028 exquisitos
3387 2962 3540 3015 cibos

1967 3030 2102 3096 gula:
2129 3025 2433 3095 proVident,
2459 3037 2512 3080 ct
2540 3039 2659 3095 post
2680 3029 2976 3086 secundum
3010 3025 3312 3084 Salvatoris
3341 3033 3542 3085 adven-

1971 3109 2079 3152 tum
2116 3106 2336 3164 speraut
2364 3099 2609 3163 nuptias,
2639 3106 2690 3150 et
2722 3100 2975 3165 parvulos
3002 3109 3220 3154 centum
3245 3117 3540 3162 annorum,

1968 3179 2022 3223 et
2059 3167 2492 3222 circumcisionis
2529 3168 2780 3240 injuriam
2803 3208 2822 3240 ,_
2852 3177 2909 3240 et
2947 3169 3288 3222 victimarum
3322 3173 3543 3240 sangui-

1969 3252 2090 3294 nem
2114 3280 2127 3303 ,
2155 3247 2260 3290 etc.
2283 3274 2299 3300 ,
2332 3251 2452 3290 eum
2501 3239 2689 3290 urbem
2734 3235 2969 3305 Spiritus
2997 3241 3172 3293 sancti
3205 3242 3361 3294 donis
3406 3235 3541 3295 cou-

1968 3317 2232 3363 structam
2254 3346 2267 3365 .
2305 3313 2360 3359 et
2391 3307 2675 3377 virtutum,
2707 3309 3042 3370 meritorum,
3089 3311 3544 3377 prtetniorumqtlo

1968 3378 2347 3447 splendoribus
2388 3376 2697 3442 lucentem,
2745 3377 2796 3430 in
2853 3379 3004 3433 ccelis
3047 3376 3292 3447 (pectere
3329 3376 3546 3436 debuiso

1968 3457 2105 3504 sent.

2038 3516 2207 3584 Ecce",
2265 3533 2356 3586 ego
2401 3516 2541 3584 [ario
2602 3518 2916 3573 Jerusalem.
2961 3521 3171 3576 Rursus
3217 3521 3432 3577 Judmos
3488 3531 3546 3576 et

1972 3591 2120 3660 regni
2165 3589 2367 3643 terreni
2402 3589 2548 3660 mille
2587 3604 2852 3643 atnmrum
2901 3593 3292 3659 approbatores
3331 3592 3546 3645 venient

1971 3659 2362 3730 Hieronymus,
2403 3659 2623 3734 vultque
2669 3661 2734 3711 de
2773 3663 2980 3734 caelesti
3029 3661 3329 3715 Jerusalem
3353 3701 3379 3734 ,Α
3422 3677 3548 3734 quas

1923 3796 1934 3804 _
1971 3746 2182 3804 sursum
2222 3739 2341 3789 est,
2378 3737 2431 3780 et
2479 3731 2645 3804 variis
2697 3733 3069 3804 tiitttisitiidbtts
3125 3747 3222 3804 pro
3271 3731 3543 3804 variorum

1974 3801 2213 3853 laborum
2243 3800 2682 3864 cuumensatione
2708 3838 2720 3862 ,
2753 3805 2892 3867 apud
2928 3801 3144 3852 Patrem
3174 3799 3418 3853 divinum
3455 3817 3543 3853 re—

1972 3869 2144 3937 posita
2177 3869 2288 3921 lucc
2323 3867 2567 3935 intelligi.

2044 3937 2159 3988 Erit
2189 3939 2260 3989 ibi
2285 3937 2494 4004 juvenis
2532 3953 2788 4008 annorum
2821 3948 3048 3992 centum.
3085 3939 3256 4004 llier.,
3279 3941 3562 4008 prommio

1972 4008 2175 4061 Comm.
2229 4008 2282 4060 in
2346 4021 2478 4059 svnt
2526 4021 2649 4075 Cap.
2704 4007 2894 4071 Isaiae,
2945 4012 3087 4063 hunc
3131 4009 3316 4068 iretuei
3370 4011 3545 4063 locum

1973 4076 2353 4148 subindicaus,
2392 4091 2512 4148 eum
2574 4077 2739 4130 refert
2802 4080 3121 4148 Dionysium
3159 4081 3546 4135 Alexandriam

1975 4145 2231 4218 Ecclesia!
2267 4147 2606 4214 pontificem,
2644 4148 2818 4202 virum
2857 4145 3400 4218 eloquentissimum,
3433 4153 3546 4205 ele-

1973 4216 2118 4292 gauli
2152 4215 2293 4292 libro
2324 4219 2702 4292 impugnasse,
2733 4215 3138 4287 insuper'n‘iiile
3173 4235 3438 4274 annorum
3469 4219 3548 4274 fa-

1975 4287 2149 4360 bulam
2177 4287 2479 4360 _irrisisse,
2517 4296 2571 4360 et
2619 4303 2840 4343 auream
2894 4301 3056 4359 atque
3105 4302 3430 4360 genuuatam
3491 4292 3544 4344 in

1974 4356 2487 4430 terrisJerusalem,
2520 4356 2983 4430 instaurationem
3005 4356 3210 4430 templi,
3245 4361 3544 4414 hostiarum

1975 4428 2316 4496 sanguinem,
2338 4428 2519 4498 otium
2536 4427 2783 4493 Saltltati,
2807 4427 3245 4486 eit'cumeisi’ouis
3269 4430 3547 4498 injurtam,

1904 4524 1948 4583 υ
1978 4499 2214 4583 nuptias,
2244 4507 2450 4565 partus,
2488 4497 2779 4580 liberorum
2815 4502 3229 4582 educationem,
3265 4497 3556 4570 epulartuu.

1977 4569 2221 4630 delicias,
2253 4578 2569 4640 cunctarum
2602 4571 2839 4638 gentium
2871 4571 3221 4634 servitutem,
3252 4569 3551 4640 rursusque

1976 4639 2154 4702 bella,
2204 4639 2477 4691 exercitus
2530 4654 2596 4691 ac
2654 4640 2992 4706 triumphos,
3051 4653 3107 4694 et
3167 4639 3546 4710 superatorum

1976 4725 2172 4773 neces,
2210 4717 2545 4776 mortemque
2594 4711 2894 4763 centenarii
2947 4714 3270 4778 peccatoris.
3314 4711 3552 4778 Subjieit

1978 4781 2115 4834 idem
2170 4779 2391 4834 llieron.
2442 4779 2833 4849 Apollinarium
2904 4782 3114 4834 duobus
3183 4781 3561 4836 voluminibus.

1981 4852 2234 4920 Dionysio
2259 4853 2602 4917 respondisse
2629 4864 2726 4916 pro
2756 4851 2958 4905 irenzco
2993 4853 3218 4920 ejusque
3255 4853 3508 4918 opinione
3533 4892 3547 4912 ,

1977 4932 2140 4996 atque
2163 4936 2285 4972 cmn
2319 4931 2548 4996 utroque
2579 4920 2632 4972 in
2675 4923 2775 4974 hac
2807 4933 2958 4996 parte
2989 4925 3290 4996 plurimam
3322 4922 3551 4996 catholi-

1977 4991 2166 5048 corum
2220 4991 2622 5044 multitudinem
2677 4993 2936 5044 sensisse.
2975 4992 3307 5058 Augustinus
3358 4992 3451 5046 lib.
3480 5007 3553 5057 xx

1978 5061 2056 5114 De
2094 5063 2235 5120 civit.
2275 5061 2407 5124 Dei,
2441 5076 2560 5128 cap.
2593 5061 2646 5124 7,
2673 5063 2916 5116 eamdem
2965 5064 3273 5130 opinionem
3299 5063 3428 5114 dicit
3475 5077 3552 5114 Ill-

1978 5147 2188 5202 cuuque
2221 5131 2554 5191 tolerabilem
2577 5146 2718 5197 esse,
2754 5133 2797 5184 si
2824 5131 3030 5186 delicia:
3058 5133 3253 5202 aliqua:
3279 5132 3551 5200 spiritales

1979 5201 2031 5254 in
2061 5203 2151 5258 illo
2179 5203 2405 5258 sabbato
2442 5202 2588 5256 mille
2621 5218 2884 5255 armorum
2927 5217 3024 5271 per
3055 5201 3262 5257 Domini
3311 5217 3550 5271 prieseu-

1981 5273 2106 5324 liam
2131 5273 2378 5331 allatura:
2409 5273 2738 5338 credantur;
2778 5288 2944 5340 seque
2976 5272 3077 5327 hoc
3113 5274 3404 5340 alzquaudo
3431 5275 3548 5342 opi-

1980 5358 2062 5394 ttu:
2079 5357 2186 5395 utn.
3270 5383 3274 5390 .

2053 5411 2155 5475 Ex.
2195 5413 2250 5466 J.
2307 5410 2439 5474 Ern.
2480 5413 2661 5470 (ἱναὸὶί
2698 5413 3122 5467 adnotationibus
3163 5416 3216 5467 in
3254 5432 3367 5479 cap.
3411 5417 3499 5469 δι.

2052 5484 2180 5552 l’ag.
2215 5485 2338 5556 554.
2370 5483 2626 5556 Omnibus
2655 5481 3085 5556 gentibus._Nota
3121 5485 3560 5544 uttiversalitalis

1981 5554 2120 5608 forte
2164 5555 2541 5626 explicationis
2589 5554 2762 5626 gratia
2809 5555 2876 5607 ab
2922 5554 3122 5607 [reuma
3180 5555 3359 5609 addita
3405 5568 3486 5608 cst

1982 5639 2159 5690 neque
2193 5627 2335 5678 enim
2367 5627 2419 5678 in
2452 5624 2851 5679 LXX'habelur
2882 5639 2982 5677 vox
3011 5627 3247 5682 πάντων.

2052 5693 2121 5749 1η
2178 5708 2454 5762 conspectu
2510 5696 2743 5765 ﬁliorum
2780 5696 3054 5765 gentium.
3104 5698 3336 5750 lreumus
3386 5694 3556 5765 legit,

1981 5765 2211 5820 ἐνώπιον
2234 5766 2339 5818 τῶν
2364 5766 2493 5820 υἱῶν
2512 5763 2632 5819 ⁷τῶν
2662 5763 2828 5819 ἐθνῶν
2851 5804 2863 5829 ,
2892 5782 2988 5834 pro
3025 5766 3254 5821 ὲνώπεςν
3291 5765 3397 5820 τῶν
3416 5764 3562 5834 itaqu

1982 5835 2088 5890 τῶν
2114 5834 2303 5898 ἐθνῶν,
2335 5841 2407 5892 uti
2443 5843 2600 5893 modo
2622 5837 2765 5892 LXX
2797 5838 3016 5892 habent.
