  <div class='ocr_page' id='page_1' title='image "/cluster/home/n/w/nwhite01/storage/ocr_20150623/7/hvd.32044019206614/932.png"; bbox 0 0 3954 6372; ppageno 0'>
   <div class='ocr_carea' id='block_1_1' title="bbox 272 378 406 438">
    <p class='ocr_par' dir='ltr' id='par_1_1' title="bbox 272 378 406 438">
     <span class='ocr_line' id='line_1_1' title="bbox 272 378 406 438; baseline -0.007 -2"><span class='ocrx_word' id='word_1_1' title='bbox 272 378 406 438; x_wconf 68' lang='grc'><strong>1261</strong></span> 
     </span>
    </p>
   </div>
   <div class='ocr_carea' id='block_1_2' title="bbox 1543 375 2269 437">
    <p class='ocr_par' dir='ltr' id='par_1_2' title="bbox 1543 375 2269 437">
     <span class='ocr_line' id='line_1_2' title="bbox 1543 375 2269 437; baseline -0.003 -2"><span class='ocrx_word' id='word_1_2' title='bbox 1543 377 1614 436; x_wconf 75' lang='lat' dir='ltr'><strong>IN</strong></span> <span class='ocrx_word' id='word_1_3' title='bbox 1651 376 1776 434; x_wconf 55' lang='lat' dir='ltr'><strong>Lib.</strong></span> <span class='ocrx_word' id='word_1_4' title='bbox 1816 375 1860 427; x_wconf 72' lang='grc' dir='ltr'><strong>Υ</strong></span> <span class='ocrx_word' id='word_1_5' title='bbox 1897 376 1956 433; x_wconf 87' lang='lat' dir='ltr'><strong>S.</strong></span> <span class='ocrx_word' id='word_1_6' title='bbox 1992 375 2269 437; x_wconf 67' lang='grc' dir='ltr'><strong>ΙΒΕΝιΕΙ.</strong></span> 
     </span>
    </p>
   </div>
   <div class='ocr_carea' id='block_1_3' title="bbox 3389 374 3525 429">
    <p class='ocr_par' dir='ltr' id='par_1_3' title="bbox 3389 374 3525 429">
     <span class='ocr_line' id='line_1_3' title="bbox 3389 374 3525 429; baseline -0.015 -1"><span class='ocrx_word' id='word_1_7' title='bbox 3389 374 3525 429; x_wconf 63' lang='grc'><strong>1813</strong></span> 
     </span>
    </p>
   </div>
   <div class='ocr_carea' id='block_1_4' title="bbox 274 499 3525 572">
    <p class='ocr_par' dir='ltr' id='par_1_4' title="bbox 274 499 3525 572">
     <span class='ocr_line' id='line_1_4' title="bbox 274 499 3525 572; baseline 0 -18"><span class='ocrx_word' id='word_1_8' title='bbox 274 504 544 556; x_wconf 74' lang='lat' dir='ltr'><strong>universze</strong></span> <span class='ocrx_word' id='word_1_9' title='bbox 580 502 763 556; x_wconf 78' lang='lat' dir='ltr'><strong>carnis</strong></span> <span class='ocrx_word' id='word_1_10' title='bbox 797 518 834 555; x_wconf 89' lang='lat' dir='ltr'><strong>a-</strong></span> <span class='ocrx_word' id='word_1_11' title='bbox 864 501 1093 557; x_wconf 79' lang='lat' dir='ltr'><strong>mortuis</strong></span> <span class='ocrx_word' id='word_1_12' title='bbox 1134 501 1622 561; x_wconf 80' lang='lat' dir='ltr'><strong>resurrectionem,</strong></span> <span class='ocrx_word' id='word_1_13' title='bbox 1658 501 1847 553; x_wconf 83' lang='lat' dir='ltr'><strong>asserit</strong></span> <span class='ocrx_word' id='word_1_14' title='bbox 1877 503 1923 559; x_wconf 82' lang='grc' dir='ltr'><strong>Α</strong></span> <span class='ocrx_word' id='word_1_15' title='bbox 1961 568 1979 572; x_wconf 95' lang='lat'>_</span> <span class='ocrx_word' id='word_1_16' title='bbox 2022 500 2208 553; x_wconf 60' lang='lat' dir='ltr'><strong>Audite</strong></span> <span class='ocrx_word' id='word_1_17' title='bbox 2260 499 2471 555; x_wconf 75' lang='lat' dir='ltr'><strong>verbum</strong></span> <span class='ocrx_word' id='word_1_18' title='bbox 2533 500 2764 555; x_wconf 84' lang='lat' dir='ltr'><strong>Domini.</strong></span> <span class='ocrx_word' id='word_1_19' title='bbox 2829 501 3222 572; x_wconf 75' lang='lat' dir='ltr'><strong>Hieronymus.</strong></span> <span class='ocrx_word' id='word_1_20' title='bbox 3278 500 3330 552; x_wconf 89' lang='lat' dir='ltr'><strong>in</strong></span> <span class='ocrx_word' id='word_1_21' title='bbox 3395 514 3525 572; x_wconf 62' lang='lat' dir='ltr'><strong>sui</strong></span> 
     </span>
    </p>
   </div>
   <div class='ocr_carea' id='block_1_5' title="bbox 277 572 1850 641">
    <p class='ocr_par' dir='ltr' id='par_1_5' title="bbox 277 572 1850 641">
     <span class='ocr_line' id='line_1_5' title="bbox 277 572 1850 641; baseline -0.001 -15"><span class='ocrx_word' id='word_1_22' title='bbox 277 574 425 626; x_wconf 85' lang='lat' dir='ltr'><strong>mille</strong></span> <span class='ocrx_word' id='word_1_23' title='bbox 451 590 624 625; x_wconf 87' lang='lat' dir='ltr'><strong>annos</strong></span> <span class='ocrx_word' id='word_1_24' title='bbox 653 575 887 625; x_wconf 87' lang='lat' dir='ltr'><strong>lmmano</strong></span> <span class='ocrx_word' id='word_1_25' title='bbox 916 585 965 625; x_wconf 89' lang='lat' dir='ltr'><strong>et</strong></span> <span class='ocrx_word' id='word_1_26' title='bbox 1000 588 1263 641; x_wconf 79' lang='lat' dir='ltr'><strong>corporeo</strong></span> <span class='ocrx_word' id='word_1_27' title='bbox 1303 588 1450 625; x_wconf 88' lang='lat' dir='ltr'><strong>more</strong></span> <span class='ocrx_word' id='word_1_28' title='bbox 1488 572 1538 624; x_wconf 94' lang='lat' dir='ltr'><strong>in</strong></span> <span class='ocrx_word' id='word_1_29' title='bbox 1578 581 1718 624; x_wconf 81' lang='lat' dir='ltr'><strong>terra</strong></span> <span class='ocrx_word' id='word_1_30' title='bbox 1750 573 1850 625; x_wconf 86' lang='lat' dir='ltr'><strong>hac</strong></span> 
     </span>
    </p>
   </div>
   <div class='ocr_carea' id='block_1_6' title="bbox 272 642 1853 708">
    <p class='ocr_par' dir='ltr' id='par_1_6' title="bbox 272 642 1853 708">
     <span class='ocr_line' id='line_1_6' title="bbox 272 642 1853 708; baseline -0.002 -10"><span class='ocrx_word' id='word_1_31' title='bbox 272 647 648 698; x_wconf 87' lang='lat' dir='ltr'><strong>continuatum</strong></span> <span class='ocrx_word' id='word_1_32' title='bbox 694 653 749 696; x_wconf 93' lang='lat' dir='ltr'><strong>et</strong></span> <span class='ocrx_word' id='word_1_33' title='bbox 787 643 1087 697; x_wconf 71' lang='lat' dir='ltr'><strong>stahilitum</strong></span> <span class='ocrx_word' id='word_1_34' title='bbox 1161 644 1295 696; x_wconf 85' lang='lat' dir='ltr'><strong>fore.</strong></span> <span class='ocrx_word' id='word_1_35' title='bbox 1334 642 1467 708; x_wconf 75' lang='lat' dir='ltr'><strong>Qua:</strong></span> <span class='ocrx_word' id='word_1_36' title='bbox 1504 644 1719 707; x_wconf 80' lang='lat' dir='ltr'><strong>quidem</strong></span> <span class='ocrx_word' id='word_1_37' title='bbox 1762 643 1853 695; x_wconf 85' lang='lat' dir='ltr'><strong>do-</strong></span> 
     </span>
    </p>
   </div>
   <div class='ocr_carea' id='block_1_7' title="bbox 273 713 1853 783">
    <p class='ocr_par' dir='ltr' id='par_1_7' title="bbox 273 713 1853 783">
     <span class='ocr_line' id='line_1_7' title="bbox 273 713 1853 783; baseline -0.002 -17"><span class='ocrx_word' id='word_1_38' title='bbox 273 724 460 779; x_wconf 72' lang='lat' dir='ltr'><strong>gmata</strong></span> <span class='ocrx_word' id='word_1_39' title='bbox 496 716 659 767; x_wconf 89' lang='lat' dir='ltr'><strong>credo</strong></span> <span class='ocrx_word' id='word_1_40' title='bbox 684 728 805 765; x_wconf 87' lang='lat' dir='ltr'><strong>eum</strong></span> <span class='ocrx_word' id='word_1_41' title='bbox 841 724 1123 783; x_wconf 81' lang='lat' dir='ltr'><strong>propterea</strong></span> <span class='ocrx_word' id='word_1_42' title='bbox 1141 713 1445 778; x_wconf 79' lang='lat' dir='ltr'><strong>excepisse,</strong></span> <span class='ocrx_word' id='word_1_43' title='bbox 1467 713 1610 779; x_wconf 89' lang='lat' dir='ltr'><strong>quod</strong></span> <span class='ocrx_word' id='word_1_44' title='bbox 1639 723 1853 783; x_wconf 80' lang='lat' dir='ltr'><strong>aposto-</strong></span> 
     </span>
    </p>
   </div>
   <div class='ocr_carea' id='block_1_8' title="bbox 276 782 1851 851">
    <p class='ocr_par' dir='ltr' id='par_1_8' title="bbox 276 782 1851 851">
     <span class='ocr_line' id='line_1_8' title="bbox 276 782 1851 851; baseline -0.001 -15"><span class='ocrx_word' id='word_1_45' title='bbox 276 785 411 838; x_wconf 87' lang='lat' dir='ltr'><strong>licas</strong></span> <span class='ocrx_word' id='word_1_46' title='bbox 457 782 967 851; x_wconf 85' lang='lat' dir='ltr'><strong>interpretationes,</strong></span> <span class='ocrx_word' id='word_1_47' title='bbox 1002 798 1123 849; x_wconf 72' lang='lat' dir='ltr'><strong>qua:</strong></span> <span class='ocrx_word' id='word_1_48' title='bbox 1167 786 1233 837; x_wconf 89' lang='lat' dir='ltr'><strong>ab</strong></span> <span class='ocrx_word' id='word_1_49' title='bbox 1279 783 1385 836; x_wconf 87' lang='lat' dir='ltr'><strong>illis</strong></span> <span class='ocrx_word' id='word_1_50' title='bbox 1424 792 1602 835; x_wconf 84' lang='lat' dir='ltr'><strong>essent</strong></span> <span class='ocrx_word' id='word_1_51' title='bbox 1637 782 1851 835; x_wconf 87' lang='lat' dir='ltr'><strong>arcanis</strong></span> 
     </span>
    </p>
   </div>
   <div class='ocr_carea' id='block_1_9' title="bbox 278 852 1852 922">
    <p class='ocr_par' dir='ltr' id='par_1_9' title="bbox 278 852 1852 922">
     <span class='ocr_line' id='line_1_9' title="bbox 278 852 1852 922; baseline -0.003 -15"><span class='ocrx_word' id='word_1_52' title='bbox 278 856 467 922; x_wconf 79' lang='lat' dir='ltr'><strong>figuris</strong></span> <span class='ocrx_word' id='word_1_53' title='bbox 493 865 547 906; x_wconf 87' lang='lat' dir='ltr'><strong>et</strong></span> <span class='ocrx_word' id='word_1_54' title='bbox 588 854 865 921; x_wconf 86' lang='lat' dir='ltr'><strong>parabolis</strong></span> <span class='ocrx_word' id='word_1_55' title='bbox 893 854 1245 905; x_wconf 87' lang='lat' dir='ltr'><strong>subobscuris</strong></span> <span class='ocrx_word' id='word_1_56' title='bbox 1272 854 1529 921; x_wconf 79' lang='lat' dir='ltr'><strong>expositae.</strong></span> <span class='ocrx_word' id='word_1_57' title='bbox 1552 894 1565 915; x_wconf 92' lang='lat'><strong>,</strong></span> <span class='ocrx_word' id='word_1_58' title='bbox 1599 853 1737 903; x_wconf 82' lang='lat' dir='ltr'><strong>malo</strong></span> <span class='ocrx_word' id='word_1_59' title='bbox 1771 852 1852 902; x_wconf 86' lang='lat' dir='ltr'><strong>iu-</strong></span> 
     </span>
    </p>
   </div>
   <div class='ocr_carea' id='block_1_10' title="bbox 279 922 1854 989">
    <p class='ocr_par' dir='ltr' id='par_1_10' title="bbox 279 922 1854 989">
     <span class='ocr_line' id='line_1_10' title="bbox 279 922 1854 989; baseline -0.001 -12"><span class='ocrx_word' id='word_1_60' title='bbox 279 925 601 977; x_wconf 56' lang='lat' dir='ltr'><strong>tcllexisset.</strong></span> <span class='ocrx_word' id='word_1_61' title='bbox 640 923 769 975; x_wconf 85' lang='lat' dir='ltr'><strong>Nam</strong></span> <span class='ocrx_word' id='word_1_62' title='bbox 812 924 972 975; x_wconf 89' lang='lat' dir='ltr'><strong>homo</strong></span> <span class='ocrx_word' id='word_1_63' title='bbox 1000 935 1158 988; x_wconf 83' lang='lat' dir='ltr'><strong>erat,</strong></span> <span class='ocrx_word' id='word_1_64' title='bbox 1192 924 1332 975; x_wconf 87' lang='lat' dir='ltr'><strong>sicut</strong></span> <span class='ocrx_word' id='word_1_65' title='bbox 1378 939 1440 976; x_wconf 83' lang='lat' dir='ltr'><strong>ex</strong></span> <span class='ocrx_word' id='word_1_66' title='bbox 1480 924 1595 988; x_wconf 83' lang='lat' dir='ltr'><strong>ejus</strong></span> <span class='ocrx_word' id='word_1_67' title='bbox 1636 922 1854 989; x_wconf 68' lang='lat' dir='ltr'><strong>scrip1is</strong></span> 
     </span>
    </p>
   </div>
   <div class='ocr_carea' id='block_1_11' title="bbox 278 993 1848 1061">
    <p class='ocr_par' dir='ltr' id='par_1_11' title="bbox 278 993 1848 1061">
     <span class='ocr_line' id='line_1_11' title="bbox 278 993 1848 1061; baseline -0.003 -14"><span class='ocrx_word' id='word_1_68' title='bbox 278 995 437 1047; x_wconf 92' lang='lat' dir='ltr'><strong>facile</strong></span> <span class='ocrx_word' id='word_1_69' title='bbox 465 994 589 1047; x_wconf 76' lang='lat' dir='ltr'><strong>licet</strong></span> <span class='ocrx_word' id='word_1_70' title='bbox 622 994 990 1061; x_wconf 78' lang='lat' dir='ltr'><strong>conjecturam</strong></span> <span class='ocrx_word' id='word_1_71' title='bbox 1020 1008 1237 1060; x_wconf 88' lang='lat' dir='ltr'><strong>capere,</strong></span> <span class='ocrx_word' id='word_1_72' title='bbox 1262 994 1464 1055; x_wconf 68' lang='lat' dir='ltr'><strong>ingenii</strong></span> <span class='ocrx_word' id='word_1_73' title='bbox 1500 993 1798 1061; x_wconf 90' lang='lat' dir='ltr'><strong>pertenuis.</strong></span> <span class='ocrx_word' id='word_1_74' title='bbox 1829 1008 1848 1042; x_wconf 72' lang='grc' dir='ltr'><strong><em>ι</em></strong></span> 
     </span>
    </p>
   </div>
   <div class='ocr_carea' id='block_1_12' title="bbox 276 1062 1855 1130">
    <p class='ocr_par' dir='ltr' id='par_1_12' title="bbox 276 1062 1855 1130">
     <span class='ocr_line' id='line_1_12' title="bbox 276 1062 1855 1130; baseline -0.003 -11"><span class='ocrx_word' id='word_1_75' title='bbox 276 1064 470 1119; x_wconf 88' lang='lat' dir='ltr'><strong>Postea</strong></span> <span class='ocrx_word' id='word_1_76' title='bbox 504 1065 568 1117; x_wconf 89' lang='lat' dir='ltr'><strong>de</strong></span> <span class='ocrx_word' id='word_1_77' title='bbox 595 1064 796 1117; x_wconf 74' lang='lat' dir='ltr'><strong>lrenzeo</strong></span> <span class='ocrx_word' id='word_1_78' title='bbox 828 1063 1098 1130; x_wconf 72' lang='lat' dir='ltr'><strong>subiungit</strong></span> <span class='ocrx_word' id='word_1_79' title='bbox 1132 1064 1268 1115; x_wconf 89' lang='lat' dir='ltr'><strong>idem</strong></span> <span class='ocrx_word' id='word_1_80' title='bbox 1306 1062 1598 1125; x_wconf 75' lang='lat' dir='ltr'><strong>Eusebius:</strong></span> <span class='ocrx_word' id='word_1_81' title='bbox 1634 1080 1652 1111; x_wconf 85' lang='grc'><strong>‹</strong></span> <span class='ocrx_word' id='word_1_82' title='bbox 1684 1062 1855 1119; x_wconf 69' lang='lat' dir='ltr'><strong>Caete-</strong></span> 
     </span>
    </p>
   </div>
   <div class='ocr_carea' id='block_1_13' title="bbox 278 1132 1854 1201">
    <p class='ocr_par' dir='ltr' id='par_1_13' title="bbox 278 1132 1854 1201">
     <span class='ocr_line' id='line_1_13' title="bbox 278 1132 1854 1201; baseline -0.003 -15"><span class='ocrx_word' id='word_1_83' title='bbox 278 1150 399 1186; x_wconf 90' lang='lat' dir='ltr'><strong>rum</strong></span> <span class='ocrx_word' id='word_1_84' title='bbox 444 1134 719 1201; x_wconf 83' lang='lat' dir='ltr'><strong>plerisque</strong></span> <span class='ocrx_word' id='word_1_85' title='bbox 750 1134 1137 1188; x_wconf 78' lang='lat' dir='ltr'><strong>ecclesiasticis</strong></span> <span class='ocrx_word' id='word_1_86' title='bbox 1160 1133 1293 1186; x_wconf 88' lang='lat' dir='ltr'><strong>viris</strong></span> <span class='ocrx_word' id='word_1_87' title='bbox 1314 1172 1327 1193; x_wconf 93' lang='lat'><strong>,</strong></span> <span class='ocrx_word' id='word_1_88' title='bbox 1359 1133 1448 1199; x_wconf 85' lang='lat' dir='ltr'><strong>qui</strong></span> <span class='ocrx_word' id='word_1_89' title='bbox 1479 1132 1715 1185; x_wconf 81' lang='lat' dir='ltr'><strong>hominis</strong></span> <span class='ocrx_word' id='word_1_90' title='bbox 1756 1148 1854 1184; x_wconf 89' lang='lat' dir='ltr'><strong>an-</strong></span> 
     </span>
    </p>
   </div>
   <div class='ocr_carea' id='block_1_14' title="bbox 282 1203 1851 1273">
    <p class='ocr_par' dir='ltr' id='par_1_14' title="bbox 282 1203 1851 1273">
     <span class='ocr_line' id='line_1_14' title="bbox 282 1203 1851 1273; baseline -0.003 -17"><span class='ocrx_word' id='word_1_91' title='bbox 282 1204 587 1272; x_wconf 84' lang='lat' dir='ltr'><strong>tiquitatem</strong></span> <span class='ocrx_word' id='word_1_92' title='bbox 614 1219 712 1272; x_wconf 86' lang='lat' dir='ltr'><strong>pro</strong></span> <span class='ocrx_word' id='word_1_93' title='bbox 737 1220 953 1256; x_wconf 92' lang='lat' dir='ltr'><strong>suarum</strong></span> <span class='ocrx_word' id='word_1_94' title='bbox 987 1205 1217 1273; x_wconf 90' lang='lat' dir='ltr'><strong>partium</strong></span> <span class='ocrx_word' id='word_1_95' title='bbox 1247 1203 1558 1273; x_wconf 84' lang='lat' dir='ltr'><strong>defensioue</strong></span> <span class='ocrx_word' id='word_1_96' title='bbox 1589 1203 1851 1265; x_wconf 84' lang='lat' dir='ltr'><strong>citabant,</strong></span> 
     </span>
    </p>
   </div>
   <div class='ocr_carea' id='block_1_15' title="bbox 282 1272 1854 1342">
    <p class='ocr_par' dir='ltr' id='par_1_15' title="bbox 282 1272 1854 1342">
     <span class='ocr_line' id='line_1_15' title="bbox 282 1272 1854 1342; baseline -0.001 -17"><span class='ocrx_word' id='word_1_97' title='bbox 282 1274 575 1342; x_wconf 81' lang='lat' dir='ltr'><strong>persimilis</strong></span> <span class='ocrx_word' id='word_1_98' title='bbox 604 1274 812 1327; x_wconf 90' lang='lat' dir='ltr'><strong>erroris</strong></span> <span class='ocrx_word' id='word_1_99' title='bbox 860 1272 1053 1327; x_wconf 86' lang='lat' dir='ltr'><strong>auctor</strong></span> <span class='ocrx_word' id='word_1_100' title='bbox 1077 1275 1321 1337; x_wconf 80' lang='lat' dir='ltr'><strong>exstitit;</strong></span> <span class='ocrx_word' id='word_1_101' title='bbox 1354 1285 1408 1325; x_wconf 90' lang='lat' dir='ltr'><strong>ttt</strong></span> <span class='ocrx_word' id='word_1_102' title='bbox 1458 1272 1693 1334; x_wconf 59' lang='lat' dir='ltr'><strong>Irenaeo,</strong></span> <span class='ocrx_word' id='word_1_103' title='bbox 1725 1282 1776 1325; x_wconf 90' lang='lat' dir='ltr'><strong>et</strong></span> <span class='ocrx_word' id='word_1_104' title='bbox 1809 1273 1854 1324; x_wconf 93' lang='lat' dir='ltr'><strong>si</strong></span> 
     </span>
    </p>
   </div>
   <div class='ocr_carea' id='block_1_16' title="bbox 280 1343 1851 1411">
    <p class='ocr_par' dir='ltr' id='par_1_16' title="bbox 280 1343 1851 1411">
     <span class='ocr_line' id='line_1_16' title="bbox 280 1343 1851 1411; baseline -0.002 -16"><span class='ocrx_word' id='word_1_105' title='bbox 280 1348 567 1411; x_wconf 82' lang='lat' dir='ltr'><strong>quisquam</strong></span> <span class='ocrx_word' id='word_1_106' title='bbox 596 1345 734 1396; x_wconf 87' lang='lat' dir='ltr'><strong>alius</strong></span> <span class='ocrx_word' id='word_1_107' title='bbox 773 1345 959 1396; x_wconf 90' lang='lat' dir='ltr'><strong>eadem</strong></span> <span class='ocrx_word' id='word_1_108' title='bbox 1001 1360 1123 1397; x_wconf 91' lang='lat' dir='ltr'><strong>cum</strong></span> <span class='ocrx_word' id='word_1_109' title='bbox 1167 1344 1258 1395; x_wconf 90' lang='lat' dir='ltr'><strong>illo</strong></span> <span class='ocrx_word' id='word_1_110' title='bbox 1292 1345 1495 1396; x_wconf 87' lang='lat' dir='ltr'><strong>sentire</strong></span> <span class='ocrx_word' id='word_1_111' title='bbox 1528 1343 1796 1394; x_wconf 83' lang='lat' dir='ltr'><strong>videatur.</strong></span> <span class='ocrx_word' id='word_1_112' title='bbox 1833 1359 1851 1392; x_wconf 72' lang='grc' dir='ltr'><strong><em>ι</em></strong></span> 
     </span>
    </p>
   </div>
   <div class='ocr_carea' id='block_1_17' title="bbox 284 1411 1857 1483">
    <p class='ocr_par' dir='ltr' id='par_1_17' title="bbox 284 1411 1857 1483">
     <span class='ocr_line' id='line_1_17' title="bbox 284 1411 1857 1483; baseline -0.001 -17"><span class='ocrx_word' id='word_1_113' title='bbox 284 1414 406 1468; x_wconf 74' lang='lat' dir='ltr'><strong>Ilmc</strong></span> <span class='ocrx_word' id='word_1_114' title='bbox 438 1413 727 1476; x_wconf 77' lang='lat' dir='ltr'><strong>Eusebius,</strong></span> <span class='ocrx_word' id='word_1_115' title='bbox 754 1429 871 1482; x_wconf 62' lang='lat' dir='ltr'><strong>q&#39;ttc</strong></span> <span class='ocrx_word' id='word_1_116' title='bbox 904 1416 1059 1467; x_wconf 91' lang='lat' dir='ltr'><strong>nobis</strong></span> <span class='ocrx_word' id='word_1_117' title='bbox 1101 1431 1229 1467; x_wconf 87' lang='lat' dir='ltr'><strong>sane</strong></span> <span class='ocrx_word' id='word_1_118' title='bbox 1259 1413 1529 1483; x_wconf 79' lang='lat' dir='ltr'><strong>longiores</strong></span> <span class='ocrx_word' id='word_1_119' title='bbox 1552 1411 1857 1466; x_wconf 83' lang='lat' dir='ltr'><strong>adnotatio-</strong></span> 
     </span>
    </p>
   </div>
   <div class='ocr_carea' id='block_1_18' title="bbox 282 1485 836 1550">
    <p class='ocr_par' dir='ltr' id='par_1_18' title="bbox 282 1485 836 1550">
     <span class='ocr_line' id='line_1_18' title="bbox 282 1485 836 1550; baseline 0 -15"><span class='ocrx_word' id='word_1_120' title='bbox 282 1499 380 1537; x_wconf 88' lang='lat' dir='ltr'><strong>ues</strong></span> <span class='ocrx_word' id='word_1_121' title='bbox 407 1485 491 1537; x_wconf 82' lang='lat' dir='ltr'><strong>hic</strong></span> <span class='ocrx_word' id='word_1_122' title='bbox 521 1486 836 1550; x_wconf 64' lang='lat' dir='ltr'><strong>prtecislunt.</strong></span> 
     </span>
    </p>
   </div>
   <div class='ocr_carea' id='block_1_19' title="bbox 354 1552 1852 1622">
    <p class='ocr_par' dir='ltr' id='par_1_19' title="bbox 354 1552 1852 1622">
     <span class='ocr_line' id='line_1_19' title="bbox 354 1552 1852 1622; baseline 0 -16"><span class='ocrx_word' id='word_1_123' title='bbox 354 1554 421 1611; x_wconf 73' lang='lat' dir='ltr'><strong>Et</strong></span> <span class='ocrx_word' id='word_1_124' title='bbox 453 1563 813 1613; x_wconf 75' lang='lat' dir='ltr'><strong>cornpascetnr</strong></span> <span class='ocrx_word' id='word_1_125' title='bbox 856 1553 1029 1621; x_wconf 72' lang='lat' dir='ltr'><strong>lupus.</strong></span> <span class='ocrx_word' id='word_1_126' title='bbox 1073 1553 1462 1622; x_wconf 82' lang='lat' dir='ltr'><strong>Hieronymus,</strong></span> <span class='ocrx_word' id='word_1_127' title='bbox 1500 1552 1852 1606; x_wconf 85' lang='lat' dir='ltr'><strong>Commentar.</strong></span> 
     </span>
    </p>
   </div>
   <div class='ocr_carea' id='block_1_20' title="bbox 281 1621 1859 1691">
    <p class='ocr_par' dir='ltr' id='par_1_20' title="bbox 281 1621 1859 1691">
     <span class='ocr_line' id='line_1_20' title="bbox 281 1621 1859 1691; baseline 0 -14"><span class='ocrx_word' id='word_1_128' title='bbox 281 1624 336 1677; x_wconf 88' lang='lat' dir='ltr'><strong>in</strong></span> <span class='ocrx_word' id='word_1_129' title='bbox 387 1639 441 1677; x_wconf 70' lang='grc' dir='ltr'>ιι</span> <span class='ocrx_word' id='word_1_130' title='bbox 491 1622 679 1687; x_wconf 71' lang='lat' dir='ltr'><strong>Isaire,</strong></span> <span class='ocrx_word' id='word_1_131' title='bbox 742 1624 1089 1691; x_wconf 79' lang='lat' dir='ltr'><strong>reprehendit</strong></span> <span class='ocrx_word' id='word_1_132' title='bbox 1145 1621 1359 1677; x_wconf 76' lang='lat' dir='ltr'><strong>.lndteos</strong></span> <span class='ocrx_word' id='word_1_133' title='bbox 1423 1633 1477 1677; x_wconf 89' lang='lat' dir='ltr'><strong>et</strong></span> <span class='ocrx_word' id='word_1_134' title='bbox 1522 1622 1859 1677; x_wconf 81' lang='lat' dir='ltr'><strong>Christianos</strong></span> 
     </span>
    </p>
   </div>
   <div class='ocr_carea' id='block_1_21' title="bbox 279 1692 1856 1763">
    <p class='ocr_par' dir='ltr' id='par_1_21' title="bbox 279 1692 1856 1763">
     <span class='ocr_line' id='line_1_21' title="bbox 279 1692 1856 1763; baseline 0.002 -22"><span class='ocrx_word' id='word_1_135' title='bbox 279 1694 739 1763; x_wconf 70' lang='lat' dir='ltr'><strong>jodaizantespta</strong></span> <span class='ocrx_word' id='word_1_136' title='bbox 775 1694 916 1744; x_wconf 83' lang='lat' dir='ltr'><strong>enim</strong></span> <span class='ocrx_word' id='word_1_137' title='bbox 958 1694 1269 1763; x_wconf 81' lang='lat' dir='ltr'><strong>frequenter</strong></span> <span class='ocrx_word' id='word_1_138' title='bbox 1305 1702 1459 1747; x_wconf 83' lang='lat' dir='ltr'><strong>vocat</strong></span> <span class='ocrx_word' id='word_1_139' title='bbox 1484 1692 1856 1758; x_wconf 80' lang='lat' dir='ltr'><strong>Millenarios),</strong></span> 
     </span>
    </p>
   </div>
   <div class='ocr_carea' id='block_1_22' title="bbox 282 1760 1859 1832">
    <p class='ocr_par' dir='ltr' id='par_1_22' title="bbox 282 1760 1859 1832">
     <span class='ocr_line' id='line_1_22' title="bbox 282 1760 1859 1832; baseline 0 -19"><span class='ocrx_word' id='word_1_140' title='bbox 282 1760 427 1831; x_wconf 83' lang='lat' dir='ltr'><strong>quod</strong></span> <span class='ocrx_word' id='word_1_141' title='bbox 480 1763 635 1832; x_wconf 63' lang='lat' dir='ltr'><strong>justa</strong></span> <span class='ocrx_word' id='word_1_142' title='bbox 691 1762 925 1815; x_wconf 89' lang='lat' dir='ltr'><strong>litteram</strong></span> <span class='ocrx_word' id='word_1_143' title='bbox 979 1765 1080 1817; x_wconf 91' lang='lat' dir='ltr'><strong>ista</strong></span> <span class='ocrx_word' id='word_1_144' title='bbox 1136 1760 1317 1815; x_wconf 82' lang='lat' dir='ltr'><strong>futura</strong></span> <span class='ocrx_word' id='word_1_145' title='bbox 1372 1764 1745 1832; x_wconf 79' lang='lat' dir='ltr'><strong>con&#39;eudant,</strong></span> <span class='ocrx_word' id='word_1_146' title='bbox 1802 1772 1859 1814; x_wconf 93' lang='lat' dir='ltr'><strong>ut</strong></span> 
     </span>
    </p>
   </div>
   <div class='ocr_carea' id='block_1_23' title="bbox 1952 568 3525 637">
    <p class='ocr_par' dir='ltr' id='par_1_23' title="bbox 1952 568 3525 637">
     <span class='ocr_line' id='line_1_23' title="bbox 1952 568 3525 637; baseline 0.001 -14"><span class='ocrx_word' id='word_1_147' title='bbox 1952 568 2218 634; x_wconf 70' lang='lat' dir='ltr'><strong>Jsreuiim,</strong></span> <span class='ocrx_word' id='word_1_148' title='bbox 2255 572 2372 624; x_wconf 88' lang='lat' dir='ltr'><strong>illos</strong></span> <span class='ocrx_word' id='word_1_149' title='bbox 2403 574 2622 626; x_wconf 90' lang='lat' dir='ltr'><strong>omnino</strong></span> <span class='ocrx_word' id='word_1_150' title='bbox 2648 573 2879 627; x_wconf 73' lang='lat' dir='ltr'><strong>delirare</strong></span> <span class='ocrx_word' id='word_1_151' title='bbox 2915 568 3136 629; x_wconf 75' lang='lat' dir='ltr'><strong>indicat.</strong></span> <span class='ocrx_word' id='word_1_152' title='bbox 3184 573 3272 637; x_wconf 86' lang='lat' dir='ltr'><strong>qui</strong></span> <span class='ocrx_word' id='word_1_153' title='bbox 3306 572 3373 623; x_wconf 89' lang='lat' dir='ltr'><strong>oh</strong></span> <span class='ocrx_word' id='word_1_154' title='bbox 3411 570 3525 625; x_wconf 71' lang='lat' dir='ltr'><strong>lure</strong></span> 
     </span>
    </p>
   </div>
   <div class='ocr_carea' id='block_1_24' title="bbox 1953 642 3523 710">
    <p class='ocr_par' dir='ltr' id='par_1_24' title="bbox 1953 642 3523 710">
     <span class='ocr_line' id='line_1_24' title="bbox 1953 642 3523 710; baseline -0.001 -17"><span class='ocrx_word' id='word_1_155' title='bbox 1953 655 2173 693; x_wconf 77' lang='lat' dir='ltr'><strong>auream</strong></span> <span class='ocrx_word' id='word_1_156' title='bbox 2215 652 2268 695; x_wconf 89' lang='lat' dir='ltr'><strong>et</strong></span> <span class='ocrx_word' id='word_1_157' title='bbox 2304 654 2629 710; x_wconf 82' lang='lat' dir='ltr'><strong>gemmatam</strong></span> <span class='ocrx_word' id='word_1_158' title='bbox 2672 643 2950 709; x_wconf 85' lang='lat' dir='ltr'><strong>suspirant</strong></span> <span class='ocrx_word' id='word_1_159' title='bbox 2991 642 3331 705; x_wconf 74' lang='lat' dir='ltr'><strong>Jerusalem,</strong></span> <span class='ocrx_word' id='word_1_160' title='bbox 3366 656 3523 696; x_wconf 76' lang='lat' dir='ltr'><strong>suam</strong></span> 
     </span>
    </p>
   </div>
   <div class='ocr_carea' id='block_1_25' title="bbox 1954 711 3521 783">
    <p class='ocr_par' dir='ltr' id='par_1_25' title="bbox 1954 711 3521 783">
     <span class='ocr_line' id='line_1_25' title="bbox 1954 711 3521 783; baseline 0.001 -21"><span class='ocrx_word' id='word_1_161' title='bbox 1954 712 2240 783; x_wconf 80' lang='lat' dir='ltr'><strong>avaritiam</strong></span> <span class='ocrx_word' id='word_1_162' title='bbox 2276 713 2326 783; x_wconf 86' lang='lat' dir='ltr'><strong>in</strong></span> <span class='ocrx_word' id='word_1_163' title='bbox 2358 712 2616 783; x_wconf 81' lang='lat' dir='ltr'><strong>mysterio</strong></span> <span class='ocrx_word' id='word_1_164' title='bbox 2651 711 2829 765; x_wconf 80' lang='lat' dir='ltr'><strong>verbis</strong></span> <span class='ocrx_word' id='word_1_165' title='bbox 2864 714 3072 767; x_wconf 82' lang='lat' dir='ltr'><strong>Domini</strong></span> <span class='ocrx_word' id='word_1_166' title='bbox 3101 723 3521 773; x_wconf 69' lang='lat' dir='ltr'><strong>consecrantes;</strong></span> 
     </span>
    </p>
   </div>
   <div class='ocr_carea' id='block_1_26' title="bbox 1955 781 3526 852">
    <p class='ocr_par' dir='ltr' id='par_1_26' title="bbox 1955 781 3526 852">
     <span class='ocr_line' id='line_1_26' title="bbox 1955 781 3526 852; baseline 0.003 -22"><span class='ocrx_word' id='word_1_167' title='bbox 1955 781 2219 852; x_wconf 80' lang='lat' dir='ltr'><strong>siquidem</strong></span> <span class='ocrx_word' id='word_1_168' title='bbox 2248 781 2335 835; x_wconf 89' lang='lat' dir='ltr'><strong>hic</strong></span> <span class='ocrx_word' id='word_1_169' title='bbox 2364 781 2623 849; x_wconf 79' lang='lat' dir='ltr'><strong>promissa</strong></span> <span class='ocrx_word' id='word_1_170' title='bbox 2650 784 2784 836; x_wconf 89' lang='lat' dir='ltr'><strong>bona</strong></span> <span class='ocrx_word' id='word_1_171' title='bbox 2806 824 2819 843; x_wconf 85' lang='lat'><strong>,</strong></span> <span class='ocrx_word' id='word_1_172' title='bbox 2849 799 2955 837; x_wconf 90' lang='lat' dir='ltr'><strong>non</strong></span> <span class='ocrx_word' id='word_1_173' title='bbox 2999 786 3049 836; x_wconf 90' lang='lat' dir='ltr'><strong>in</strong></span> <span class='ocrx_word' id='word_1_174' title='bbox 3084 782 3328 852; x_wconf 77' lang='lat' dir='ltr'><strong>frugibus</strong></span> <span class='ocrx_word' id='word_1_175' title='bbox 3357 792 3411 835; x_wconf 90' lang='lat' dir='ltr'><strong>et</strong></span> <span class='ocrx_word' id='word_1_176' title='bbox 3443 784 3490 835; x_wconf 88' lang='lat' dir='ltr'><strong>ci</strong></span> <span class='ocrx_word' id='word_1_177' title='bbox 3510 810 3526 821; x_wconf 85' lang='lat'><strong>-</strong></span> 
     </span>
    </p>
   </div>
   <div class='ocr_carea' id='block_1_27' title="bbox 1955 851 3531 931">
    <p class='ocr_par' dir='ltr' id='par_1_27' title="bbox 1955 851 3531 931">
     <span class='ocr_line' id='line_1_27' title="bbox 1955 851 3531 931; baseline 0 -26"><span class='ocrx_word' id='word_1_178' title='bbox 1955 851 2351 931; x_wconf 36' lang='lat' dir='ltr'><strong>bis-mundana:</strong></span> <span class='ocrx_word' id='word_1_179' title='bbox 2381 854 2581 931; x_wconf 79' lang='lat' dir='ltr'><strong>carnis,</strong></span> <span class='ocrx_word' id='word_1_180' title='bbox 2606 854 2698 905; x_wconf 86' lang='lat' dir='ltr'><strong>sed</strong></span> <span class='ocrx_word' id='word_1_181' title='bbox 2734 852 2787 905; x_wconf 90' lang='lat' dir='ltr'><strong>in</strong></span> <span class='ocrx_word' id='word_1_182' title='bbox 2820 855 3083 907; x_wconf 88' lang='lat' dir='ltr'><strong>varietate</strong></span> <span class='ocrx_word' id='word_1_183' title='bbox 3122 851 3383 906; x_wconf 82' lang='lat' dir='ltr'><strong>virtutum</strong></span> <span class='ocrx_word' id='word_1_184' title='bbox 3413 868 3531 921; x_wconf 83' lang='lat' dir='ltr'><strong>per-</strong></span> 
     </span>
    </p>
   </div>
   <div class='ocr_carea' id='block_1_28' title="bbox 1956 924 2663 988">
    <p class='ocr_par' dir='ltr' id='par_1_28' title="bbox 1956 924 2663 988">
     <span class='ocr_line' id='line_1_28' title="bbox 1956 924 2663 988; baseline 0.003 -14"><span class='ocrx_word' id='word_1_185' title='bbox 1956 924 2227 988; x_wconf 82' lang='lat' dir='ltr'><strong>cipiantur</strong></span> <span class='ocrx_word' id='word_1_186' title='bbox 2259 931 2311 975; x_wconf 89' lang='lat' dir='ltr'><strong>et</strong></span> <span class='ocrx_word' id='word_1_187' title='bbox 2339 924 2663 977; x_wconf 90' lang='lat' dir='ltr'><strong>sentiantur.</strong></span> 
     </span>
    </p>
   </div>
   <div class='ocr_carea' id='block_1_29' title="bbox 2029 992 3525 1063">
    <p class='ocr_par' dir='ltr' id='par_1_29' title="bbox 2029 992 3525 1063">
     <span class='ocr_line' id='line_1_29' title="bbox 2029 992 3525 1063; baseline 0.002 -20"><span class='ocrx_word' id='word_1_188' title='bbox 2029 992 2365 1046; x_wconf 74' lang='lat' dir='ltr'><strong>Ostendimus</strong></span> <span class='ocrx_word' id='word_1_189' title='bbox 2420 994 2676 1045; x_wconf 85' lang='lat' dir='ltr'><strong>autemin</strong></span> <span class='ocrx_word' id='word_1_190' title='bbox 2734 994 2991 1063; x_wconf 69' lang='lat' dir='ltr'><strong>superiori</strong></span> <span class='ocrx_word' id='word_1_191' title='bbox 3046 994 3200 1045; x_wconf 69' lang='lat' dir='ltr'><strong>libro.</strong></span> <span class='ocrx_word' id='word_1_192' title='bbox 3269 993 3384 1051; x_wconf 84' lang='lat' dir='ltr'><strong>Lib.</strong></span> <span class='ocrx_word' id='word_1_193' title='bbox 3450 1007 3525 1055; x_wconf 73' lang='lat' dir='ltr'><strong>tv,</strong></span> 
     </span>
    </p>
   </div>
   <div class='ocr_carea' id='block_1_30' title="bbox 1958 1063 3529 1131">
    <p class='ocr_par' dir='ltr' id='par_1_30' title="bbox 1958 1063 3529 1131">
     <span class='ocr_line' id='line_1_30' title="bbox 1958 1063 3529 1131; baseline -0.003 -11"><span class='ocrx_word' id='word_1_194' title='bbox 1958 1079 2076 1131; x_wconf 90' lang='lat' dir='ltr'><strong>cap.</strong></span> <span class='ocrx_word' id='word_1_195' title='bbox 2106 1064 2206 1126; x_wconf 72' lang='lat'><strong>20,</strong></span> <span class='ocrx_word' id='word_1_196' title='bbox 2238 1064 2425 1115; x_wconf 78' lang='lat' dir='ltr'><strong>scribit</strong></span> <span class='ocrx_word' id='word_1_197' title='bbox 2460 1063 2732 1130; x_wconf 86' lang='lat' dir='ltr'><strong>apostolos</strong></span> <span class='ocrx_word' id='word_1_198' title='bbox 2769 1077 2823 1120; x_wconf 85' lang='lat' dir='ltr'><strong>et</strong></span> <span class='ocrx_word' id='word_1_199' title='bbox 2867 1078 3054 1117; x_wconf 82' lang='lat' dir='ltr'><strong>omnes</strong></span> <span class='ocrx_word' id='word_1_200' title='bbox 3087 1064 3381 1130; x_wconf 71' lang='lat' dir='ltr'><strong>discipulos</strong></span> <span class='ocrx_word' id='word_1_201' title='bbox 3426 1064 3529 1116; x_wconf 83' lang='lat' dir='ltr'><strong>Do-</strong></span> 
     </span>
    </p>
   </div>
   <div class='ocr_carea' id='block_1_31' title="bbox 1960 1132 3525 1201">
    <p class='ocr_par' dir='ltr' id='par_1_31' title="bbox 1960 1132 3525 1201">
     <span class='ocr_line' id='line_1_31' title="bbox 1960 1132 3525 1201; baseline -0.001 -14"><span class='ocrx_word' id='word_1_202' title='bbox 1960 1134 2088 1188; x_wconf 88' lang='lat' dir='ltr'><strong>mini</strong></span> <span class='ocrx_word' id='word_1_203' title='bbox 2112 1174 2125 1195; x_wconf 87' lang='lat'><strong>.</strong></span> <span class='ocrx_word' id='word_1_204' title='bbox 2154 1133 2245 1201; x_wconf 89' lang='lat' dir='ltr'><strong>qui</strong></span> <span class='ocrx_word' id='word_1_205' title='bbox 2281 1132 2387 1184; x_wconf 81' lang='lat' dir='ltr'><strong>Deo</strong></span> <span class='ocrx_word' id='word_1_206' title='bbox 2424 1144 2475 1185; x_wconf 89' lang='lat' dir='ltr'><strong>et</strong></span> <span class='ocrx_word' id='word_1_207' title='bbox 2514 1132 2666 1185; x_wconf 71' lang='lat' dir='ltr'><strong>altari</strong></span> <span class='ocrx_word' id='word_1_208' title='bbox 2704 1138 2978 1193; x_wconf 80' lang='lat' dir='ltr'><strong>serviunt.</strong></span> <span class='ocrx_word' id='word_1_209' title='bbox 3023 1138 3336 1187; x_wconf 78' lang='lat' dir='ltr'><strong>sacerdotes</strong></span> <span class='ocrx_word' id='word_1_210' title='bbox 3365 1148 3525 1195; x_wconf 79' lang='lat' dir='ltr'><strong>esse;</strong></span> 
     </span>
    </p>
   </div>
   <div class='ocr_carea' id='block_1_32' title="bbox 1957 1206 3531 1272">
    <p class='ocr_par' dir='ltr' id='par_1_32' title="bbox 1957 1206 3531 1272">
     <span class='ocr_line' id='line_1_32' title="bbox 1957 1206 3531 1272; baseline 0 -14"><span class='ocrx_word' id='word_1_211' title='bbox 1957 1214 2013 1258; x_wconf 85' lang='lat' dir='ltr'><strong>et</strong></span> <span class='ocrx_word' id='word_1_212' title='bbox 2053 1220 2172 1272; x_wconf 88' lang='lat' dir='ltr'><strong>cap.</strong></span> <span class='ocrx_word' id='word_1_213' title='bbox 2206 1219 2388 1263; x_wconf 72' lang='lat' dir='ltr'><strong>xuii.</strong></span> <span class='ocrx_word' id='word_1_214' title='bbox 2419 1219 2621 1261; x_wconf 52' lang='grc' dir='ltr'><strong>χχχιιι.</strong></span> <span class='ocrx_word' id='word_1_215' title='bbox 2664 1221 2848 1268; x_wconf 72' lang='lat' dir='ltr'><strong>xxxiv,</strong></span> <span class='ocrx_word' id='word_1_216' title='bbox 2891 1220 3086 1256; x_wconf 87' lang='lat' dir='ltr'><strong>munus</strong></span> <span class='ocrx_word' id='word_1_217' title='bbox 3129 1218 3318 1256; x_wconf 89' lang='lat' dir='ltr'><strong>eorum</strong></span> <span class='ocrx_word' id='word_1_218' title='bbox 3367 1206 3531 1257; x_wconf 81' lang='lat' dir='ltr'><strong>tradit</strong></span> 
     </span>
    </p>
   </div>
   <div class='ocr_carea' id='block_1_33' title="bbox 1958 1274 3529 1342">
    <p class='ocr_par' dir='ltr' id='par_1_33' title="bbox 1958 1274 3529 1342">
     <span class='ocr_line' id='line_1_33' title="bbox 1958 1274 3529 1342; baseline -0.001 -14"><span class='ocrx_word' id='word_1_219' title='bbox 1958 1290 2077 1329; x_wconf 87' lang='lat' dir='ltr'><strong>esse</strong></span> <span class='ocrx_word' id='word_1_220' title='bbox 2119 1274 2540 1335; x_wconf 79' lang='lat' dir='ltr'><strong>eucharistiam,</strong></span> <span class='ocrx_word' id='word_1_221' title='bbox 2600 1274 2648 1326; x_wconf 88' lang='lat' dir='ltr'><strong>id</strong></span> <span class='ocrx_word' id='word_1_222' title='bbox 2702 1286 2785 1331; x_wconf 89' lang='lat' dir='ltr'><strong>est</strong></span> <span class='ocrx_word' id='word_1_223' title='bbox 2840 1290 3035 1340; x_wconf 65' lang='lat' dir='ltr'><strong>Corpus</strong></span> <span class='ocrx_word' id='word_1_224' title='bbox 3100 1284 3153 1327; x_wconf 87' lang='lat' dir='ltr'><strong>et</strong></span> <span class='ocrx_word' id='word_1_225' title='bbox 3208 1275 3529 1342; x_wconf 79' lang='lat' dir='ltr'><strong>sanguinem</strong></span> 
     </span>
    </p>
   </div>
   <div class='ocr_carea' id='block_1_34' title="bbox 1959 1342 3531 1409">
    <p class='ocr_par' dir='ltr' id='par_1_34' title="bbox 1959 1342 3531 1409">
     <span class='ocr_line' id='line_1_34' title="bbox 1959 1342 3531 1409; baseline -0.001 -10"><span class='ocrx_word' id='word_1_226' title='bbox 1959 1344 2195 1408; x_wconf 83' lang='lat' dir='ltr'><strong>Christi,</strong></span> <span class='ocrx_word' id='word_1_227' title='bbox 2252 1342 2358 1395; x_wconf 72' lang='lat' dir='ltr'><strong>lleo</strong></span> <span class='ocrx_word' id='word_1_228' title='bbox 2409 1344 2552 1397; x_wconf 84' lang='lat' dir='ltr'><strong>Patri</strong></span> <span class='ocrx_word' id='word_1_229' title='bbox 2597 1343 2825 1406; x_wconf 73' lang='lat' dir='ltr'><strong>offerre;</strong></span> <span class='ocrx_word' id='word_1_230' title='bbox 2876 1345 3137 1408; x_wconf 75' lang='lat' dir='ltr'><strong>indeque,</strong></span> <span class='ocrx_word' id='word_1_231' title='bbox 3184 1354 3378 1409; x_wconf 79' lang='lat' dir='ltr'><strong>pm-tcr</strong></span> <span class='ocrx_word' id='word_1_232' title='bbox 3427 1344 3531 1397; x_wconf 87' lang='lat' dir='ltr'><strong>alia</strong></span> 
     </span>
    </p>
   </div>
   <div class='ocr_carea' id='block_1_35' title="bbox 1961 1410 3533 1480">
    <p class='ocr_par' dir='ltr' id='par_1_35' title="bbox 1961 1410 3533 1480">
     <span class='ocr_line' id='line_1_35' title="bbox 1961 1410 3533 1480; baseline -0.002 -12"><span class='ocrx_word' id='word_1_233' title='bbox 1961 1416 2126 1468; x_wconf 86' lang='lat' dir='ltr'><strong>multa</strong></span> <span class='ocrx_word' id='word_1_234' title='bbox 2153 1456 2164 1476; x_wconf 93' lang='lat'><strong>,</strong></span> <span class='ocrx_word' id='word_1_235' title='bbox 2190 1414 2461 1480; x_wconf 81' lang='lat' dir='ltr'><strong>colligitur</strong></span> <span class='ocrx_word' id='word_1_236' title='bbox 2486 1416 2595 1475; x_wconf 63' lang='lat' dir='ltr'><strong>ha&#39;c</strong></span> <span class='ocrx_word' id='word_1_237' title='bbox 2627 1414 2927 1477; x_wconf 67' lang='lat' dir='ltr'><strong>fragmenta</strong></span> <span class='ocrx_word' id='word_1_238' title='bbox 2962 1416 3028 1467; x_wconf 85' lang='lat' dir='ltr'><strong>ab</strong></span> <span class='ocrx_word' id='word_1_239' title='bbox 3062 1410 3262 1467; x_wconf 74' lang='lat' dir='ltr'><strong>lt&#39;cutno</strong></span> <span class='ocrx_word' id='word_1_240' title='bbox 3291 1414 3533 1468; x_wconf 73' lang='lat' dir='ltr'><strong>abscissa</strong></span> 
     </span>
    </p>
   </div>
   <div class='ocr_carea' id='block_1_36' title="bbox 1959 1485 2879 1552">
    <p class='ocr_par' dir='ltr' id='par_1_36' title="bbox 1959 1485 2879 1552">
     <span class='ocr_line' id='line_1_36' title="bbox 1959 1485 2879 1552; baseline 0.001 -15"><span class='ocrx_word' id='word_1_241' title='bbox 1959 1495 2014 1540; x_wconf 88' lang='lat' dir='ltr'><strong>et</strong></span> <span class='ocrx_word' id='word_1_242' title='bbox 2040 1486 2355 1540; x_wconf 80' lang='lat' dir='ltr'><strong>detruncata</strong></span> <span class='ocrx_word' id='word_1_243' title='bbox 2384 1486 2654 1552; x_wconf 87' lang='lat' dir='ltr'><strong>quondam</strong></span> <span class='ocrx_word' id='word_1_244' title='bbox 2687 1485 2879 1540; x_wconf 88' lang='lat' dir='ltr'><strong>fuisse.</strong></span> 
     </span>
    </p>
   </div>
   <div class='ocr_carea' id='block_1_37' title="bbox 2031 1553 3536 1623">
    <p class='ocr_par' dir='ltr' id='par_1_37' title="bbox 2031 1553 3536 1623">
     <span class='ocr_line' id='line_1_37' title="bbox 2031 1553 3536 1623; baseline 0 -16"><span class='ocrx_word' id='word_1_245' title='bbox 2031 1554 2401 1622; x_wconf 81' lang='lat' dir='ltr'><strong>Epulationem</strong></span> <span class='ocrx_word' id='word_1_246' title='bbox 2446 1554 2763 1623; x_wconf 81' lang='lat' dir='ltr'><strong>signiﬁcant.</strong></span> <span class='ocrx_word' id='word_1_247' title='bbox 2805 1556 2880 1610; x_wconf 83' lang='lat' dir='ltr'><strong>Ita</strong></span> <span class='ocrx_word' id='word_1_248' title='bbox 2934 1554 3159 1607; x_wconf 86' lang='lat' dir='ltr'><strong>aliorum</strong></span> <span class='ocrx_word' id='word_1_249' title='bbox 3198 1553 3401 1619; x_wconf 83' lang='lat' dir='ltr'><strong>judicio</strong></span> <span class='ocrx_word' id='word_1_250' title='bbox 3450 1570 3536 1607; x_wconf 80' lang='lat' dir='ltr'><strong>re-</strong></span> 
     </span>
    </p>
   </div>
   <div class='ocr_carea' id='block_1_38' title="bbox 1961 1624 3532 1692">
    <p class='ocr_par' dir='ltr' id='par_1_38' title="bbox 1961 1624 3532 1692">
     <span class='ocr_line' id='line_1_38' title="bbox 1961 1624 3532 1692; baseline -0.003 -14"><span class='ocrx_word' id='word_1_251' title='bbox 1961 1634 2172 1678; x_wconf 83' lang='lat' dir='ltr'><strong>servato</strong></span> <span class='ocrx_word' id='word_1_252' title='bbox 2204 1624 2483 1691; x_wconf 79' lang='lat' dir='ltr'><strong>legendum</strong></span> <span class='ocrx_word' id='word_1_253' title='bbox 2510 1628 2893 1692; x_wconf 68' lang='lat' dir='ltr'><strong>proponimus;</strong></span> <span class='ocrx_word' id='word_1_254' title='bbox 2943 1626 3115 1679; x_wconf 73' lang='lat' dir='ltr'><strong>codex</strong></span> <span class='ocrx_word' id='word_1_255' title='bbox 3162 1636 3311 1679; x_wconf 85' lang='lat' dir='ltr'><strong>vetus</strong></span> <span class='ocrx_word' id='word_1_256' title='bbox 3346 1626 3532 1688; x_wconf 80' lang='lat' dir='ltr'><strong>habet,</strong></span> 
     </span>
    </p>
   </div>
   <div class='ocr_carea' id='block_1_39' title="bbox 1968 1694 2750 1760">
    <p class='ocr_par' dir='ltr' id='par_1_39' title="bbox 1968 1694 2750 1760">
     <span class='ocr_line' id='line_1_39' title="bbox 1968 1694 2750 1760; baseline 0.003 -16"><span class='ocrx_word' id='word_1_257' title='bbox 1968 1711 1988 1744; x_wconf 83' lang='lat' dir='ltr'><strong>t</strong></span> <span class='ocrx_word' id='word_1_258' title='bbox 2022 1695 2330 1760; x_wconf 88' lang='lat' dir='ltr'><strong>epulatione</strong></span> <span class='ocrx_word' id='word_1_259' title='bbox 2362 1694 2688 1759; x_wconf 67' lang='lat' dir='ltr'><strong>significant.</strong></span> <span class='ocrx_word' id='word_1_260' title='bbox 2735 1716 2750 1746; x_wconf 74' lang='grc' dir='ltr'><strong><em>ι</em></strong></span> 
     </span>
    </p>
   </div>
   <div class='ocr_carea' id='block_1_40' title="bbox 2032 1763 3538 1833">
    <p class='ocr_par' dir='ltr' id='par_1_40' title="bbox 2032 1763 3538 1833">
     <span class='ocr_line' id='line_1_40' title="bbox 2032 1763 3538 1833; baseline 0.003 -18"><span class='ocrx_word' id='word_1_261' title='bbox 2032 1763 2162 1831; x_wconf 79' lang='lat' dir='ltr'><strong>Pag.</strong></span> <span class='ocrx_word' id='word_1_262' title='bbox 2212 1763 2332 1817; x_wconf 76' lang='grc'><strong>535.</strong></span> <span class='ocrx_word' id='word_1_263' title='bbox 2369 1763 2560 1816; x_wconf 77' lang='lat' dir='ltr'><strong>Beatus</strong></span> <span class='ocrx_word' id='word_1_264' title='bbox 2615 1767 2701 1833; x_wconf 81' lang='lat' dir='ltr'><strong>qui</strong></span> <span class='ocrx_word' id='word_1_265' title='bbox 2735 1767 2885 1817; x_wconf 79' lang='lat' dir='ltr'><strong>habet</strong></span> <span class='ocrx_word' id='word_1_266' title='bbox 2927 1766 2980 1817; x_wconf 81' lang='lat' dir='ltr'><strong>in</strong></span> <span class='ocrx_word' id='word_1_267' title='bbox 3022 1764 3151 1818; x_wconf 85' lang='lat' dir='ltr'><strong>Sion</strong></span> <span class='ocrx_word' id='word_1_268' title='bbox 3190 1780 3385 1819; x_wconf 79' lang='lat' dir='ltr'><strong>semen.</strong></span> <span class='ocrx_word' id='word_1_269' title='bbox 3446 1764 3538 1819; x_wconf 66' lang='lat' dir='ltr'><strong>St!-</strong></span> 
     </span>
    </p>
   </div>
   <div class='ocr_carea' id='block_1_41' title="bbox 283 1830 3536 1902">
    <p class='ocr_par' dir='ltr' id='par_1_41' title="bbox 283 1830 3536 1902">
     <span class='ocr_line' id='line_1_41' title="bbox 283 1830 3536 1902; baseline -0 -14"><span class='ocrx_word' id='word_1_270' title='bbox 283 1830 491 1888; x_wconf 76' lang='lat' dir='ltr'><strong>omnes</strong></span> <span class='ocrx_word' id='word_1_271' title='bbox 531 1834 716 1902; x_wconf 72' lang='lat' dir='ltr'><strong>hestite</strong></span> <span class='ocrx_word' id='word_1_272' title='bbox 768 1834 1079 1902; x_wconf 79' lang='lat' dir='ltr'><strong>redigantur</strong></span> <span class='ocrx_word' id='word_1_273' title='bbox 1133 1834 1185 1884; x_wconf 92' lang='lat' dir='ltr'><strong>in</strong></span> <span class='ocrx_word' id='word_1_274' title='bbox 1242 1830 1745 1894; x_wconf 87' lang='lat' dir='ltr'><strong>mansuetudinem,</strong></span> <span class='ocrx_word' id='word_1_275' title='bbox 1803 1842 1857 1884; x_wconf 91' lang='lat' dir='ltr'><strong>et</strong></span> <span class='ocrx_word' id='word_1_276' title='bbox 1890 1840 1931 1897; x_wconf 78' lang='grc' dir='ltr'><strong>Β</strong></span> <span class='ocrx_word' id='word_1_277' title='bbox 1963 1830 2241 1902; x_wconf 86' lang='lat' dir='ltr'><strong>ptuaginta</strong></span> <span class='ocrx_word' id='word_1_278' title='bbox 2290 1830 2642 1902; x_wconf 81' lang='lat' dir='ltr'><strong>interpretum</strong></span> <span class='ocrx_word' id='word_1_279' title='bbox 2692 1836 2856 1889; x_wconf 76' lang='lat' dir='ltr'><strong>verba</strong></span> <span class='ocrx_word' id='word_1_280' title='bbox 2881 1835 3145 1901; x_wconf 78' lang='lat' dir='ltr'><strong>ScQttilur,</strong></span> <span class='ocrx_word' id='word_1_281' title='bbox 3182 1853 3301 1888; x_wconf 88' lang='lat' dir='ltr'><strong>nam</strong></span> <span class='ocrx_word' id='word_1_282' title='bbox 3335 1837 3536 1889; x_wconf 70' lang='lat' dir='ltr'><strong>veritas</strong></span> 
     </span>
    </p>
   </div>
   <div class='ocr_carea' id='block_1_42' title="bbox 284 1901 1859 1972">
    <p class='ocr_par' dir='ltr' id='par_1_42' title="bbox 284 1901 1859 1972">
     <span class='ocr_line' id='line_1_42' title="bbox 284 1901 1859 1972; baseline -0.002 -16"><span class='ocrx_word' id='word_1_283' title='bbox 284 1904 513 1972; x_wconf 83' lang='lat' dir='ltr'><strong>pristina</strong></span> <span class='ocrx_word' id='word_1_284' title='bbox 551 1901 763 1957; x_wconf 82' lang='lat' dir='ltr'><strong>feritate</strong></span> <span class='ocrx_word' id='word_1_285' title='bbox 794 1901 1032 1971; x_wconf 88' lang='lat' dir='ltr'><strong>deposita</strong></span> <span class='ocrx_word' id='word_1_286' title='bbox 1055 1942 1068 1963; x_wconf 84' lang='lat'><strong>,</strong></span> <span class='ocrx_word' id='word_1_287' title='bbox 1101 1902 1257 1970; x_wconf 91' lang='lat' dir='ltr'><strong>lupus</strong></span> <span class='ocrx_word' id='word_1_288' title='bbox 1283 1911 1335 1955; x_wconf 92' lang='lat' dir='ltr'><strong>et</strong></span> <span class='ocrx_word' id='word_1_289' title='bbox 1367 1917 1534 1972; x_wconf 84' lang='lat' dir='ltr'><strong>agnus</strong></span> <span class='ocrx_word' id='word_1_290' title='bbox 1567 1910 1859 1970; x_wconf 89' lang='lat' dir='ltr'><strong>pascantur</strong></span> 
     </span>
    </p>
   </div>
   <div class='ocr_carea' id='block_1_43' title="bbox 286 1972 1854 2042">
    <p class='ocr_par' dir='ltr' id='par_1_43' title="bbox 286 1972 1854 2042">
     <span class='ocr_line' id='line_1_43' title="bbox 286 1972 1854 2042; baseline -0.003 -15"><span class='ocrx_word' id='word_1_291' title='bbox 286 1974 488 2039; x_wconf 83' lang='lat' dir='ltr'><strong>simul;</strong></span> <span class='ocrx_word' id='word_1_292' title='bbox 544 1975 799 2042; x_wconf 85' lang='lat' dir='ltr'><strong>additque</strong></span> <span class='ocrx_word' id='word_1_293' title='bbox 837 1988 930 2027; x_wconf 91' lang='lat' dir='ltr'><strong>eos</strong></span> <span class='ocrx_word' id='word_1_294' title='bbox 972 1972 1296 2042; x_wconf 79' lang='lat' dir='ltr'><strong>gravissimo</strong></span> <span class='ocrx_word' id='word_1_295' title='bbox 1341 1987 1531 2025; x_wconf 88' lang='lat' dir='ltr'><strong>soumo</strong></span> <span class='ocrx_word' id='word_1_296' title='bbox 1591 1981 1854 2035; x_wconf 84' lang='lat' dir='ltr'><strong>stertere,</strong></span> 
     </span>
    </p>
   </div>
   <div class='ocr_carea' id='block_1_44' title="bbox 287 2042 1858 2111">
    <p class='ocr_par' dir='ltr' id='par_1_44' title="bbox 287 2042 1858 2111">
     <span class='ocr_line' id='line_1_44' title="bbox 287 2042 1858 2111; baseline -0.002 -16"><span class='ocrx_word' id='word_1_297' title='bbox 287 2055 450 2109; x_wconf 84' lang='lat' dir='ltr'><strong>atque</strong></span> <span class='ocrx_word' id='word_1_298' title='bbox 495 2058 684 2111; x_wconf 85' lang='lat' dir='ltr'><strong>parum</strong></span> <span class='ocrx_word' id='word_1_299' title='bbox 723 2046 924 2096; x_wconf 83' lang='lat' dir='ltr'><strong>distare</strong></span> <span class='ocrx_word' id='word_1_300' title='bbox 963 2060 989 2094; x_wconf 91' lang='lat' dir='ltr'><strong>a</strong></span> <span class='ocrx_word' id='word_1_301' title='bbox 1036 2042 1229 2095; x_wconf 88' lang='lat' dir='ltr'><strong>falmlis</strong></span> <span class='ocrx_word' id='word_1_302' title='bbox 1275 2053 1597 2109; x_wconf 69' lang='lat' dir='ltr'><strong>poetarum,</strong></span> <span class='ocrx_word' id='word_1_303' title='bbox 1632 2043 1719 2109; x_wconf 90' lang='lat' dir='ltr'><strong>qui</strong></span> <span class='ocrx_word' id='word_1_304' title='bbox 1759 2058 1858 2092; x_wconf 86' lang='lat' dir='ltr'><strong>au-</strong></span> 
     </span>
    </p>
   </div>
   <div class='ocr_carea' id='block_1_45' title="bbox 289 2111 1857 2183">
    <p class='ocr_par' dir='ltr' id='par_1_45' title="bbox 289 2111 1857 2183">
     <span class='ocr_line' id='line_1_45' title="bbox 289 2111 1857 2183; baseline -0.002 -18"><span class='ocrx_word' id='word_1_305' title='bbox 289 2129 439 2165; x_wconf 82' lang='lat' dir='ltr'><strong>reum</strong></span> <span class='ocrx_word' id='word_1_306' title='bbox 474 2114 743 2183; x_wconf 86' lang='lat' dir='ltr'><strong>quoddam</strong></span> <span class='ocrx_word' id='word_1_307' title='bbox 783 2114 1002 2165; x_wconf 82' lang='lat' dir='ltr'><strong>Saturni</strong></span> <span class='ocrx_word' id='word_1_308' title='bbox 1037 2112 1291 2166; x_wconf 58' lang='lat' dir='ltr'><strong>sarculum</strong></span> <span class='ocrx_word' id='word_1_309' title='bbox 1336 2120 1460 2164; x_wconf 81' lang='lat' dir='ltr'><strong>sunt</strong></span> <span class='ocrx_word' id='word_1_310' title='bbox 1486 2111 1857 2164; x_wconf 84' lang='lat' dir='ltr'><strong>comtneutati.</strong></span> 
     </span>
    </p>
   </div>
   <div class='ocr_carea' id='block_1_46' title="bbox 288 2182 1860 2249">
    <p class='ocr_par' dir='ltr' id='par_1_46' title="bbox 288 2182 1860 2249">
     <span class='ocr_line' id='line_1_46' title="bbox 288 2182 1860 2249; baseline -0.003 -14"><span class='ocrx_word' id='word_1_311' title='bbox 288 2182 524 2248; x_wconf 73' lang='lat' dir='ltr'><strong>Stthjicit</strong></span> <span class='ocrx_word' id='word_1_312' title='bbox 582 2194 761 2236; x_wconf 82' lang='lat' dir='ltr'><strong>autem</strong></span> <span class='ocrx_word' id='word_1_313' title='bbox 816 2185 1086 2249; x_wconf 71' lang='lat' dir='ltr'><strong>quomodo</strong></span> <span class='ocrx_word' id='word_1_314' title='bbox 1137 2183 1433 2233; x_wconf 79' lang='lat' dir='ltr'><strong>secundum</strong></span> <span class='ocrx_word' id='word_1_315' title='bbox 1498 2182 1860 2233; x_wconf 74' lang='lat' dir='ltr'><strong>viviﬁcantem</strong></span> 
     </span>
    </p>
   </div>
   <div class='ocr_carea' id='block_1_47' title="bbox 288 2250 1861 2322">
    <p class='ocr_par' dir='ltr' id='par_1_47' title="bbox 288 2250 1861 2322">
     <span class='ocr_line' id='line_1_47' title="bbox 288 2250 1861 2322; baseline -0.003 -16"><span class='ocrx_word' id='word_1_316' title='bbox 288 2253 583 2321; x_wconf 78' lang='lat' dir='ltr'><strong>spiritum,</strong></span> <span class='ocrx_word' id='word_1_317' title='bbox 631 2254 863 2322; x_wconf 73' lang='lat' dir='ltr'><strong>mystico</strong></span> <span class='ocrx_word' id='word_1_318' title='bbox 911 2263 962 2305; x_wconf 82' lang='lat' dir='ltr'><strong>et</strong></span> <span class='ocrx_word' id='word_1_319' title='bbox 1008 2253 1234 2320; x_wconf 72' lang='lat' dir='ltr'><strong>Spil&#39;ilztii</strong></span> <span class='ocrx_word' id='word_1_320' title='bbox 1292 2267 1453 2305; x_wconf 81' lang='lat' dir='ltr'><strong>sensu</strong></span> <span class='ocrx_word' id='word_1_321' title='bbox 1513 2250 1861 2318; x_wconf 68' lang='lat' dir='ltr'><strong>intciligenda</strong></span> 
     </span>
    </p>
   </div>
   <div class='ocr_carea' id='block_1_48' title="bbox 287 2322 1223 2392">
    <p class='ocr_par' dir='ltr' id='par_1_48' title="bbox 287 2322 1223 2392">
     <span class='ocr_line' id='line_1_48' title="bbox 287 2322 1223 2392; baseline -0.002 -17"><span class='ocrx_word' id='word_1_322' title='bbox 287 2328 420 2377; x_wconf 77' lang='lat' dir='ltr'><strong>sint.</strong></span> <span class='ocrx_word' id='word_1_323' title='bbox 452 2324 652 2376; x_wconf 86' lang='lat' dir='ltr'><strong>Locum</strong></span> <span class='ocrx_word' id='word_1_324' title='bbox 684 2322 928 2377; x_wconf 77' lang='lat' dir='ltr'><strong>consulat</strong></span> <span class='ocrx_word' id='word_1_325' title='bbox 959 2326 1047 2392; x_wconf 89' lang='lat' dir='ltr'><strong>qni</strong></span> <span class='ocrx_word' id='word_1_326' title='bbox 1077 2323 1223 2373; x_wconf 83' lang='lat' dir='ltr'><strong>velit.</strong></span> 
     </span>
    </p>
   </div>
   <div class='ocr_carea' id='block_1_49' title="bbox 368 2389 1863 2459">
    <p class='ocr_par' dir='ltr' id='par_1_49' title="bbox 368 2389 1863 2459">
     <span class='ocr_line' id='line_1_49' title="bbox 368 2389 1863 2459; baseline -0.001 -14"><span class='ocrx_word' id='word_1_327' title='bbox 368 2394 494 2446; x_wconf 77' lang='lat' dir='ltr'><strong>Ilwc</strong></span> <span class='ocrx_word' id='word_1_328' title='bbox 536 2395 674 2445; x_wconf 78' lang='lat' dir='ltr'><strong>inter</strong></span> <span class='ocrx_word' id='word_1_329' title='bbox 717 2410 830 2446; x_wconf 82' lang='lat' dir='ltr'><strong>nos.</strong></span> <span class='ocrx_word' id='word_1_330' title='bbox 886 2389 1210 2459; x_wconf 81' lang='lat' dir='ltr'><strong>Coujectura</strong></span> <span class='ocrx_word' id='word_1_331' title='bbox 1267 2392 1411 2445; x_wconf 89' lang='lat' dir='ltr'><strong>ducti</strong></span> <span class='ocrx_word' id='word_1_332' title='bbox 1461 2392 1533 2443; x_wconf 90' lang='lat' dir='ltr'><strong>ita</strong></span> <span class='ocrx_word' id='word_1_333' title='bbox 1579 2389 1863 2459; x_wconf 68' lang='lat' dir='ltr'><strong>legendum</strong></span> 
     </span>
    </p>
   </div>
   <div class='ocr_carea' id='block_1_50' title="bbox 288 2460 1863 2589">
    <p class='ocr_par' dir='ltr' id='par_1_50' title="bbox 288 2460 1863 2589">
     <span class='ocr_line' id='line_1_50' title="bbox 288 2460 1863 2589; baseline 0 -76"><span class='ocrx_word' id='word_1_334' title='bbox 288 2464 639 2589; x_wconf 55' lang='lat' dir='ltr'><strong>gzt‘hcmtts;</strong></span> <span class='ocrx_word' id='word_1_335' title='bbox 683 2474 836 2518; x_wconf 88' lang='lat' dir='ltr'><strong>vetus</strong></span> <span class='ocrx_word' id='word_1_336' title='bbox 883 2474 1067 2517; x_wconf 86' lang='lat' dir='ltr'><strong>noster</strong></span> <span class='ocrx_word' id='word_1_337' title='bbox 1116 2464 1284 2516; x_wconf 78' lang='lat' dir='ltr'><strong>codex</strong></span> <span class='ocrx_word' id='word_1_338' title='bbox 1336 2462 1528 2526; x_wconf 88' lang='lat' dir='ltr'><strong>habet,</strong></span> <span class='ocrx_word' id='word_1_339' title='bbox 1564 2478 1582 2512; x_wconf 84' lang='lat' dir='ltr'><strong>t</strong></span> <span class='ocrx_word' id='word_1_340' title='bbox 1616 2463 1731 2514; x_wconf 72' lang='lat' dir='ltr'><strong>haec</strong></span> <span class='ocrx_word' id='word_1_341' title='bbox 1779 2460 1863 2513; x_wconf 85' lang='lat' dir='ltr'><strong>itt-</strong></span> 
     </span>
     <span class='ocr_line' id='line_1_51' title="bbox 350 2548 517 2587; baseline 0 -2"><span class='ocrx_word' id='word_1_342' title='bbox 350 2548 454 2587; x_wconf 89' lang='lat' dir='ltr'><strong>ros.</strong></span> <span class='ocrx_word' id='word_1_343' title='bbox 499 2552 517 2585; x_wconf 76' lang='grc' dir='ltr'><strong><em>ι</em></strong></span> 
     </span>
    </p>
   </div>
   <div class='ocr_carea' id='block_1_51' title="bbox 350 2548 517 2587">
    <p class='ocr_par' dir='ltr' id='par_1_51' title="bbox 350 2548 517 2587">
     <span class='ocr_line' id='line_1_52' title="bbox 350 2548 517 2587; baseline 0 -2"><span class='ocrx_word' id='word_1_344' title='bbox 350 2548 454 2587; x_wconf 72' lang='grc' dir='ltr'><strong>Γοε.</strong></span> <span class='ocrx_word' id='word_1_345' title='bbox 499 2552 517 2585; x_wconf 75' lang='grc' dir='ltr'><strong><em>ι</em></strong></span> 
     </span>
    </p>
   </div>
   <div class='ocr_carea' id='block_1_52' title="bbox 565 2600 1599 2671">
    <p class='ocr_par' dir='ltr' id='par_1_52' title="bbox 565 2600 1599 2671">
     <span class='ocr_line' id='line_1_53' title="bbox 565 2600 1599 2671; baseline -0.001 -16"><span class='ocrx_word' id='word_1_346' title='bbox 565 2600 816 2671; x_wconf 78' lang='lat' dir='ltr'><strong>Ejusdem</strong></span> <span class='ocrx_word' id='word_1_347' title='bbox 865 2602 1229 2657; x_wconf 79' lang='lat' dir='ltr'><strong>adnotationes</strong></span> <span class='ocrx_word' id='word_1_348' title='bbox 1269 2604 1320 2671; x_wconf 86' lang='lat' dir='ltr'><strong>in</strong></span> <span class='ocrx_word' id='word_1_349' title='bbox 1360 2618 1475 2668; x_wconf 80' lang='lat' dir='ltr'><strong>cap.</strong></span> <span class='ocrx_word' id='word_1_350' title='bbox 1510 2602 1599 2654; x_wconf 74' lang='grc'><strong>54.</strong></span> 
     </span>
    </p>
   </div>
   <div class='ocr_carea' id='block_1_53' title="bbox 374 2668 1865 2745">
    <p class='ocr_par' dir='ltr' id='par_1_53' title="bbox 374 2668 1865 2745">
     <span class='ocr_line' id='line_1_54' title="bbox 374 2668 1865 2745; baseline -0.002 -17"><span class='ocrx_word' id='word_1_351' title='bbox 374 2674 501 2745; x_wconf 83' lang='lat' dir='ltr'><strong>Pag.</strong></span> <span class='ocrx_word' id='word_1_352' title='bbox 529 2668 653 2728; x_wconf 60' lang='grc'><strong>551.</strong></span> <span class='ocrx_word' id='word_1_353' title='bbox 692 2672 981 2742; x_wconf 74' lang='lat' dir='ltr'><strong>Resurgent</strong></span> <span class='ocrx_word' id='word_1_354' title='bbox 1027 2676 1244 2745; x_wconf 75' lang='lat' dir='ltr'><strong>mortui.</strong></span> <span class='ocrx_word' id='word_1_355' title='bbox 1281 2670 1453 2727; x_wconf 81' lang='lat' dir='ltr'><strong>Verba</strong></span> <span class='ocrx_word' id='word_1_356' title='bbox 1507 2677 1631 2725; x_wconf 85' lang='lat' dir='ltr'><strong>sunt</strong></span> <span class='ocrx_word' id='word_1_357' title='bbox 1682 2668 1865 2745; x_wconf 64' lang='lat' dir='ltr'><strong>Isaia),</strong></span> 
     </span>
    </p>
   </div>
   <div class='ocr_carea' id='block_1_54' title="bbox 290 2743 1868 2812">
    <p class='ocr_par' dir='ltr' id='par_1_54' title="bbox 290 2743 1868 2812">
     <span class='ocr_line' id='line_1_55' title="bbox 290 2743 1868 2812; baseline -0.001 -18"><span class='ocrx_word' id='word_1_358' title='bbox 290 2759 413 2811; x_wconf 76' lang='lat' dir='ltr'><strong>qute</strong></span> <span class='ocrx_word' id='word_1_359' title='bbox 452 2743 752 2798; x_wconf 77' lang='lat' dir='ltr'><strong>secundum</strong></span> <span class='ocrx_word' id='word_1_360' title='bbox 783 2745 1078 2798; x_wconf 83' lang='lat' dir='ltr'><strong>editionem</strong></span> <span class='ocrx_word' id='word_1_361' title='bbox 1110 2743 1247 2797; x_wconf 72' lang='lat' dir='ltr'><strong>LXX</strong></span> <span class='ocrx_word' id='word_1_362' title='bbox 1288 2757 1448 2812; x_wconf 85' lang='lat' dir='ltr'><strong>supra</strong></span> <span class='ocrx_word' id='word_1_363' title='bbox 1481 2757 1693 2811; x_wconf 83' lang='lat' dir='ltr'><strong>quoque</strong></span> <span class='ocrx_word' id='word_1_364' title='bbox 1735 2744 1868 2812; x_wconf 85' lang='lat' dir='ltr'><strong>inte-</strong></span> 
     </span>
    </p>
   </div>
   <div class='ocr_carea' id='block_1_55' title="bbox 290 2811 1868 2883">
    <p class='ocr_par' dir='ltr' id='par_1_55' title="bbox 290 2811 1868 2883">
     <span class='ocr_line' id='line_1_56' title="bbox 290 2811 1868 2883; baseline -0.001 -17"><span class='ocrx_word' id='word_1_365' title='bbox 290 2830 385 2883; x_wconf 75' lang='lat' dir='ltr'><strong>gra</strong></span> <span class='ocrx_word' id='word_1_366' title='bbox 430 2813 668 2867; x_wconf 84' lang='lat' dir='ltr'><strong>laudavit</strong></span> <span class='ocrx_word' id='word_1_367' title='bbox 695 2814 788 2869; x_wconf 76' lang='lat' dir='ltr'><strong>lib.</strong></span> <span class='ocrx_word' id='word_1_368' title='bbox 827 2831 878 2878; x_wconf 72' lang='grc' dir='ltr'><strong>ν,</strong></span> <span class='ocrx_word' id='word_1_369' title='bbox 909 2829 1030 2882; x_wconf 88' lang='lat' dir='ltr'><strong>cap.</strong></span> <span class='ocrx_word' id='word_1_370' title='bbox 1065 2814 1150 2868; x_wconf 74' lang='grc'><strong>15.</strong></span> <span class='ocrx_word' id='word_1_371' title='bbox 1189 2816 1286 2868; x_wconf 84' lang='lat' dir='ltr'><strong>llic</strong></span> <span class='ocrx_word' id='word_1_372' title='bbox 1318 2811 1381 2868; x_wconf 57' lang='lat' dir='ltr'><strong>es</strong></span> <span class='ocrx_word' id='word_1_373' title='bbox 1427 2814 1688 2867; x_wconf 84' lang='lat' dir='ltr'><strong>memoria</strong></span> <span class='ocrx_word' id='word_1_374' title='bbox 1730 2811 1868 2865; x_wconf 82' lang='lat' dir='ltr'><strong>reci-</strong></span> 
     </span>
    </p>
   </div>
   <div class='ocr_carea' id='block_1_56' title="bbox 292 2886 673 2938">
    <p class='ocr_par' dir='ltr' id='par_1_56' title="bbox 292 2886 673 2938">
     <span class='ocr_line' id='line_1_57' title="bbox 292 2886 673 2938; baseline 0 -2"><span class='ocrx_word' id='word_1_375' title='bbox 292 2896 410 2938; x_wconf 89' lang='lat' dir='ltr'><strong>tare</strong></span> <span class='ocrx_word' id='word_1_376' title='bbox 440 2886 673 2937; x_wconf 85' lang='lat' dir='ltr'><strong>videtur.</strong></span> 
     </span>
    </p>
   </div>
   <div class='ocr_carea' id='block_1_57' title="bbox 367 2951 1870 3021">
    <p class='ocr_par' dir='ltr' id='par_1_57' title="bbox 367 2951 1870 3021">
     <span class='ocr_line' id='line_1_58' title="bbox 367 2951 1870 3021; baseline -0.005 -12"><span class='ocrx_word' id='word_1_377' title='bbox 367 2956 432 3009; x_wconf 74' lang='lat' dir='ltr'><strong>Et</strong></span> <span class='ocrx_word' id='word_1_378' title='bbox 464 2956 560 3008; x_wconf 85' lang='lat' dir='ltr'><strong>erit</strong></span> <span class='ocrx_word' id='word_1_379' title='bbox 587 2971 744 3021; x_wconf 74' lang='lat' dir='ltr'><strong>super</strong></span> <span class='ocrx_word' id='word_1_380' title='bbox 777 2970 978 3007; x_wconf 85' lang='lat' dir='ltr'><strong>omnem</strong></span> <span class='ocrx_word' id='word_1_381' title='bbox 1020 2965 1262 3007; x_wconf 87' lang='lat' dir='ltr'><strong>montem.</strong></span> <span class='ocrx_word' id='word_1_382' title='bbox 1305 2955 1399 3007; x_wconf 86' lang='lat' dir='ltr'><strong>llic</strong></span> <span class='ocrx_word' id='word_1_383' title='bbox 1427 2968 1641 3021; x_wconf 85' lang='lat' dir='ltr'><strong>quoque</strong></span> <span class='ocrx_word' id='word_1_384' title='bbox 1681 2951 1870 3003; x_wconf 83' lang='lat' dir='ltr'><strong>lliero-</strong></span> 
     </span>
    </p>
   </div>
   <div class='ocr_carea' id='block_1_58' title="bbox 292 3023 1869 3096">
    <p class='ocr_par' dir='ltr' id='par_1_58' title="bbox 292 3023 1869 3096">
     <span class='ocr_line' id='line_1_59' title="bbox 292 3023 1869 3096; baseline -0.004 -18"><span class='ocrx_word' id='word_1_385' title='bbox 292 3041 488 3096; x_wconf 84' lang='lat' dir='ltr'><strong>nytnus</strong></span> <span class='ocrx_word' id='word_1_386' title='bbox 513 3024 563 3096; x_wconf 86' lang='lat' dir='ltr'><strong>in</strong></span> <span class='ocrx_word' id='word_1_387' title='bbox 595 3025 1000 3096; x_wconf 82' lang='lat' dir='ltr'><strong>Commentariis</strong></span> <span class='ocrx_word' id='word_1_388' title='bbox 1038 3026 1307 3091; x_wconf 74' lang='lat' dir='ltr'><strong>redarguit</strong></span> <span class='ocrx_word' id='word_1_389' title='bbox 1340 3023 1643 3096; x_wconf 63' lang='lat' dir='ltr'><strong>Iudaicam,</strong></span> <span class='ocrx_word' id='word_1_390' title='bbox 1675 3037 1869 3073; x_wconf 87' lang='lat' dir='ltr'><strong>carna-</strong></span> 
     </span>
    </p>
   </div>
   <div class='ocr_carea' id='block_1_59' title="bbox 291 3094 1869 3161">
    <p class='ocr_par' dir='ltr' id='par_1_59' title="bbox 291 3094 1869 3161">
     <span class='ocr_line' id='line_1_60' title="bbox 291 3094 1869 3161; baseline -0.003 -12"><span class='ocrx_word' id='word_1_391' title='bbox 291 3094 398 3155; x_wconf 77' lang='lat' dir='ltr'><strong>lem</strong></span> <span class='ocrx_word' id='word_1_392' title='bbox 441 3104 495 3149; x_wconf 90' lang='lat' dir='ltr'><strong>et</strong></span> <span class='ocrx_word' id='word_1_393' title='bbox 542 3094 825 3148; x_wconf 79' lang='lat' dir='ltr'><strong>litteralem</strong></span> <span class='ocrx_word' id='word_1_394' title='bbox 871 3096 1409 3161; x_wconf 83' lang='lat' dir='ltr'><strong>interpretationem,</strong></span> <span class='ocrx_word' id='word_1_395' title='bbox 1461 3094 1731 3158; x_wconf 82' lang='lat' dir='ltr'><strong>simulque</strong></span> <span class='ocrx_word' id='word_1_396' title='bbox 1775 3107 1869 3146; x_wconf 74' lang='lat' dir='ltr'><strong>eos</strong></span> 
     </span>
    </p>
   </div>
   <div class='ocr_carea' id='block_1_60' title="bbox 290 3164 1864 3233">
    <p class='ocr_par' dir='ltr' id='par_1_60' title="bbox 290 3164 1864 3233">
     <span class='ocr_line' id='line_1_61' title="bbox 290 3164 1864 3233; baseline -0.001 -18"><span class='ocrx_word' id='word_1_397' title='bbox 290 3167 382 3233; x_wconf 86' lang='lat' dir='ltr'><strong>qui</strong></span> <span class='ocrx_word' id='word_1_398' title='bbox 426 3166 701 3233; x_wconf 88' lang='lat' dir='ltr'><strong>recipiunt</strong></span> <span class='ocrx_word' id='word_1_399' title='bbox 734 3166 878 3220; x_wconf 87' lang='lat' dir='ltr'><strong>mille</strong></span> <span class='ocrx_word' id='word_1_400' title='bbox 909 3180 1176 3218; x_wconf 86' lang='lat' dir='ltr'><strong>annorum</strong></span> <span class='ocrx_word' id='word_1_401' title='bbox 1222 3164 1457 3216; x_wconf 84' lang='lat' dir='ltr'><strong>fabulam</strong></span> <span class='ocrx_word' id='word_1_402' title='bbox 1499 3174 1553 3214; x_wconf 82' lang='lat' dir='ltr'><strong>et</strong></span> <span class='ocrx_word' id='word_1_403' title='bbox 1594 3174 1864 3215; x_wconf 87' lang='lat' dir='ltr'><strong>terrenum</strong></span> 
     </span>
    </p>
   </div>
   <div class='ocr_carea' id='block_1_61' title="bbox 294 3233 1866 3302">
    <p class='ocr_par' dir='ltr' id='par_1_61' title="bbox 294 3233 1866 3302">
     <span class='ocr_line' id='line_1_62' title="bbox 294 3233 1866 3302; baseline -0.005 -11"><span class='ocrx_word' id='word_1_404' title='bbox 294 3237 604 3291; x_wconf 77' lang='lat' dir='ltr'><strong>Salvatoris</strong></span> <span class='ocrx_word' id='word_1_405' title='bbox 641 3236 968 3302; x_wconf 84' lang='lat' dir='ltr'><strong>imperium,</strong></span> <span class='ocrx_word' id='word_1_406' title='bbox 1001 3250 1191 3288; x_wconf 86' lang='lat' dir='ltr'><strong>errore</strong></span> <span class='ocrx_word' id='word_1_407' title='bbox 1232 3233 1459 3289; x_wconf 83' lang='lat' dir='ltr'><strong>Jndaico</strong></span> <span class='ocrx_word' id='word_1_408' title='bbox 1501 3244 1866 3302; x_wconf 85' lang='lat' dir='ltr'><strong>commentum</strong></span> 
     </span>
    </p>
   </div>
   <div class='ocr_carea' id='block_1_62' title="bbox 292 3301 1869 3373">
    <p class='ocr_par' dir='ltr' id='par_1_62' title="bbox 292 3301 1869 3373">
     <span class='ocr_line' id='line_1_63' title="bbox 292 3301 1869 3373; baseline -0.004 -12"><span class='ocrx_word' id='word_1_409' title='bbox 292 3320 345 3361; x_wconf 89' lang='lat' dir='ltr'><strong>et</strong></span> <span class='ocrx_word' id='word_1_410' title='bbox 402 3308 626 3369; x_wconf 84' lang='lat' dir='ltr'><strong>fictum;</strong></span> <span class='ocrx_word' id='word_1_411' title='bbox 671 3301 773 3360; x_wconf 75' lang='lat' dir='ltr'><strong>nun</strong></span> <span class='ocrx_word' id='word_1_412' title='bbox 822 3306 1188 3369; x_wconf 69' lang='lat' dir='ltr'><strong>intelligentes</strong></span> <span class='ocrx_word' id='word_1_413' title='bbox 1230 3304 1605 3373; x_wconf 75' lang='lat' dir='ltr'><strong>Apocalypsim</strong></span> <span class='ocrx_word' id='word_1_414' title='bbox 1644 3301 1869 3355; x_wconf 73' lang='lat' dir='ltr'><strong>Joannis</strong></span> 
     </span>
    </p>
   </div>
   <div class='ocr_carea' id='block_1_63' title="bbox 292 3375 1868 3444">
    <p class='ocr_par' dir='ltr' id='par_1_63' title="bbox 292 3375 1868 3444">
     <span class='ocr_line' id='line_1_64' title="bbox 292 3375 1868 3444; baseline -0.006 -11"><span class='ocrx_word' id='word_1_415' title='bbox 292 3380 347 3433; x_wconf 91' lang='lat' dir='ltr'><strong>in</strong></span> <span class='ocrx_word' id='word_1_416' title='bbox 382 3377 671 3444; x_wconf 74' lang='lat' dir='ltr'><strong>superficie</strong></span> <span class='ocrx_word' id='word_1_417' title='bbox 700 3377 895 3431; x_wconf 71' lang='lat' dir='ltr'><strong>litterae</strong></span> <span class='ocrx_word' id='word_1_418' title='bbox 927 3375 1218 3428; x_wconf 77' lang='lat' dir='ltr'><strong>tnedullata</strong></span> <span class='ocrx_word' id='word_1_419' title='bbox 1248 3376 1501 3428; x_wconf 76' lang='lat' dir='ltr'><strong>Ecclesia:</strong></span> <span class='ocrx_word' id='word_1_420' title='bbox 1528 3381 1868 3426; x_wconf 83' lang='lat' dir='ltr'><strong>sacramenta</strong></span> 
     </span>
    </p>
   </div>
   <div class='ocr_carea' id='block_1_64' title="bbox 291 3449 601 3516">
    <p class='ocr_par' dir='ltr' id='par_1_64' title="bbox 291 3449 601 3516">
     <span class='ocr_line' id='line_1_65' title="bbox 291 3449 601 3516; baseline -0.013 -12"><span class='ocrx_word' id='word_1_421' title='bbox 291 3449 601 3516; x_wconf 76' lang='lat' dir='ltr'><strong>subtegcre.</strong></span> 
     </span>
    </p>
   </div>
   <div class='ocr_carea' id='block_1_65' title="bbox 365 3512 1869 3585">
    <p class='ocr_par' dir='ltr' id='par_1_65' title="bbox 365 3512 1869 3585">
     <span class='ocr_line' id='line_1_66' title="bbox 365 3512 1869 3585; baseline -0.003 -15"><span class='ocrx_word' id='word_1_422' title='bbox 365 3512 662 3570; x_wconf 56' lang='lat' dir='ltr'><strong>Et&#39;cibabit</strong></span> <span class='ocrx_word' id='word_1_423' title='bbox 724 3525 791 3570; x_wconf 84' lang='lat' dir='ltr'><strong>te.</strong></span> <span class='ocrx_word' id='word_1_424' title='bbox 838 3515 1198 3585; x_wconf 78' lang='lat' dir='ltr'><strong>Hieronymus</strong></span> <span class='ocrx_word' id='word_1_425' title='bbox 1253 3516 1303 3568; x_wconf 92' lang='lat' dir='ltr'><strong>in</strong></span> <span class='ocrx_word' id='word_1_426' title='bbox 1352 3512 1643 3585; x_wconf 72' lang='lat' dir='ltr'><strong>Comment.</strong></span> <span class='ocrx_word' id='word_1_427' title='bbox 1684 3527 1869 3566; x_wconf 90' lang='lat' dir='ltr'><strong>rursus</strong></span> 
     </span>
    </p>
   </div>
   <div class='ocr_carea' id='block_1_66' title="bbox 294 3582 1865 3654">
    <p class='ocr_par' dir='ltr' id='par_1_66' title="bbox 294 3582 1865 3654">
     <span class='ocr_line' id='line_1_67' title="bbox 294 3582 1865 3654; baseline -0.006 -10"><span class='ocrx_word' id='word_1_428' title='bbox 294 3588 712 3654; x_wconf 86' lang='lat' dir='ltr'><strong>improbateos,</strong></span> <span class='ocrx_word' id='word_1_429' title='bbox 740 3587 830 3653; x_wconf 87' lang='lat' dir='ltr'><strong>qui</strong></span> <span class='ocrx_word' id='word_1_430' title='bbox 874 3588 999 3640; x_wconf 90' lang='lat' dir='ltr'><strong>hinc</strong></span> <span class='ocrx_word' id='word_1_431' title='bbox 1020 3582 1165 3639; x_wconf 86' lang='lat' dir='ltr'><strong>mille</strong></span> <span class='ocrx_word' id='word_1_432' title='bbox 1200 3600 1466 3638; x_wconf 89' lang='lat' dir='ltr'><strong>annorum</strong></span> <span class='ocrx_word' id='word_1_433' title='bbox 1502 3582 1735 3636; x_wconf 83' lang='lat' dir='ltr'><strong>fabulam</strong></span> <span class='ocrx_word' id='word_1_434' title='bbox 1767 3585 1865 3634; x_wconf 91' lang='lat' dir='ltr'><strong>sibi</strong></span> 
     </span>
    </p>
   </div>
   <div class='ocr_carea' id='block_1_67' title="bbox 296 3656 1871 3725">
    <p class='ocr_par' dir='ltr' id='par_1_67' title="bbox 296 3656 1871 3725">
     <span class='ocr_line' id='line_1_68' title="bbox 296 3656 1871 3725; baseline -0.006 -12"><span class='ocrx_word' id='word_1_435' title='bbox 296 3662 596 3721; x_wconf 79' lang='lat' dir='ltr'><strong>tinxerunt,</strong></span> <span class='ocrx_word' id='word_1_436' title='bbox 623 3660 673 3710; x_wconf 91' lang='lat' dir='ltr'><strong>in</strong></span> <span class='ocrx_word' id='word_1_437' title='bbox 698 3672 803 3724; x_wconf 90' lang='lat' dir='ltr'><strong>qua</strong></span> <span class='ocrx_word' id='word_1_438' title='bbox 840 3672 1050 3709; x_wconf 88' lang='lat' dir='ltr'><strong>rursum</strong></span> <span class='ocrx_word' id='word_1_439' title='bbox 1078 3658 1296 3725; x_wconf 70' lang='lat' dir='ltr'><strong>nuptiae,</strong></span> <span class='ocrx_word' id='word_1_440' title='bbox 1322 3664 1377 3706; x_wconf 79' lang='lat' dir='ltr'><strong>et</strong></span> <span class='ocrx_word' id='word_1_441' title='bbox 1406 3656 1541 3725; x_wconf 53' lang='lat' dir='ltr'><strong>cibi,</strong></span> <span class='ocrx_word' id='word_1_442' title='bbox 1560 3664 1871 3725; x_wconf 77' lang='lat' dir='ltr'><strong>etterrena:</strong></span> 
     </span>
    </p>
   </div>
   <div class='ocr_carea' id='block_1_68' title="bbox 294 3723 1871 3797">
    <p class='ocr_par' dir='ltr' id='par_1_68' title="bbox 294 3723 1871 3797">
     <span class='ocr_line' id='line_1_69' title="bbox 294 3723 1871 3797; baseline -0.005 -17"><span class='ocrx_word' id='word_1_443' title='bbox 294 3731 420 3782; x_wconf 75' lang='lat' dir='ltr'><strong>vita:</strong></span> <span class='ocrx_word' id='word_1_444' title='bbox 457 3723 781 3797; x_wconf 76' lang='lat' dir='ltr'><strong>congressus</strong></span> <span class='ocrx_word' id='word_1_445' title='bbox 834 3737 955 3790; x_wconf 90' lang='lat' dir='ltr'><strong>est;</strong></span> <span class='ocrx_word' id='word_1_446' title='bbox 1015 3723 1472 3792; x_wconf 76' lang='lat' dir='ltr'><strong>qttandotptidt-m.</strong></span> <span class='ocrx_word' id='word_1_447' title='bbox 1508 3723 1743 3797; x_wconf 79' lang='lat' dir='ltr'><strong>Christo</strong></span> <span class='ocrx_word' id='word_1_448' title='bbox 1775 3738 1871 3773; x_wconf 60' lang='lat' dir='ltr'><strong>an-</strong></span> 
     </span>
    </p>
   </div>
   <div class='ocr_carea' id='block_1_69' title="bbox 292 3794 1869 3863">
    <p class='ocr_par' dir='ltr' id='par_1_69' title="bbox 292 3794 1869 3863">
     <span class='ocr_line' id='line_1_70' title="bbox 292 3794 1869 3863; baseline -0.008 -8"><span class='ocrx_word' id='word_1_449' title='bbox 292 3809 477 3863; x_wconf 86' lang='lat' dir='ltr'><strong>ctore,</strong></span> <span class='ocrx_word' id='word_1_450' title='bbox 514 3794 606 3852; x_wconf 82' lang='lat' dir='ltr'><strong>lilii</strong></span> <span class='ocrx_word' id='word_1_451' title='bbox 645 3798 1054 3853; x_wconf 81' lang='lat' dir='ltr'><strong>resurrectionis</strong></span> <span class='ocrx_word' id='word_1_452' title='bbox 1093 3812 1195 3847; x_wconf 89' lang='lat' dir='ltr'><strong>non</strong></span> <span class='ocrx_word' id='word_1_453' title='bbox 1230 3798 1621 3862; x_wconf 87' lang='lat' dir='ltr'><strong>nubcntneque</strong></span> <span class='ocrx_word' id='word_1_454' title='bbox 1659 3794 1869 3847; x_wconf 82' lang='lat' dir='ltr'><strong>nuben-</strong></span> 
     </span>
    </p>
   </div>
   <div class='ocr_carea' id='block_1_70' title="bbox 297 3867 1316 3934">
    <p class='ocr_par' dir='ltr' id='par_1_70' title="bbox 297 3867 1316 3934">
     <span class='ocr_line' id='line_1_71' title="bbox 297 3867 1316 3934; baseline -0.008 -11"><span class='ocrx_word' id='word_1_455' title='bbox 297 3879 405 3932; x_wconf 83' lang='lat' dir='ltr'><strong>tur,</strong></span> <span class='ocrx_word' id='word_1_456' title='bbox 437 3870 528 3922; x_wconf 90' lang='lat' dir='ltr'><strong>sed</strong></span> <span class='ocrx_word' id='word_1_457' title='bbox 558 3872 872 3934; x_wconf 80' lang='lat' dir='ltr'><strong>angelorum</strong></span> <span class='ocrx_word' id='word_1_458' title='bbox 906 3867 1111 3919; x_wconf 87' lang='lat' dir='ltr'><strong>similes</strong></span> <span class='ocrx_word' id='word_1_459' title='bbox 1138 3872 1316 3916; x_wconf 82' lang='lat' dir='ltr'><strong>erunt.</strong></span> 
     </span>
    </p>
   </div>
   <div class='ocr_carea' id='block_1_71' title="bbox 366 3932 1872 4005">
    <p class='ocr_par' dir='ltr' id='par_1_71' title="bbox 366 3932 1872 4005">
     <span class='ocr_line' id='line_1_72' title="bbox 366 3932 1872 4005; baseline -0.005 -13"><span class='ocrx_word' id='word_1_460' title='bbox 366 3939 435 3993; x_wconf 88' lang='lat' dir='ltr'><strong>In</strong></span> <span class='ocrx_word' id='word_1_461' title='bbox 468 3932 843 3992; x_wconf 59' lang='lat' dir='ltr'><strong>resurrectione</strong></span> <span class='ocrx_word' id='word_1_462' title='bbox 878 3938 1069 4005; x_wconf 83' lang='lat' dir='ltr'><strong>prium.</strong></span> <span class='ocrx_word' id='word_1_463' title='bbox 1102 3935 1273 4005; x_wconf 63' lang='lat' dir='ltr'><strong>Verba</strong></span> <span class='ocrx_word' id='word_1_464' title='bbox 1326 3934 1427 3987; x_wconf 88' lang='lat' dir='ltr'><strong>ista</strong></span> <span class='ocrx_word' id='word_1_465' title='bbox 1470 3932 1872 4005; x_wconf 76' lang='lat' dir='ltr'><strong>ApOcalypst-os</strong></span> 
     </span>
    </p>
   </div>
   <div class='ocr_carea' id='block_1_72' title="bbox 295 4004 1871 4069">
    <p class='ocr_par' dir='ltr' id='par_1_72' title="bbox 295 4004 1871 4069">
     <span class='ocr_line' id='line_1_73' title="bbox 295 4004 1871 4069; baseline -0.008 -4"><span class='ocrx_word' id='word_1_466' title='bbox 295 4025 391 4065; x_wconf 74' lang='lat' dir='ltr'><strong>sua</strong></span> <span class='ocrx_word' id='word_1_467' title='bbox 442 4008 777 4063; x_wconf 87' lang='lat' dir='ltr'><strong>obscuritate</strong></span> <span class='ocrx_word' id='word_1_468' title='bbox 826 4007 1024 4061; x_wconf 67' lang='lat' dir='ltr'><strong>Irenaeo</strong></span> <span class='ocrx_word' id='word_1_469' title='bbox 1068 4016 1121 4059; x_wconf 87' lang='lat' dir='ltr'><strong>et</strong></span> <span class='ocrx_word' id='word_1_470' title='bbox 1153 4004 1277 4057; x_wconf 80' lang='lat' dir='ltr'><strong>aliis</strong></span> <span class='ocrx_word' id='word_1_471' title='bbox 1327 4004 1511 4055; x_wconf 82' lang='lat' dir='ltr'><strong>multis</strong></span> <span class='ocrx_word' id='word_1_472' title='bbox 1554 4006 1871 4069; x_wconf 69' lang='lat' dir='ltr'><strong>magnisque</strong></span> 
     </span>
    </p>
   </div>
   <div class='ocr_carea' id='block_1_73' title="bbox 296 4071 1868 4146">
    <p class='ocr_par' dir='ltr' id='par_1_73' title="bbox 296 4071 1868 4146">
     <span class='ocr_line' id='line_1_74' title="bbox 296 4071 1868 4146; baseline -0.006 -13"><span class='ocrx_word' id='word_1_473' title='bbox 296 4080 434 4142; x_wconf 81' lang='lat' dir='ltr'><strong>viris</strong></span> <span class='ocrx_word' id='word_1_474' title='bbox 466 4094 713 4146; x_wconf 78' lang='lat' dir='ltr'><strong>magnam</strong></span> <span class='ocrx_word' id='word_1_475' title='bbox 750 4079 965 4146; x_wconf 89' lang='lat' dir='ltr'><strong>errandi</strong></span> <span class='ocrx_word' id='word_1_476' title='bbox 1000 4077 1293 4129; x_wconf 80' lang='lat' dir='ltr'><strong>fenestram</strong></span> <span class='ocrx_word' id='word_1_477' title='bbox 1327 4076 1720 4146; x_wconf 73' lang='lat' dir='ltr'><strong>patefecerunt.</strong></span> <span class='ocrx_word' id='word_1_478' title='bbox 1749 4071 1868 4123; x_wconf 83' lang='lat' dir='ltr'><strong>ltati</strong></span> 
     </span>
    </p>
   </div>
   <div class='ocr_carea' id='block_1_74' title="bbox 296 4142 1869 4209">
    <p class='ocr_par' dir='ltr' id='par_1_74' title="bbox 296 4142 1869 4209">
     <span class='ocr_line' id='line_1_75' title="bbox 296 4142 1869 4209; baseline -0.007 -6"><span class='ocrx_word' id='word_1_479' title='bbox 296 4150 442 4203; x_wconf 86' lang='lat' dir='ltr'><strong>enim</strong></span> <span class='ocrx_word' id='word_1_480' title='bbox 484 4142 612 4203; x_wconf 78' lang='lat' dir='ltr'><strong>sunt</strong></span> <span class='ocrx_word' id='word_1_481' title='bbox 640 4147 775 4201; x_wconf 85' lang='lat' dir='ltr'><strong>duas</strong></span> <span class='ocrx_word' id='word_1_482' title='bbox 800 4145 915 4201; x_wconf 69' lang='lat' dir='ltr'><strong>fore</strong></span> <span class='ocrx_word' id='word_1_483' title='bbox 942 4146 1126 4201; x_wconf 90' lang='lat' dir='ltr'><strong>carnis</strong></span> <span class='ocrx_word' id='word_1_484' title='bbox 1161 4145 1611 4205; x_wconf 84' lang='lat' dir='ltr'><strong>resurrectiones,</strong></span> <span class='ocrx_word' id='word_1_485' title='bbox 1642 4142 1869 4209; x_wconf 80' lang='lat' dir='ltr'><strong>primum</strong></span> 
     </span>
    </p>
   </div>
   <div class='ocr_carea' id='block_1_75' title="bbox 298 4211 1869 4282">
    <p class='ocr_par' dir='ltr' id='par_1_75' title="bbox 298 4211 1869 4282">
     <span class='ocr_line' id='line_1_76' title="bbox 298 4211 1869 4282; baseline -0.006 -9"><span class='ocrx_word' id='word_1_486' title='bbox 298 4222 601 4282; x_wconf 89' lang='lat' dir='ltr'><strong>houorttm,</strong></span> <span class='ocrx_word' id='word_1_487' title='bbox 649 4218 941 4271; x_wconf 87' lang='lat' dir='ltr'><strong>secundam</strong></span> <span class='ocrx_word' id='word_1_488' title='bbox 992 4216 1253 4269; x_wconf 90' lang='lat' dir='ltr'><strong>malorum</strong></span> <span class='ocrx_word' id='word_1_489' title='bbox 1308 4224 1428 4281; x_wconf 89' lang='lat' dir='ltr'><strong>post</strong></span> <span class='ocrx_word' id='word_1_490' title='bbox 1473 4211 1616 4267; x_wconf 89' lang='lat' dir='ltr'><strong>mille</strong></span> <span class='ocrx_word' id='word_1_491' title='bbox 1660 4226 1869 4275; x_wconf 88' lang='lat' dir='ltr'><strong>annos;</strong></span> 
     </span>
    </p>
   </div>
   <div class='ocr_carea' id='block_1_76' title="bbox 295 4286 1875 4355">
    <p class='ocr_par' dir='ltr' id='par_1_76' title="bbox 295 4286 1875 4355">
     <span class='ocr_line' id='line_1_77' title="bbox 295 4286 1875 4355; baseline -0.008 -11"><span class='ocrx_word' id='word_1_492' title='bbox 295 4289 576 4344; x_wconf 85' lang='lat' dir='ltr'><strong>Christum</strong></span> <span class='ocrx_word' id='word_1_493' title='bbox 608 4298 789 4340; x_wconf 90' lang='lat' dir='ltr'><strong>autem</strong></span> <span class='ocrx_word' id='word_1_494' title='bbox 818 4304 845 4340; x_wconf 92' lang='lat' dir='ltr'><strong>a</strong></span> <span class='ocrx_word' id='word_1_495' title='bbox 884 4288 1051 4355; x_wconf 87' lang='lat' dir='ltr'><strong>prima</strong></span> <span class='ocrx_word' id='word_1_496' title='bbox 1093 4288 1157 4338; x_wconf 91' lang='lat' dir='ltr'><strong>ad</strong></span> <span class='ocrx_word' id='word_1_497' title='bbox 1197 4286 1490 4339; x_wconf 87' lang='lat' dir='ltr'><strong>secundam</strong></span> <span class='ocrx_word' id='word_1_498' title='bbox 1526 4296 1691 4355; x_wconf 86' lang='lat' dir='ltr'><strong>usque</strong></span> <span class='ocrx_word' id='word_1_499' title='bbox 1714 4296 1875 4355; x_wconf 86' lang='lat' dir='ltr'><strong>man-</strong></span> 
     </span>
    </p>
   </div>
   <div class='ocr_carea' id='block_1_77' title="bbox 299 4353 1876 4423">
    <p class='ocr_par' dir='ltr' id='par_1_77' title="bbox 299 4353 1876 4423">
     <span class='ocr_line' id='line_1_78' title="bbox 299 4353 1876 4423; baseline -0.006 -9"><span class='ocrx_word' id='word_1_500' title='bbox 299 4376 487 4417; x_wconf 80' lang='lat' dir='ltr'><strong>surum</strong></span> <span class='ocrx_word' id='word_1_501' title='bbox 523 4360 574 4412; x_wconf 93' lang='lat' dir='ltr'><strong>in</strong></span> <span class='ocrx_word' id='word_1_502' title='bbox 624 4361 818 4421; x_wconf 87' lang='lat' dir='ltr'><strong>terris,</strong></span> <span class='ocrx_word' id='word_1_503' title='bbox 865 4353 1044 4423; x_wconf 86' lang='lat' dir='ltr'><strong>ibique</strong></span> <span class='ocrx_word' id='word_1_504' title='bbox 1083 4372 1203 4409; x_wconf 91' lang='lat' dir='ltr'><strong>cum</strong></span> <span class='ocrx_word' id='word_1_505' title='bbox 1246 4356 1451 4408; x_wconf 79' lang='lat' dir='ltr'><strong>sanctis</strong></span> <span class='ocrx_word' id='word_1_506' title='bbox 1479 4364 1531 4407; x_wconf 91' lang='lat' dir='ltr'><strong>ct</strong></span> <span class='ocrx_word' id='word_1_507' title='bbox 1570 4353 1755 4405; x_wconf 82' lang='lat' dir='ltr'><strong>electis</strong></span> <span class='ocrx_word' id='word_1_508' title='bbox 1792 4368 1876 4405; x_wconf 84' lang='lat' dir='ltr'><strong>re—</strong></span> 
     </span>
    </p>
   </div>
   <div class='ocr_carea' id='block_1_78' title="bbox 301 4424 1872 4498">
    <p class='ocr_par' dir='ltr' id='par_1_78' title="bbox 301 4424 1872 4498">
     <span class='ocr_line' id='line_1_79' title="bbox 301 4424 1872 4498; baseline -0.003 -19"><span class='ocrx_word' id='word_1_509' title='bbox 301 4440 615 4498; x_wconf 69' lang='lat' dir='ltr'><strong>gnaturum,</strong></span> <span class='ocrx_word' id='word_1_510' title='bbox 648 4428 947 4498; x_wconf 80' lang='lat' dir='ltr'><strong>incredibili</strong></span> <span class='ocrx_word' id='word_1_511' title='bbox 980 4428 1219 4498; x_wconf 89' lang='lat' dir='ltr'><strong>omnium</strong></span> <span class='ocrx_word' id='word_1_512' title='bbox 1241 4428 1502 4478; x_wconf 85' lang='lat' dir='ltr'><strong>bonorum</strong></span> <span class='ocrx_word' id='word_1_513' title='bbox 1532 4424 1872 4498; x_wconf 81' lang='lat' dir='ltr'><strong>terrestrium</strong></span> 
     </span>
    </p>
   </div>
   <div class='ocr_carea' id='block_1_79' title="bbox 299 4494 1872 4554">
    <p class='ocr_par' dir='ltr' id='par_1_79' title="bbox 299 4494 1872 4554">
     <span class='ocr_line' id='line_1_80' title="bbox 299 4494 1872 4554; baseline -0.006 -1"><span class='ocrx_word' id='word_1_514' title='bbox 299 4494 581 4554; x_wconf 80' lang='lat' dir='ltr'><strong>felicitate.</strong></span> <span class='ocrx_word' id='word_1_515' title='bbox 656 4496 847 4551; x_wconf 74' lang='lat' dir='ltr'><strong>Verum</strong></span> <span class='ocrx_word' id='word_1_516' title='bbox 907 4497 1309 4551; x_wconf 84' lang='lat' dir='ltr'><strong>observandum</strong></span> <span class='ocrx_word' id='word_1_517' title='bbox 1378 4494 1872 4551; x_wconf 81' lang='lat' dir='ltr'><strong>resurrectionem,</strong></span> 
     </span>
    </p>
   </div>
   <div class='ocr_carea' id='block_1_80' title="bbox 300 4563 1872 4638">
    <p class='ocr_par' dir='ltr' id='par_1_80' title="bbox 300 4563 1872 4638">
     <span class='ocr_line' id='line_1_81' title="bbox 300 4563 1872 4638; baseline -0.004 -16"><span class='ocrx_word' id='word_1_518' title='bbox 300 4585 421 4638; x_wconf 70' lang='lat' dir='ltr'><strong>qua:</strong></span> <span class='ocrx_word' id='word_1_519' title='bbox 458 4569 547 4623; x_wconf 87' lang='lat' dir='ltr'><strong>hic</strong></span> <span class='ocrx_word' id='word_1_520' title='bbox 587 4567 755 4637; x_wconf 87' lang='lat' dir='ltr'><strong>prittta</strong></span> <span class='ocrx_word' id='word_1_521' title='bbox 788 4578 1015 4621; x_wconf 72' lang='lat' dir='ltr'><strong>vocatur</strong></span> <span class='ocrx_word' id='word_1_522' title='bbox 1060 4581 1087 4618; x_wconf 89' lang='lat' dir='ltr'><strong>a</strong></span> <span class='ocrx_word' id='word_1_523' title='bbox 1125 4565 1366 4638; x_wconf 75' lang='lat' dir='ltr'><strong>Joanne,</strong></span> <span class='ocrx_word' id='word_1_524' title='bbox 1400 4579 1503 4617; x_wconf 91' lang='lat' dir='ltr'><strong>non</strong></span> <span class='ocrx_word' id='word_1_525' title='bbox 1546 4564 1762 4630; x_wconf 86' lang='lat' dir='ltr'><strong>proprie</strong></span> <span class='ocrx_word' id='word_1_526' title='bbox 1808 4563 1872 4615; x_wconf 87' lang='lat' dir='ltr'><strong>ad</strong></span> 
     </span>
    </p>
   </div>
   <div class='ocr_carea' id='block_1_81' title="bbox 301 4636 1874 4707">
    <p class='ocr_par' dir='ltr' id='par_1_81' title="bbox 301 4636 1874 4707">
     <span class='ocr_line' id='line_1_82' title="bbox 301 4636 1874 4707; baseline -0.008 -12"><span class='ocrx_word' id='word_1_527' title='bbox 301 4636 528 4707; x_wconf 80' lang='lat' dir='ltr'><strong>corpora</strong></span> <span class='ocrx_word' id='word_1_528' title='bbox 552 4680 565 4701; x_wconf 92' lang='lat'><strong>,</strong></span> <span class='ocrx_word' id='word_1_529' title='bbox 589 4636 689 4691; x_wconf 84' lang='lat' dir='ltr'><strong>scd</strong></span> <span class='ocrx_word' id='word_1_530' title='bbox 723 4639 789 4690; x_wconf 87' lang='lat' dir='ltr'><strong>ad</strong></span> <span class='ocrx_word' id='word_1_531' title='bbox 817 4638 1029 4691; x_wconf 87' lang='lat' dir='ltr'><strong>animas</strong></span> <span class='ocrx_word' id='word_1_532' title='bbox 1062 4636 1332 4703; x_wconf 80' lang='lat' dir='ltr'><strong>pertinere</strong></span> <span class='ocrx_word' id='word_1_533' title='bbox 1358 4652 1370 4699; x_wconf 88' lang='lat'><strong>;</strong></span> <span class='ocrx_word' id='word_1_534' title='bbox 1407 4650 1527 4701; x_wconf 73' lang='lat' dir='ltr'><strong>qua:</strong></span> <span class='ocrx_word' id='word_1_535' title='bbox 1556 4644 1664 4707; x_wconf 82' lang='lat' dir='ltr'><strong>tum</strong></span> <span class='ocrx_word' id='word_1_536' title='bbox 1698 4647 1874 4707; x_wconf 83' lang='lat' dir='ltr'><strong>resus-_</strong></span> 
     </span>
    </p>
   </div>
   <div class='ocr_carea' id='block_1_82' title="bbox 299 4702 1875 4773">
    <p class='ocr_par' dir='ltr' id='par_1_82' title="bbox 299 4702 1875 4773">
     <span class='ocr_line' id='line_1_83' title="bbox 299 4702 1875 4773; baseline -0.006 -9"><span class='ocrx_word' id='word_1_537' title='bbox 299 4702 462 4765; x_wconf 73' lang='lat' dir='ltr'><strong>citari</strong></span> <span class='ocrx_word' id='word_1_538' title='bbox 501 4711 773 4770; x_wconf 88' lang='lat' dir='ltr'><strong>dicuntur,</strong></span> <span class='ocrx_word' id='word_1_539' title='bbox 808 4723 929 4759; x_wconf 89' lang='lat' dir='ltr'><strong>cum</strong></span> <span class='ocrx_word' id='word_1_540' title='bbox 977 4702 1257 4759; x_wconf 79' lang='lat' dir='ltr'><strong>transeunt</strong></span> <span class='ocrx_word' id='word_1_541' title='bbox 1299 4720 1327 4756; x_wconf 91' lang='lat' dir='ltr'><strong>a</strong></span> <span class='ocrx_word' id='word_1_542' title='bbox 1362 4704 1569 4773; x_wconf 83' lang='lat' dir='ltr'><strong>peccati</strong></span> <span class='ocrx_word' id='word_1_543' title='bbox 1606 4712 1776 4754; x_wconf 87' lang='lat' dir='ltr'><strong>ntorte</strong></span> <span class='ocrx_word' id='word_1_544' title='bbox 1809 4702 1875 4755; x_wconf 88' lang='lat' dir='ltr'><strong>ad</strong></span> 
     </span>
    </p>
   </div>
   <div class='ocr_carea' id='block_1_83' title="bbox 300 4773 1873 4848">
    <p class='ocr_par' dir='ltr' id='par_1_83' title="bbox 300 4773 1873 4848">
     <span class='ocr_line' id='line_1_84' title="bbox 300 4773 1873 4848; baseline -0.007 -15"><span class='ocrx_word' id='word_1_545' title='bbox 300 4781 466 4833; x_wconf 74' lang='lat' dir='ltr'><strong>vitam</strong></span> <span class='ocrx_word' id='word_1_546' title='bbox 510 4780 699 4848; x_wconf 74' lang='lat' dir='ltr'><strong>gratia:</strong></span> <span class='ocrx_word' id='word_1_547' title='bbox 726 4817 740 4840; x_wconf 89' lang='lat'><strong>,</strong></span> <span class='ocrx_word' id='word_1_548' title='bbox 769 4786 822 4830; x_wconf 86' lang='lat' dir='ltr'><strong>et</strong></span> <span class='ocrx_word' id='word_1_549' title='bbox 849 4794 877 4829; x_wconf 87' lang='lat' dir='ltr'><strong>a</strong></span> <span class='ocrx_word' id='word_1_550' title='bbox 910 4779 1016 4828; x_wconf 76' lang='lat' dir='ltr'><strong>vita</strong></span> <span class='ocrx_word' id='word_1_551' title='bbox 1047 4779 1236 4843; x_wconf 71' lang='lat' dir='ltr'><strong>gratia:</strong></span> <span class='ocrx_word' id='word_1_552' title='bbox 1272 4779 1336 4826; x_wconf 88' lang='lat' dir='ltr'><strong>ad</strong></span> <span class='ocrx_word' id='word_1_553' title='bbox 1372 4785 1537 4848; x_wconf 81' lang='lat' dir='ltr'><strong>Vitam</strong></span> <span class='ocrx_word' id='word_1_554' title='bbox 1568 4773 1723 4848; x_wconf 75' lang='lat' dir='ltr'><strong>illius</strong></span> <span class='ocrx_word' id='word_1_555' title='bbox 1762 4774 1873 4848; x_wconf 76' lang='lat' dir='ltr'><strong>glo-</strong></span> 
     </span>
    </p>
   </div>
   <div class='ocr_carea' id='block_1_84' title="bbox 301 4844 1873 4916">
    <p class='ocr_par' dir='ltr' id='par_1_84' title="bbox 301 4844 1873 4916">
     <span class='ocr_line' id='line_1_85' title="bbox 301 4844 1873 4916; baseline -0.005 -13"><span class='ocrx_word' id='word_1_556' title='bbox 301 4851 397 4907; x_wconf 72' lang='lat' dir='ltr'><strong>ria:</strong></span> <span class='ocrx_word' id='word_1_557' title='bbox 417 4888 431 4911; x_wconf 90' lang='lat'><strong>,</strong></span> <span class='ocrx_word' id='word_1_558' title='bbox 461 4844 566 4916; x_wconf 71' lang='lat' dir='ltr'><strong>qua</strong></span> <span class='ocrx_word' id='word_1_559' title='bbox 595 4849 910 4916; x_wconf 84' lang='lat' dir='ltr'><strong>corporibus</strong></span> <span class='ocrx_word' id='word_1_560' title='bbox 938 4850 1173 4899; x_wconf 84' lang='lat' dir='ltr'><strong>nomium</strong></span> <span class='ocrx_word' id='word_1_561' title='bbox 1207 4846 1494 4913; x_wconf 86' lang='lat' dir='ltr'><strong>assumptis</strong></span> <span class='ocrx_word' id='word_1_562' title='bbox 1520 4882 1534 4907; x_wconf 93' lang='lat'><strong>,</strong></span> <span class='ocrx_word' id='word_1_563' title='bbox 1568 4844 1781 4895; x_wconf 84' lang='lat' dir='ltr'><strong>interim</strong></span> <span class='ocrx_word' id='word_1_564' title='bbox 1821 4844 1873 4895; x_wconf 92' lang='lat' dir='ltr'><strong>in</strong></span> 
     </span>
    </p>
   </div>
   <div class='ocr_carea' id='block_1_85' title="bbox 302 4917 1872 4984">
    <p class='ocr_par' dir='ltr' id='par_1_85' title="bbox 302 4917 1872 4984">
     <span class='ocr_line' id='line_1_86' title="bbox 302 4917 1872 4984; baseline -0.006 -10"><span class='ocrx_word' id='word_1_565' title='bbox 302 4921 446 4974; x_wconf 70' lang='lat' dir='ltr'><strong>ctrlo</strong></span> <span class='ocrx_word' id='word_1_566' title='bbox 498 4920 562 4970; x_wconf 83' lang='lat' dir='ltr'><strong>ad</strong></span> <span class='ocrx_word' id='word_1_567' title='bbox 618 4920 757 4970; x_wconf 79' lang='lat' dir='ltr'><strong>diem</strong></span> <span class='ocrx_word' id='word_1_568' title='bbox 813 4917 1001 4983; x_wconf 84' lang='lat' dir='ltr'><strong>jndicii</strong></span> <span class='ocrx_word' id='word_1_569' title='bbox 1054 4932 1224 4984; x_wconf 86' lang='lat' dir='ltr'><strong>usque</strong></span> <span class='ocrx_word' id='word_1_570' title='bbox 1283 4918 1581 4983; x_wconf 88' lang='lat' dir='ltr'><strong>potiuntur,</strong></span> <span class='ocrx_word' id='word_1_571' title='bbox 1640 4923 1692 4964; x_wconf 88' lang='lat' dir='ltr'><strong>et</strong></span> <span class='ocrx_word' id='word_1_572' title='bbox 1750 4927 1872 4965; x_wconf 90' lang='lat' dir='ltr'><strong>cum</strong></span> 
     </span>
    </p>
   </div>
   <div class='ocr_carea' id='block_1_86' title="bbox 302 4985 1873 5055">
    <p class='ocr_par' dir='ltr' id='par_1_86' title="bbox 302 4985 1873 5055">
     <span class='ocr_line' id='line_1_87' title="bbox 302 4985 1873 5055; baseline -0.006 -12"><span class='ocrx_word' id='word_1_573' title='bbox 302 4991 523 5051; x_wconf 80' lang='lat' dir='ltr'><strong>Christo</strong></span> <span class='ocrx_word' id='word_1_574' title='bbox 553 4998 799 5055; x_wconf 74' lang='lat' dir='ltr'><strong>regnant.</strong></span> <span class='ocrx_word' id='word_1_575' title='bbox 830 4987 939 5039; x_wconf 84' lang='lat' dir='ltr'><strong>lloe</strong></span> <span class='ocrx_word' id='word_1_576' title='bbox 974 4996 1149 5039; x_wconf 86' lang='lat' dir='ltr'><strong>autem</strong></span> <span class='ocrx_word' id='word_1_577' title='bbox 1184 4997 1394 5051; x_wconf 78' lang='lat' dir='ltr'><strong>tempus</strong></span> <span class='ocrx_word' id='word_1_578' title='bbox 1430 4985 1575 5036; x_wconf 91' lang='lat' dir='ltr'><strong>mille</strong></span> <span class='ocrx_word' id='word_1_579' title='bbox 1609 4997 1873 5055; x_wconf 85' lang='lat' dir='ltr'><strong>annorum</strong></span> 
     </span>
    </p>
   </div>
   <div class='ocr_carea' id='block_1_87' title="bbox 305 5053 1879 5125">
    <p class='ocr_par' dir='ltr' id='par_1_87' title="bbox 305 5053 1879 5125">
     <span class='ocr_line' id='line_1_88' title="bbox 305 5053 1879 5125; baseline -0.004 -16"><span class='ocrx_word' id='word_1_580' title='bbox 305 5074 570 5121; x_wconf 79' lang='lat' dir='ltr'><strong>numero,</strong></span> <span class='ocrx_word' id='word_1_581' title='bbox 598 5053 687 5125; x_wconf 87' lang='lat' dir='ltr'><strong>qui</strong></span> <span class='ocrx_word' id='word_1_582' title='bbox 731 5061 1047 5125; x_wconf 74' lang='lat' dir='ltr'><strong>lrrqnenter</strong></span> <span class='ocrx_word' id='word_1_583' title='bbox 1089 5059 1139 5107; x_wconf 90' lang='lat' dir='ltr'><strong>iu</strong></span> <span class='ocrx_word' id='word_1_584' title='bbox 1194 5058 1366 5109; x_wconf 85' lang='lat' dir='ltr'><strong>sacris</strong></span> <span class='ocrx_word' id='word_1_585' title='bbox 1405 5055 1643 5125; x_wconf 82' lang='lat' dir='ltr'><strong>Litteris</strong></span> <span class='ocrx_word' id='word_1_586' title='bbox 1668 5070 1770 5125; x_wconf 89' lang='lat' dir='ltr'><strong>pro</strong></span> <span class='ocrx_word' id='word_1_587' title='bbox 1802 5053 1879 5105; x_wconf 87' lang='lat' dir='ltr'><strong>iu-.</strong></span> 
     </span>
    </p>
   </div>
   <div class='ocr_carea' id='block_1_88' title="bbox 304 5124 1873 5193">
    <p class='ocr_par' dir='ltr' id='par_1_88' title="bbox 304 5124 1873 5193">
     <span class='ocr_line' id='line_1_89' title="bbox 304 5124 1873 5193; baseline -0.006 -10"><span class='ocrx_word' id='word_1_588' title='bbox 304 5133 525 5191; x_wconf 83' lang='lat' dir='ltr'><strong>dctinita</strong></span> <span class='ocrx_word' id='word_1_589' title='bbox 560 5124 769 5181; x_wconf 87' lang='lat' dir='ltr'><strong>tntmeri</strong></span> <span class='ocrx_word' id='word_1_590' title='bbox 801 5124 1145 5179; x_wconf 88' lang='lat' dir='ltr'><strong>multitudine</strong></span> <span class='ocrx_word' id='word_1_591' title='bbox 1172 5136 1479 5192; x_wconf 84' lang='lat' dir='ltr'><strong>usurpatur,</strong></span> <span class='ocrx_word' id='word_1_592' title='bbox 1512 5124 1873 5193; x_wconf 76' lang='lat' dir='ltr'><strong>signiﬁcatum</strong></span> 
     </span>
    </p>
   </div>
   <div class='ocr_carea' id='block_1_89' title="bbox 303 5192 1878 5266">
    <p class='ocr_par' dir='ltr' id='par_1_89' title="bbox 303 5192 1878 5266">
     <span class='ocr_line' id='line_1_90' title="bbox 303 5192 1878 5266; baseline -0.006 -12"><span class='ocrx_word' id='word_1_593' title='bbox 303 5210 357 5255; x_wconf 87' lang='lat' dir='ltr'><strong>et</strong></span> <span class='ocrx_word' id='word_1_594' title='bbox 397 5199 770 5266; x_wconf 85' lang='lat' dir='ltr'><strong>pra-scriptum</strong></span> <span class='ocrx_word' id='word_1_595' title='bbox 813 5208 915 5251; x_wconf 90' lang='lat' dir='ltr'><strong>est.</strong></span> <span class='ocrx_word' id='word_1_596' title='bbox 952 5197 1300 5250; x_wconf 77' lang='lat' dir='ltr'><strong>Resttrrectio</strong></span> <span class='ocrx_word' id='word_1_597' title='bbox 1339 5192 1579 5249; x_wconf 85' lang='lat' dir='ltr'><strong>secunda</strong></span> <span class='ocrx_word' id='word_1_598' title='bbox 1598 5192 1878 5266; x_wconf 66' lang='lat' dir='ltr'><strong>generalis</strong></span> 
     </span>
    </p>
   </div>
   <div class='ocr_carea' id='block_1_90' title="bbox 306 5263 1877 5323">
    <p class='ocr_par' dir='ltr' id='par_1_90' title="bbox 306 5263 1877 5323">
     <span class='ocr_line' id='line_1_91' title="bbox 306 5263 1877 5323; baseline -0.004 -1"><span class='ocrx_word' id='word_1_599' title='bbox 306 5263 410 5323; x_wconf 47' lang='lat' dir='ltr'><strong>illa&#39;</strong></span> <span class='ocrx_word' id='word_1_600' title='bbox 445 5263 707 5321; x_wconf 84' lang='lat' dir='ltr'><strong>bonorum</strong></span> <span class='ocrx_word' id='word_1_601' title='bbox 752 5268 1102 5321; x_wconf 86' lang='lat' dir='ltr'><strong>etmalorum</strong></span> <span class='ocrx_word' id='word_1_602' title='bbox 1151 5281 1181 5319; x_wconf 90' lang='lat' dir='ltr'><strong>e</strong></span> <span class='ocrx_word' id='word_1_603' title='bbox 1223 5266 1443 5318; x_wconf 91' lang='lat' dir='ltr'><strong>tumulis</strong></span> <span class='ocrx_word' id='word_1_604' title='bbox 1492 5263 1746 5316; x_wconf 77' lang='lat' dir='ltr'><strong>excitatio</strong></span> <span class='ocrx_word' id='word_1_605' title='bbox 1798 5263 1877 5315; x_wconf 87' lang='lat' dir='ltr'><strong>di-</strong></span> 
     </span>
    </p>
   </div>
   <div class='ocr_carea' id='block_1_91' title="bbox 305 5334 1880 5406">
    <p class='ocr_par' dir='ltr' id='par_1_91' title="bbox 305 5334 1880 5406">
     <span class='ocr_line' id='line_1_92' title="bbox 305 5334 1880 5406; baseline -0.008 -12"><span class='ocrx_word' id='word_1_606' title='bbox 305 5340 471 5401; x_wconf 82' lang='lat' dir='ltr'><strong>citur,</strong></span> <span class='ocrx_word' id='word_1_607' title='bbox 502 5340 553 5390; x_wconf 93' lang='lat' dir='ltr'><strong>iu</strong></span> <span class='ocrx_word' id='word_1_608' title='bbox 582 5355 685 5406; x_wconf 85' lang='lat' dir='ltr'><strong>qua</strong></span> <span class='ocrx_word' id='word_1_609' title='bbox 726 5338 935 5406; x_wconf 87' lang='lat' dir='ltr'><strong>piorum</strong></span> <span class='ocrx_word' id='word_1_610' title='bbox 970 5339 1165 5389; x_wconf 63' lang='lat' dir='ltr'><strong>animae</strong></span> <span class='ocrx_word' id='word_1_611' title='bbox 1192 5351 1311 5389; x_wconf 92' lang='lat' dir='ltr'><strong>cum</strong></span> <span class='ocrx_word' id='word_1_612' title='bbox 1348 5336 1667 5404; x_wconf 86' lang='lat' dir='ltr'><strong>corporibus</strong></span> <span class='ocrx_word' id='word_1_613' title='bbox 1708 5334 1880 5401; x_wconf 75' lang='lat' dir='ltr'><strong>gemi-</strong></span> 
     </span>
    </p>
   </div>
   <div class='ocr_carea' id='block_1_92' title="bbox 308 5406 1887 5476">
    <p class='ocr_par' dir='ltr' id='par_1_92' title="bbox 308 5406 1887 5476">
     <span class='ocr_line' id='line_1_93' title="bbox 308 5406 1887 5476; baseline -0.006 -13"><span class='ocrx_word' id='word_1_614' title='bbox 308 5418 431 5464; x_wconf 85' lang='lat' dir='ltr'><strong>nato</strong></span> <span class='ocrx_word' id='word_1_615' title='bbox 456 5423 569 5462; x_wconf 70' lang='lat' dir='ltr'><strong>sum</strong></span> <span class='ocrx_word' id='word_1_616' title='bbox 599 5408 875 5462; x_wconf 79' lang='lat' dir='ltr'><strong>beatitatis</strong></span> <span class='ocrx_word' id='word_1_617' title='bbox 896 5408 1093 5476; x_wconf 75' lang='lat' dir='ltr'><strong>gaudio</strong></span> <span class='ocrx_word' id='word_1_618' title='bbox 1122 5408 1173 5458; x_wconf 91' lang='lat' dir='ltr'><strong>itt</strong></span> <span class='ocrx_word' id='word_1_619' title='bbox 1206 5414 1462 5465; x_wconf 71' lang='lat' dir='ltr'><strong>aeternum</strong></span> <span class='ocrx_word' id='word_1_620' title='bbox 1492 5406 1838 5476; x_wconf 79' lang='lat' dir='ltr'><strong>perfruentur</strong></span> <span class='ocrx_word' id='word_1_621' title='bbox 1860 5418 1887 5466; x_wconf 70' lang='lat'><strong>;~</strong></span> 
     </span>
    </p>
   </div>
   <div class='ocr_carea' id='block_1_93' title="bbox 305 5473 1877 5547">
    <p class='ocr_par' dir='ltr' id='par_1_93' title="bbox 305 5473 1877 5547">
     <span class='ocr_line' id='line_1_94' title="bbox 305 5473 1877 5547; baseline -0.004 -14"><span class='ocrx_word' id='word_1_622' title='bbox 305 5491 470 5547; x_wconf 82' lang='lat' dir='ltr'><strong>atque</strong></span> <span class='ocrx_word' id='word_1_623' title='bbox 510 5480 582 5531; x_wconf 92' lang='lat' dir='ltr'><strong>ita</strong></span> <span class='ocrx_word' id='word_1_624' title='bbox 631 5473 937 5547; x_wconf 76' lang='lat' dir='ltr'><strong>declaratur</strong></span> <span class='ocrx_word' id='word_1_625' title='bbox 966 5478 1117 5547; x_wconf 86' lang='lat' dir='ltr'><strong>locus</strong></span> <span class='ocrx_word' id='word_1_626' title='bbox 1150 5478 1218 5529; x_wconf 88' lang='lat' dir='ltr'><strong>ab</strong></span> <span class='ocrx_word' id='word_1_627' title='bbox 1259 5476 1570 5547; x_wconf 79' lang='lat' dir='ltr'><strong>Augustino</strong></span> <span class='ocrx_word' id='word_1_628' title='bbox 1594 5473 1877 5547; x_wconf 52' lang='grc' dir='ltr'><strong>50οῌΤίαο-</strong></span> 
     </span>
    </p>
   </div>
   <div class='ocr_carea' id='block_1_94' title="bbox 307 5543 1879 5615">
    <p class='ocr_par' dir='ltr' id='par_1_94' title="bbox 307 5543 1879 5615">
     <span class='ocr_line' id='line_1_95' title="bbox 307 5543 1879 5615; baseline -0.004 -12"><span class='ocrx_word' id='word_1_629' title='bbox 307 5543 429 5610; x_wconf 81' lang='lat' dir='ltr'><strong>nio,</strong></span> <span class='ocrx_word' id='word_1_630' title='bbox 464 5548 650 5600; x_wconf 86' lang='lat' dir='ltr'><strong>homil.</strong></span> <span class='ocrx_word' id='word_1_631' title='bbox 690 5547 755 5601; x_wconf 80' lang='grc'><strong>17</strong></span> <span class='ocrx_word' id='word_1_632' title='bbox 796 5546 847 5601; x_wconf 92' lang='lat' dir='ltr'><strong>in</strong></span> <span class='ocrx_word' id='word_1_633' title='bbox 878 5546 1255 5615; x_wconf 83' lang='lat' dir='ltr'><strong>Apocalypsim</strong></span> <span class='ocrx_word' id='word_1_634' title='bbox 1283 5585 1297 5607; x_wconf 88' lang='lat'><strong>,</strong></span> <span class='ocrx_word' id='word_1_635' title='bbox 1324 5545 1610 5615; x_wconf 81' lang='lat' dir='ltr'><strong>Ambrosio</strong></span> <span class='ocrx_word' id='word_1_636' title='bbox 1636 5583 1650 5605; x_wconf 89' lang='lat'><strong>,</strong></span> <span class='ocrx_word' id='word_1_637' title='bbox 1675 5543 1879 5615; x_wconf 81' lang='lat' dir='ltr'><strong>Prima-</strong></span> 
     </span>
    </p>
   </div>
   <div class='ocr_carea' id='block_1_95' title="bbox 308 5612 1880 5685">
    <p class='ocr_par' dir='ltr' id='par_1_95' title="bbox 308 5612 1880 5685">
     <span class='ocr_line' id='line_1_96' title="bbox 308 5612 1880 5685; baseline -0.004 -12"><span class='ocrx_word' id='word_1_638' title='bbox 308 5620 390 5673; x_wconf 84' lang='lat' dir='ltr'><strong>sio</strong></span> <span class='ocrx_word' id='word_1_639' title='bbox 410 5658 426 5682; x_wconf 87' lang='lat'><strong>,</strong></span> <span class='ocrx_word' id='word_1_640' title='bbox 452 5619 669 5671; x_wconf 84' lang='lat' dir='ltr'><strong>Andrea</strong></span> <span class='ocrx_word' id='word_1_641' title='bbox 692 5629 745 5671; x_wconf 88' lang='lat' dir='ltr'><strong>et</strong></span> <span class='ocrx_word' id='word_1_642' title='bbox 776 5612 939 5671; x_wconf 59' lang='lat' dir='ltr'><strong>Areto</strong></span> <span class='ocrx_word' id='word_1_643' title='bbox 970 5612 1373 5685; x_wconf 79' lang='lat' dir='ltr'><strong>Cappadocibus</strong></span> <span class='ocrx_word' id='word_1_644' title='bbox 1392 5656 1406 5675; x_wconf 90' lang='lat'><strong>.</strong></span> <span class='ocrx_word' id='word_1_645' title='bbox 1432 5613 1702 5667; x_wconf 81' lang='lat' dir='ltr'><strong>Ansberto</strong></span> <span class='ocrx_word' id='word_1_646' title='bbox 1722 5654 1737 5677; x_wconf 92' lang='lat'><strong>,</strong></span> <span class='ocrx_word' id='word_1_647' title='bbox 1771 5612 1880 5667; x_wconf 68' lang='lat' dir='ltr'><strong>ltu-</strong></span> 
     </span>
    </p>
   </div>
   <div class='ocr_carea' id='block_1_96' title="bbox 310 5686 1881 5758">
    <p class='ocr_par' dir='ltr' id='par_1_96' title="bbox 310 5686 1881 5758">
     <span class='ocr_line' id='line_1_97' title="bbox 310 5686 1881 5758; baseline -0.004 -17"><span class='ocrx_word' id='word_1_648' title='bbox 310 5697 464 5756; x_wconf 90' lang='lat' dir='ltr'><strong>perto</strong></span> <span class='ocrx_word' id='word_1_649' title='bbox 490 5728 504 5749; x_wconf 88' lang='lat'><strong>,</strong></span> <span class='ocrx_word' id='word_1_650' title='bbox 540 5687 753 5758; x_wconf 84' lang='lat' dir='ltr'><strong>Lyrano</strong></span> <span class='ocrx_word' id='word_1_651' title='bbox 777 5728 790 5749; x_wconf 91' lang='lat'><strong>,</strong></span> <span class='ocrx_word' id='word_1_652' title='bbox 829 5687 1236 5758; x_wconf 68' lang='lat' dir='ltr'><strong>commentariis</strong></span> <span class='ocrx_word' id='word_1_653' title='bbox 1273 5687 1324 5738; x_wconf 85' lang='lat' dir='ltr'><strong>in</strong></span> <span class='ocrx_word' id='word_1_654' title='bbox 1367 5686 1685 5758; x_wconf 67' lang='lat' dir='ltr'><strong>vicesimum</strong></span> <span class='ocrx_word' id='word_1_655' title='bbox 1721 5693 1881 5758; x_wconf 84' lang='lat' dir='ltr'><strong>caput</strong></span> 
     </span>
    </p>
   </div>
   <div class='ocr_carea' id='block_1_97' title="bbox 310 5754 1878 5884">
    <p class='ocr_par' dir='ltr' id='par_1_97' title="bbox 310 5754 1878 5884">
     <span class='ocr_line' id='line_1_98' title="bbox 310 5754 1878 5884; baseline -0.003 -73"><span class='ocrx_word' id='word_1_656' title='bbox 310 5754 730 5884; x_wconf 55' lang='lat' dir='ltr'><strong>Atliofaflyp&#39;seos.</strong></span> <span class='ocrx_word' id='word_1_657' title='bbox 790 5758 924 5827; x_wconf 69' lang='lat' dir='ltr'><strong>Ergo</strong></span> <span class='ocrx_word' id='word_1_658' title='bbox 982 5771 1077 5825; x_wconf 88' lang='lat' dir='ltr'><strong>pro</strong></span> <span class='ocrx_word' id='word_1_659' title='bbox 1132 5754 1551 5810; x_wconf 86' lang='lat' dir='ltr'><strong>Milleuariorum</strong></span> <span class='ocrx_word' id='word_1_660' title='bbox 1613 5756 1878 5809; x_wconf 88' lang='lat' dir='ltr'><strong>sententia</strong></span> 
     </span>
     <span class='ocr_line' id='line_1_99' title="bbox 311 5838 627 5884; baseline -0.016 0"><span class='ocrx_word' id='word_1_661' title='bbox 311 5844 423 5884; x_wconf 70' lang='grc' dir='ltr'>[ιιι</span> <span class='ocrx_word' id='word_1_662' title='bbox 499 5838 627 5883; x_wconf 77' lang='lat' dir='ltr'><strong>aut.</strong></span> 
     </span>
    </p>
   </div>
   <div class='ocr_carea' id='block_1_98' title="bbox 311 5832 627 5892">
    <p class='ocr_par' dir='ltr' id='par_1_98' title="bbox 311 5832 627 5892">
     <span class='ocr_line' id='line_1_100' title="bbox 311 5832 627 5892; baseline -0.006 -11"><span class='ocrx_word' id='word_1_663' title='bbox 311 5832 445 5889; x_wconf 55' lang='lat' dir='ltr'><strong>nihil</strong></span> <span class='ocrx_word' id='word_1_664' title='bbox 477 5832 627 5892; x_wconf 69' lang='lat' dir='ltr'><strong>facit.</strong></span> 
     </span>
    </p>
   </div>
   <div class='ocr_carea' id='block_1_99' title="bbox 1961 1904 3534 1972">
    <p class='ocr_par' dir='ltr' id='par_1_99' title="bbox 1961 1904 3534 1972">
     <span class='ocr_line' id='line_1_101' title="bbox 1961 1904 3534 1972; baseline 0 -15"><span class='ocrx_word' id='word_1_665' title='bbox 1961 1904 2259 1965; x_wconf 84' lang='lat' dir='ltr'><strong>llebraica,</strong></span> <span class='ocrx_word' id='word_1_666' title='bbox 2306 1911 2360 1956; x_wconf 89' lang='lat' dir='ltr'><strong>et</strong></span> <span class='ocrx_word' id='word_1_667' title='bbox 2400 1905 2610 1971; x_wconf 72' lang='lat' dir='ltr'><strong>vulgata</strong></span> <span class='ocrx_word' id='word_1_668' title='bbox 2662 1906 2850 1959; x_wconf 80' lang='lat' dir='ltr'><strong>Latina</strong></span> <span class='ocrx_word' id='word_1_669' title='bbox 2896 1906 3061 1958; x_wconf 88' lang='lat' dir='ltr'><strong>editio</strong></span> <span class='ocrx_word' id='word_1_670' title='bbox 3102 1921 3263 1958; x_wconf 85' lang='lat' dir='ltr'><strong>secus</strong></span> <span class='ocrx_word' id='word_1_671' title='bbox 3312 1907 3534 1972; x_wconf 75' lang='lat' dir='ltr'><strong>legunt,</strong></span> 
     </span>
    </p>
   </div>
   <div class='ocr_carea' id='block_1_100' title="bbox 1960 1974 3537 2044">
    <p class='ocr_par' dir='ltr' id='par_1_100' title="bbox 1960 1974 3537 2044">
     <span class='ocr_line' id='line_1_102' title="bbox 1960 1974 3537 2044; baseline 0.002 -20"><span class='ocrx_word' id='word_1_672' title='bbox 1960 1977 2101 2042; x_wconf 90' lang='lat' dir='ltr'><strong>quod</strong></span> <span class='ocrx_word' id='word_1_673' title='bbox 2144 1985 2197 2027; x_wconf 90' lang='lat' dir='ltr'><strong>ct</strong></span> <span class='ocrx_word' id='word_1_674' title='bbox 2252 1974 2597 2044; x_wconf 82' lang='lat' dir='ltr'><strong>.iierouyuuts</strong></span> <span class='ocrx_word' id='word_1_675' title='bbox 2627 1977 2732 2028; x_wconf 79' lang='lat' dir='ltr'><strong>iilic</strong></span> <span class='ocrx_word' id='word_1_676' title='bbox 2758 1985 2903 2029; x_wconf 81' lang='lat' dir='ltr'><strong>notat</strong></span> <span class='ocrx_word' id='word_1_677' title='bbox 2934 1994 2944 2026; x_wconf 88' lang='lat'>:</span> <span class='ocrx_word' id='word_1_678' title='bbox 2982 1976 3201 2044; x_wconf 77' lang='lat' dir='ltr'><strong>vultque</strong></span> <span class='ocrx_word' id='word_1_679' title='bbox 3236 1978 3380 2029; x_wconf 89' lang='lat' dir='ltr'><strong>hunc</strong></span> <span class='ocrx_word' id='word_1_680' title='bbox 3420 1992 3537 2028; x_wconf 87' lang='lat' dir='ltr'><strong>ser-</strong></span> 
     </span>
    </p>
   </div>
   <div class='ocr_carea' id='block_1_101' title="bbox 1963 2044 3539 2114">
    <p class='ocr_par' dir='ltr' id='par_1_101' title="bbox 1963 2044 3539 2114">
     <span class='ocr_line' id='line_1_103' title="bbox 1963 2044 3539 2114; baseline 0 -17"><span class='ocrx_word' id='word_1_681' title='bbox 1963 2060 2172 2097; x_wconf 90' lang='lat' dir='ltr'><strong>monem</strong></span> <span class='ocrx_word' id='word_1_682' title='bbox 2202 2045 2439 2114; x_wconf 66' lang='lat' dir='ltr'><strong>divinum</strong></span> <span class='ocrx_word' id='word_1_683' title='bbox 2467 2084 2480 2103; x_wconf 84' lang='lat'><strong>,</strong></span> <span class='ocrx_word' id='word_1_684' title='bbox 2512 2044 2728 2098; x_wconf 77' lang='lat' dir='ltr'><strong>Juda-os</strong></span> <span class='ocrx_word' id='word_1_685' title='bbox 2764 2048 3029 2112; x_wconf 75' lang='lat' dir='ltr'><strong>fugit-mes</strong></span> <span class='ocrx_word' id='word_1_686' title='bbox 3060 2049 3110 2099; x_wconf 91' lang='lat' dir='ltr'><strong>iu</strong></span> <span class='ocrx_word' id='word_1_687' title='bbox 3133 2045 3424 2114; x_wconf 55' lang='lat' dir='ltr'><strong>(Egyptum</strong></span> <span class='ocrx_word' id='word_1_688' title='bbox 3455 2060 3539 2097; x_wconf 90' lang='lat' dir='ltr'><strong>re-</strong></span> 
     </span>
    </p>
   </div>
   <div class='ocr_carea' id='block_1_102' title="bbox 1966 2110 3539 2181">
    <p class='ocr_par' dir='ltr' id='par_1_102' title="bbox 1966 2110 3539 2181">
     <span class='ocr_line' id='line_1_104' title="bbox 1966 2110 3539 2181; baseline 0.002 -16"><span class='ocrx_word' id='word_1_689' title='bbox 1966 2129 2160 2167; x_wconf 77' lang='lat' dir='ltr'><strong>vocare</strong></span> <span class='ocrx_word' id='word_1_690' title='bbox 2190 2114 2242 2166; x_wconf 91' lang='lat' dir='ltr'><strong>iu</strong></span> <span class='ocrx_word' id='word_1_691' title='bbox 2267 2110 2591 2173; x_wconf 82' lang='lat' dir='ltr'><strong>Jerusalem,</strong></span> <span class='ocrx_word' id='word_1_692' title='bbox 2620 2115 2801 2181; x_wconf 82' lang='lat' dir='ltr'><strong>ibique</strong></span> <span class='ocrx_word' id='word_1_693' title='bbox 2827 2110 2969 2167; x_wconf 78' lang='lat' dir='ltr'><strong>lilios</strong></span> <span class='ocrx_word' id='word_1_694' title='bbox 3001 2110 3313 2179; x_wconf 74' lang='lat' dir='ltr'><strong>procreare,</strong></span> <span class='ocrx_word' id='word_1_695' title='bbox 3341 2115 3539 2180; x_wconf 88' lang='lat' dir='ltr'><strong>quibus</strong></span> 
     </span>
    </p>
   </div>
   <div class='ocr_carea' id='block_1_103' title="bbox 1966 2184 3538 2251">
    <p class='ocr_par' dir='ltr' id='par_1_103' title="bbox 1966 2184 3538 2251">
     <span class='ocr_line' id='line_1_105' title="bbox 1966 2184 3538 2251; baseline 0.001 -15"><span class='ocrx_word' id='word_1_696' title='bbox 1966 2193 2110 2237; x_wconf 86' lang='lat' dir='ltr'><strong>tanta</strong></span> <span class='ocrx_word' id='word_1_697' title='bbox 2156 2184 2419 2236; x_wconf 82' lang='lat' dir='ltr'><strong>securitas</strong></span> <span class='ocrx_word' id='word_1_698' title='bbox 2455 2194 2502 2237; x_wconf 89' lang='lat' dir='ltr'><strong>et</strong></span> <span class='ocrx_word' id='word_1_699' title='bbox 2545 2186 2775 2238; x_wconf 80' lang='lat' dir='ltr'><strong>felicitas</strong></span> <span class='ocrx_word' id='word_1_700' title='bbox 2823 2186 3184 2251; x_wconf 80' lang='lat' dir='ltr'><strong>promittitur,</strong></span> <span class='ocrx_word' id='word_1_701' title='bbox 3223 2197 3280 2238; x_wconf 89' lang='lat' dir='ltr'><strong>ut</strong></span> <span class='ocrx_word' id='word_1_702' title='bbox 3327 2186 3538 2238; x_wconf 88' lang='lat' dir='ltr'><strong>Domini</strong></span> 
     </span>
    </p>
   </div>
   <div class='ocr_carea' id='block_1_104' title="bbox 1965 2252 2941 2319">
    <p class='ocr_par' dir='ltr' id='par_1_104' title="bbox 1965 2252 2941 2319">
     <span class='ocr_line' id='line_1_106' title="bbox 1965 2252 2941 2319; baseline 0.002 -12"><span class='ocrx_word' id='word_1_703' title='bbox 1965 2252 2321 2307; x_wconf 78' lang='lat' dir='ltr'><strong>defenduntur</strong></span> <span class='ocrx_word' id='word_1_704' title='bbox 2352 2263 2403 2305; x_wconf 89' lang='lat' dir='ltr'><strong>et</strong></span> <span class='ocrx_word' id='word_1_705' title='bbox 2432 2263 2687 2319; x_wconf 71' lang='lat' dir='ltr'><strong>regantur</strong></span> <span class='ocrx_word' id='word_1_706' title='bbox 2718 2255 2941 2309; x_wconf 76' lang='lat' dir='ltr'><strong>auxilio.</strong></span> 
     </span>
    </p>
   </div>
   <div class='ocr_carea' id='block_1_105' title="bbox 2039 2323 3537 2398">
    <p class='ocr_par' dir='ltr' id='par_1_105' title="bbox 2039 2323 3537 2398">
     <span class='ocr_line' id='line_1_107' title="bbox 2039 2323 3537 2398; baseline 0.005 -23"><span class='ocrx_word' id='word_1_707' title='bbox 2039 2323 2189 2379; x_wconf 80' lang='lat' dir='ltr'><strong>Ecce.</strong></span> <span class='ocrx_word' id='word_1_708' title='bbox 2218 2339 2308 2389; x_wconf 77' lang='lat' dir='ltr'><strong>ego</strong></span> <span class='ocrx_word' id='word_1_709' title='bbox 2335 2324 2427 2398; x_wconf 74' lang='lat' dir='ltr'><strong>tibi</strong></span> <span class='ocrx_word' id='word_1_710' title='bbox 2451 2328 2759 2398; x_wconf 74' lang='lat' dir='ltr'><strong>pro&#39;parabo</strong></span> <span class='ocrx_word' id='word_1_711' title='bbox 2793 2324 3537 2398; x_wconf 67' lang='lat' dir='ltr'><strong>carbunculithllieronym.</strong></span> 
     </span>
    </p>
   </div>
   <div class='ocr_carea' id='block_1_106' title="bbox 1965 2392 3539 2467">
    <p class='ocr_par' dir='ltr' id='par_1_106' title="bbox 1965 2392 3539 2467">
     <span class='ocr_line' id='line_1_108' title="bbox 1965 2392 3539 2467; baseline 0.003 -22"><span class='ocrx_word' id='word_1_712' title='bbox 1965 2392 2321 2467; x_wconf 65' lang='lat' dir='ltr'><strong>Commentut‘.</strong></span> <span class='ocrx_word' id='word_1_713' title='bbox 2353 2394 2406 2446; x_wconf 89' lang='lat' dir='ltr'><strong>in</strong></span> <span class='ocrx_word' id='word_1_714' title='bbox 2450 2394 2821 2467; x_wconf 77' lang='lat' dir='ltr'><strong>_ht_ttte_lo_cum</strong></span> <span class='ocrx_word' id='word_1_715' title='bbox 2868 2396 3139 2467; x_wconf 82' lang='lat' dir='ltr'><strong>Ostendit,</strong></span> <span class='ocrx_word' id='word_1_716' title='bbox 3183 2392 3539 2467; x_wconf 82' lang='lat' dir='ltr'><strong>Septuaginta</strong></span> 
     </span>
    </p>
   </div>
   <div class='ocr_carea' id='block_1_107' title="bbox 1967 2462 3538 2535">
    <p class='ocr_par' dir='ltr' id='par_1_107' title="bbox 1967 2462 3538 2535">
     <span class='ocr_line' id='line_1_109' title="bbox 1967 2462 3538 2535; baseline 0.001 -18"><span class='ocrx_word' id='word_1_717' title='bbox 1967 2464 2256 2535; x_wconf 74' lang='lat' dir='ltr'><strong>lectionem</strong></span> <span class='ocrx_word' id='word_1_718' title='bbox 2299 2462 2543 2515; x_wconf 91' lang='lat' dir='ltr'><strong>nonnihil</strong></span> <span class='ocrx_word' id='word_1_719' title='bbox 2579 2463 2646 2516; x_wconf 90' lang='lat' dir='ltr'><strong>ab</strong></span> <span class='ocrx_word' id='word_1_720' title='bbox 2682 2463 2944 2517; x_wconf 87' lang='lat' dir='ltr'><strong>llebraica</strong></span> <span class='ocrx_word' id='word_1_721' title='bbox 2994 2462 3297 2520; x_wconf 85' lang='lat' dir='ltr'><strong>variantem</strong></span> <span class='ocrx_word' id='word_1_722' title='bbox 3322 2506 3336 2529; x_wconf 93' lang='lat'><strong>,</strong></span> <span class='ocrx_word' id='word_1_723' title='bbox 3376 2462 3538 2535; x_wconf 68' lang='lat' dir='ltr'><strong>quam</strong></span> 
     </span>
    </p>
   </div>
   <div class='ocr_carea' id='block_1_108' title="bbox 1970 2532 3543 2603">
    <p class='ocr_par' dir='ltr' id='par_1_108' title="bbox 1970 2532 3543 2603">
     <span class='ocr_line' id='line_1_110' title="bbox 1970 2532 3543 2603; baseline 0.003 -16"><span class='ocrx_word' id='word_1_724' title='bbox 1970 2544 2149 2589; x_wconf 86' lang='lat' dir='ltr'><strong>tamen</strong></span> <span class='ocrx_word' id='word_1_725' title='bbox 2180 2532 2412 2585; x_wconf 70' lang='lat' dir='ltr'><strong>irenaans</strong></span> <span class='ocrx_word' id='word_1_726' title='bbox 2444 2535 2641 2598; x_wconf 87' lang='lat' dir='ltr'><strong>passim</strong></span> <span class='ocrx_word' id='word_1_727' title='bbox 2669 2535 2934 2603; x_wconf 86' lang='lat' dir='ltr'><strong>sequitur,</strong></span> <span class='ocrx_word' id='word_1_728' title='bbox 2970 2545 3132 2603; x_wconf 88' lang='lat' dir='ltr'><strong>atque</strong></span> <span class='ocrx_word' id='word_1_729' title='bbox 3164 2540 3228 2589; x_wconf 91' lang='lat' dir='ltr'><strong>de</strong></span> <span class='ocrx_word' id='word_1_730' title='bbox 3261 2532 3452 2589; x_wconf 81' lang='lat' dir='ltr'><strong>natura</strong></span> <span class='ocrx_word' id='word_1_731' title='bbox 3487 2548 3543 2591; x_wconf 85' lang='lat' dir='ltr'><strong>et</strong></span> 
     </span>
    </p>
   </div>
   <div class='ocr_carea' id='block_1_109' title="bbox 1966 2602 3542 2674">
    <p class='ocr_par' dir='ltr' id='par_1_109' title="bbox 1966 2602 3542 2674">
     <span class='ocr_line' id='line_1_111' title="bbox 1966 2602 3542 2674; baseline 0.003 -18"><span class='ocrx_word' id='word_1_732' title='bbox 1966 2604 2389 2674; x_wconf 81' lang='lat' dir='ltr'><strong>proprietatibus</strong></span> <span class='ocrx_word' id='word_1_733' title='bbox 2427 2605 2640 2674; x_wconf 76' lang='lat' dir='ltr'><strong>horum</strong></span> <span class='ocrx_word' id='word_1_734' title='bbox 2697 2602 2935 2670; x_wconf 81' lang='lat' dir='ltr'><strong>lapidum</strong></span> <span class='ocrx_word' id='word_1_735' title='bbox 2982 2602 3143 2659; x_wconf 77' lang='lat' dir='ltr'><strong>anxie</strong></span> <span class='ocrx_word' id='word_1_736' title='bbox 3203 2606 3542 2672; x_wconf 70' lang='lat' dir='ltr'><strong>inquit-entes</strong></span> 
     </span>
    </p>
   </div>
   <div class='ocr_carea' id='block_1_110' title="bbox 1966 2669 3539 2745">
    <p class='ocr_par' dir='ltr' id='par_1_110' title="bbox 1966 2669 3539 2745">
     <span class='ocr_line' id='line_1_112' title="bbox 1966 2669 3539 2745; baseline 0.002 -19"><span class='ocrx_word' id='word_1_737' title='bbox 1966 2669 2180 2745; x_wconf 74' lang='lat' dir='ltr'><strong>ablegat</strong></span> <span class='ocrx_word' id='word_1_738' title='bbox 2224 2674 2289 2725; x_wconf 87' lang='lat' dir='ltr'><strong>ad</strong></span> <span class='ocrx_word' id='word_1_739' title='bbox 2346 2669 2634 2741; x_wconf 83' lang='lat' dir='ltr'><strong>Epiphanii</strong></span> <span class='ocrx_word' id='word_1_740' title='bbox 2696 2669 2978 2745; x_wconf 75' lang='lat' dir='ltr'><strong>volumen.</strong></span> <span class='ocrx_word' id='word_1_741' title='bbox 3029 2669 3353 2745; x_wconf 84' lang='lat' dir='ltr'><strong>inscriptum</strong></span> <span class='ocrx_word' id='word_1_742' title='bbox 3400 2678 3539 2744; x_wconf 72' lang='grc' dir='ltr'><strong>Περὶ</strong></span> 
     </span>
    </p>
   </div>
   <div class='ocr_carea' id='block_1_111' title="bbox 1966 2742 3538 2802">
    <p class='ocr_par' dir='ltr' id='par_1_111' title="bbox 1966 2742 3538 2802">
     <span class='ocr_line' id='line_1_113' title="bbox 1966 2742 3538 2802; baseline 0.001 -4"><span class='ocrx_word' id='word_1_743' title='bbox 1966 2744 2193 2802; x_wconf 76' lang='grc' dir='ltr'><em>λίθων,</em></span> <span class='ocrx_word' id='word_1_744' title='bbox 2254 2751 2307 2796; x_wconf 87' lang='lat' dir='ltr'><strong>et</strong></span> <span class='ocrx_word' id='word_1_745' title='bbox 2368 2747 2435 2795; x_wconf 86' lang='lat' dir='ltr'><strong>ad</strong></span> <span class='ocrx_word' id='word_1_746' title='bbox 2501 2758 2681 2796; x_wconf 75' lang='lat' dir='ltr'><strong>xxxv&quot;</strong></span> <span class='ocrx_word' id='word_1_747' title='bbox 2737 2742 3018 2797; x_wconf 77' lang='lat' dir='ltr'><strong>Nntttra&#39;is</strong></span> <span class='ocrx_word' id='word_1_748' title='bbox 3069 2742 3305 2800; x_wconf 72' lang='lat' dir='ltr'><strong>historia:</strong></span> <span class='ocrx_word' id='word_1_749' title='bbox 3359 2742 3538 2800; x_wconf 68' lang='lat' dir='ltr'><strong>Plinii.</strong></span> 
     </span>
    </p>
   </div>
   <div class='ocr_carea' id='block_1_112' title="bbox 1967 2812 3542 2877">
    <p class='ocr_par' dir='ltr' id='par_1_112' title="bbox 1967 2812 3542 2877">
     <span class='ocr_line' id='line_1_114' title="bbox 1967 2812 3542 2877; baseline 0 -9"><span class='ocrx_word' id='word_1_750' title='bbox 1967 2815 2182 2868; x_wconf 80' lang='lat' dir='ltr'><strong>Acriter</strong></span> <span class='ocrx_word' id='word_1_751' title='bbox 2211 2814 2372 2866; x_wconf 88' lang='lat' dir='ltr'><strong>etiam</strong></span> <span class='ocrx_word' id='word_1_752' title='bbox 2416 2814 2688 2866; x_wconf 79' lang='lat' dir='ltr'><strong>invehitur</strong></span> <span class='ocrx_word' id='word_1_753' title='bbox 2723 2813 2774 2865; x_wconf 94' lang='lat' dir='ltr'><strong>in</strong></span> <span class='ocrx_word' id='word_1_754' title='bbox 2810 2812 3056 2877; x_wconf 73' lang='lat' dir='ltr'><strong>Judzeos,</strong></span> <span class='ocrx_word' id='word_1_755' title='bbox 3088 2825 3140 2867; x_wconf 87' lang='lat' dir='ltr'><strong>et</strong></span> <span class='ocrx_word' id='word_1_756' title='bbox 3164 2816 3542 2871; x_wconf 74' lang='lat' dir='ltr'><strong>setni-Juda-os</strong></span> 
     </span>
    </p>
   </div>
   <div class='ocr_carea' id='block_1_113' title="bbox 1972 2881 3544 2953">
    <p class='ocr_par' dir='ltr' id='par_1_113' title="bbox 1972 2881 3544 2953">
     <span class='ocr_line' id='line_1_115' title="bbox 1972 2881 3544 2953; baseline 0.003 -17"><span class='ocrx_word' id='word_1_757' title='bbox 1972 2886 2067 2953; x_wconf 90' lang='lat' dir='ltr'><strong>(ita</strong></span> <span class='ocrx_word' id='word_1_758' title='bbox 2099 2893 2253 2936; x_wconf 87' lang='lat' dir='ltr'><strong>vocat</strong></span> <span class='ocrx_word' id='word_1_759' title='bbox 2286 2881 2593 2948; x_wconf 86' lang='lat' dir='ltr'><strong>Chiliastas)</strong></span> <span class='ocrx_word' id='word_1_760' title='bbox 2616 2921 2630 2944; x_wconf 92' lang='lat'><strong>,</strong></span> <span class='ocrx_word' id='word_1_761' title='bbox 2660 2884 2747 2950; x_wconf 89' lang='lat' dir='ltr'><strong>qui</strong></span> <span class='ocrx_word' id='word_1_762' title='bbox 2779 2885 3075 2938; x_wconf 88' lang='lat' dir='ltr'><strong>occidentis</strong></span> <span class='ocrx_word' id='word_1_763' title='bbox 3109 2888 3302 2939; x_wconf 75' lang='lat' dir='ltr'><strong>littera:</strong></span> <span class='ocrx_word' id='word_1_764' title='bbox 3333 2898 3544 2940; x_wconf 85' lang='lat' dir='ltr'><strong>amato-</strong></span> 
     </span>
    </p>
   </div>
   <div class='ocr_carea' id='block_1_114' title="bbox 1971 2952 3542 3024">
    <p class='ocr_par' dir='ltr' id='par_1_114' title="bbox 1971 2952 3542 3024">
     <span class='ocr_line' id='line_1_116' title="bbox 1971 2952 3542 3024; baseline 0.003 -20"><span class='ocrx_word' id='word_1_765' title='bbox 1971 2952 2093 3011; x_wconf 62' lang='grc' dir='ltr'><strong>ωδ.</strong></span> <span class='ocrx_word' id='word_1_766' title='bbox 2144 2968 2238 3021; x_wconf 88' lang='lat' dir='ltr'><strong>pro</strong></span> <span class='ocrx_word' id='word_1_767' title='bbox 2271 2952 2431 3024; x_wconf 71' lang='lat' dir='ltr'><strong>inille</strong></span> <span class='ocrx_word' id='word_1_768' title='bbox 2482 2956 2664 3016; x_wconf 87' lang='lat' dir='ltr'><strong>annis,</strong></span> <span class='ocrx_word' id='word_1_769' title='bbox 2706 2953 2880 3006; x_wconf 84' lang='lat' dir='ltr'><strong>lautos</strong></span> <span class='ocrx_word' id='word_1_770' title='bbox 2931 2964 2985 3005; x_wconf 86' lang='lat' dir='ltr'><strong>et</strong></span> <span class='ocrx_word' id='word_1_771' title='bbox 3034 2957 3332 3024; x_wconf 77' lang='lat' dir='ltr'><strong>exquisitos</strong></span> <span class='ocrx_word' id='word_1_772' title='bbox 3389 2958 3542 3010; x_wconf 78' lang='lat' dir='ltr'><strong>cibos</strong></span> 
     </span>
    </p>
   </div>
   <div class='ocr_carea' id='block_1_115' title="bbox 1969 3021 3543 3091">
    <p class='ocr_par' dir='ltr' id='par_1_115' title="bbox 1969 3021 3543 3091">
     <span class='ocr_line' id='line_1_117' title="bbox 1969 3021 3543 3091; baseline 0.004 -18"><span class='ocrx_word' id='word_1_773' title='bbox 1969 3025 2104 3091; x_wconf 76' lang='lat' dir='ltr'><strong>gula:</strong></span> <span class='ocrx_word' id='word_1_774' title='bbox 2131 3021 2435 3090; x_wconf 85' lang='lat' dir='ltr'><strong>provident,</strong></span> <span class='ocrx_word' id='word_1_775' title='bbox 2462 3033 2514 3075; x_wconf 89' lang='lat' dir='ltr'><strong>et</strong></span> <span class='ocrx_word' id='word_1_776' title='bbox 2542 3034 2661 3090; x_wconf 84' lang='lat' dir='ltr'><strong>post</strong></span> <span class='ocrx_word' id='word_1_777' title='bbox 2682 3024 2979 3080; x_wconf 79' lang='lat' dir='ltr'><strong>secundum</strong></span> <span class='ocrx_word' id='word_1_778' title='bbox 3012 3021 3313 3079; x_wconf 67' lang='lat' dir='ltr'><strong>Salvatoris</strong></span> <span class='ocrx_word' id='word_1_779' title='bbox 3343 3029 3543 3081; x_wconf 80' lang='lat' dir='ltr'><strong>adven-</strong></span> 
     </span>
    </p>
   </div>
   <div class='ocr_carea' id='block_1_116' title="bbox 1973 3095 3542 3160">
    <p class='ocr_par' dir='ltr' id='par_1_116' title="bbox 1973 3095 3542 3160">
     <span class='ocr_line' id='line_1_118' title="bbox 1973 3095 3542 3160; baseline 0.002 -15"><span class='ocrx_word' id='word_1_780' title='bbox 1973 3105 2082 3146; x_wconf 92' lang='lat' dir='ltr'><strong>tum</strong></span> <span class='ocrx_word' id='word_1_781' title='bbox 2118 3101 2338 3159; x_wconf 81' lang='lat' dir='ltr'><strong>sperant</strong></span> <span class='ocrx_word' id='word_1_782' title='bbox 2366 3095 2577 3159; x_wconf 86' lang='lat' dir='ltr'><strong>nuptias</strong></span> <span class='ocrx_word' id='word_1_783' title='bbox 2596 3135 2610 3156; x_wconf 89' lang='lat'><strong>,</strong></span> <span class='ocrx_word' id='word_1_784' title='bbox 2641 3102 2692 3145; x_wconf 89' lang='lat' dir='ltr'><strong>et</strong></span> <span class='ocrx_word' id='word_1_785' title='bbox 2724 3095 2977 3160; x_wconf 83' lang='lat' dir='ltr'><strong>parvulos</strong></span> <span class='ocrx_word' id='word_1_786' title='bbox 3004 3105 3222 3149; x_wconf 89' lang='lat' dir='ltr'><strong>centum</strong></span> <span class='ocrx_word' id='word_1_787' title='bbox 3248 3112 3542 3157; x_wconf 88' lang='lat' dir='ltr'><strong>annorum,</strong></span> 
     </span>
    </p>
   </div>
   <div class='ocr_carea' id='block_1_117' title="bbox 1970 3163 3545 3235">
    <p class='ocr_par' dir='ltr' id='par_1_117' title="bbox 1970 3163 3545 3235">
     <span class='ocr_line' id='line_1_119' title="bbox 1970 3163 3545 3235; baseline 0 -18"><span class='ocrx_word' id='word_1_788' title='bbox 1970 3174 2024 3218; x_wconf 85' lang='lat' dir='ltr'><strong>et</strong></span> <span class='ocrx_word' id='word_1_789' title='bbox 2061 3163 2493 3217; x_wconf 84' lang='lat' dir='ltr'><strong>circumcisionis</strong></span> <span class='ocrx_word' id='word_1_790' title='bbox 2531 3163 2782 3235; x_wconf 77' lang='lat' dir='ltr'><strong>injuriam</strong></span> <span class='ocrx_word' id='word_1_791' title='bbox 2805 3204 2824 3235; x_wconf 15' lang='grc' dir='ltr'><strong>,Α</strong></span> <span class='ocrx_word' id='word_1_792' title='bbox 2855 3173 2910 3235; x_wconf 80' lang='lat' dir='ltr'><strong>et</strong></span> <span class='ocrx_word' id='word_1_793' title='bbox 2950 3164 3290 3218; x_wconf 84' lang='lat' dir='ltr'><strong>victimarum</strong></span> <span class='ocrx_word' id='word_1_794' title='bbox 3324 3170 3545 3235; x_wconf 76' lang='lat' dir='ltr'><strong>sangui-</strong></span> 
     </span>
    </p>
   </div>
   <div class='ocr_carea' id='block_1_118' title="bbox 1971 3231 3543 3300">
    <p class='ocr_par' dir='ltr' id='par_1_118' title="bbox 1971 3231 3543 3300">
     <span class='ocr_line' id='line_1_120' title="bbox 1971 3231 3543 3300; baseline 0 -11"><span class='ocrx_word' id='word_1_795' title='bbox 1971 3248 2092 3289; x_wconf 88' lang='lat' dir='ltr'><strong>nem</strong></span> <span class='ocrx_word' id='word_1_796' title='bbox 2116 3276 2129 3298; x_wconf 93' lang='lat'><strong>,</strong></span> <span class='ocrx_word' id='word_1_797' title='bbox 2158 3243 2262 3285; x_wconf 91' lang='lat' dir='ltr'><strong>etc.</strong></span> <span class='ocrx_word' id='word_1_798' title='bbox 2285 3270 2301 3296; x_wconf 90' lang='lat'><strong>,</strong></span> <span class='ocrx_word' id='word_1_799' title='bbox 2334 3247 2454 3285; x_wconf 91' lang='lat' dir='ltr'><strong>cum</strong></span> <span class='ocrx_word' id='word_1_800' title='bbox 2503 3235 2691 3285; x_wconf 91' lang='lat' dir='ltr'><strong>urbem</strong></span> <span class='ocrx_word' id='word_1_801' title='bbox 2736 3231 2971 3300; x_wconf 84' lang='lat' dir='ltr'><strong>Spiritus</strong></span> <span class='ocrx_word' id='word_1_802' title='bbox 2999 3236 3173 3288; x_wconf 88' lang='lat' dir='ltr'><strong>sancti</strong></span> <span class='ocrx_word' id='word_1_803' title='bbox 3208 3238 3363 3289; x_wconf 82' lang='lat' dir='ltr'><strong>donis</strong></span> <span class='ocrx_word' id='word_1_804' title='bbox 3408 3231 3543 3291; x_wconf 68' lang='lat' dir='ltr'><strong>con-</strong></span> 
     </span>
    </p>
   </div>
   <div class='ocr_carea' id='block_1_119' title="bbox 1971 3303 3546 3373">
    <p class='ocr_par' dir='ltr' id='par_1_119' title="bbox 1971 3303 3546 3373">
     <span class='ocr_line' id='line_1_121' title="bbox 1971 3303 3546 3373; baseline 0.001 -15"><span class='ocrx_word' id='word_1_805' title='bbox 1971 3312 2269 3362; x_wconf 86' lang='lat' dir='ltr'><strong>structam,</strong></span> <span class='ocrx_word' id='word_1_806' title='bbox 2307 3310 2361 3354; x_wconf 82' lang='lat' dir='ltr'><strong>et.</strong></span> <span class='ocrx_word' id='word_1_807' title='bbox 2392 3303 2673 3373; x_wconf 58' lang='lat' dir='ltr'><strong>virtutum,</strong></span> <span class='ocrx_word' id='word_1_808' title='bbox 2709 3306 3044 3366; x_wconf 87' lang='lat' dir='ltr'><strong>meritorum,</strong></span> <span class='ocrx_word' id='word_1_809' title='bbox 3092 3307 3546 3373; x_wconf 79' lang='lat' dir='ltr'><strong>prtemiorttmqtto</strong></span> 
     </span>
    </p>
   </div>
   <div class='ocr_carea' id='block_1_120' title="bbox 1971 3372 3547 3443">
    <p class='ocr_par' dir='ltr' id='par_1_120' title="bbox 1971 3372 3547 3443">
     <span class='ocr_line' id='line_1_122' title="bbox 1971 3372 3547 3443; baseline 0.001 -14"><span class='ocrx_word' id='word_1_810' title='bbox 1971 3373 2349 3443; x_wconf 78' lang='lat' dir='ltr'><strong>Splenduribus</strong></span> <span class='ocrx_word' id='word_1_811' title='bbox 2390 3372 2698 3438; x_wconf 79' lang='lat' dir='ltr'><strong>lucentem,</strong></span> <span class='ocrx_word' id='word_1_812' title='bbox 2747 3373 2798 3425; x_wconf 91' lang='lat' dir='ltr'><strong>iu</strong></span> <span class='ocrx_word' id='word_1_813' title='bbox 2856 3374 3006 3428; x_wconf 72' lang='lat' dir='ltr'><strong>ctelis</strong></span> <span class='ocrx_word' id='word_1_814' title='bbox 3049 3389 3294 3442; x_wconf 58' lang='lat' dir='ltr'><strong>(patiere.</strong></span> <span class='ocrx_word' id='word_1_815' title='bbox 3330 3372 3547 3431; x_wconf 81' lang='lat' dir='ltr'><strong>debuis-</strong></span> 
     </span>
    </p>
   </div>
   <div class='ocr_carea' id='block_1_121' title="bbox 1970 3453 2107 3499">
    <p class='ocr_par' dir='ltr' id='par_1_121' title="bbox 1970 3453 2107 3499">
     <span class='ocr_line' id='line_1_123' title="bbox 1970 3453 2107 3499; baseline -0.022 0"><span class='ocrx_word' id='word_1_816' title='bbox 1970 3453 2107 3499; x_wconf 88' lang='lat' dir='ltr'><strong>scut.</strong></span> 
     </span>
    </p>
   </div>
   <div class='ocr_carea' id='block_1_122' title="bbox 2042 3511 3547 3581">
    <p class='ocr_par' dir='ltr' id='par_1_122' title="bbox 2042 3511 3547 3581">
     <span class='ocr_line' id='line_1_124' title="bbox 2042 3511 3547 3581; baseline 0.001 -12"><span class='ocrx_word' id='word_1_817' title='bbox 2042 3513 2209 3580; x_wconf 76' lang='lat' dir='ltr'><strong>Ecce,</strong></span> <span class='ocrx_word' id='word_1_818' title='bbox 2268 3529 2358 3581; x_wconf 80' lang='lat' dir='ltr'><strong>ego</strong></span> <span class='ocrx_word' id='word_1_819' title='bbox 2403 3511 2543 3579; x_wconf 74' lang='lat' dir='ltr'><strong>facio</strong></span> <span class='ocrx_word' id='word_1_820' title='bbox 2604 3513 2918 3569; x_wconf 78' lang='lat' dir='ltr'><strong>Jerusalem.</strong></span> <span class='ocrx_word' id='word_1_821' title='bbox 2963 3516 3173 3571; x_wconf 80' lang='lat' dir='ltr'><strong>Rursus</strong></span> <span class='ocrx_word' id='word_1_822' title='bbox 3220 3516 3433 3572; x_wconf 71' lang='lat' dir='ltr'><strong>Judteos</strong></span> <span class='ocrx_word' id='word_1_823' title='bbox 3490 3527 3547 3571; x_wconf 81' lang='lat' dir='ltr'><strong>et</strong></span> 
     </span>
    </p>
   </div>
   <div class='ocr_carea' id='block_1_123' title="bbox 1973 3584 3547 3655">
    <p class='ocr_par' dir='ltr' id='par_1_123' title="bbox 1973 3584 3547 3655">
     <span class='ocr_line' id='line_1_125' title="bbox 1973 3584 3547 3655; baseline 0.002 -18"><span class='ocrx_word' id='word_1_824' title='bbox 1973 3586 2122 3654; x_wconf 75' lang='lat' dir='ltr'><strong>regni</strong></span> <span class='ocrx_word' id='word_1_825' title='bbox 2167 3585 2368 3638; x_wconf 82' lang='lat' dir='ltr'><strong>terreni</strong></span> <span class='ocrx_word' id='word_1_826' title='bbox 2405 3584 2549 3636; x_wconf 88' lang='lat' dir='ltr'><strong>mille</strong></span> <span class='ocrx_word' id='word_1_827' title='bbox 2589 3600 2854 3638; x_wconf 87' lang='lat' dir='ltr'><strong>annorum</strong></span> <span class='ocrx_word' id='word_1_828' title='bbox 2903 3589 3294 3655; x_wconf 85' lang='lat' dir='ltr'><strong>approbatores</strong></span> <span class='ocrx_word' id='word_1_829' title='bbox 3333 3588 3547 3640; x_wconf 81' lang='lat' dir='ltr'><strong>vellicat</strong></span> 
     </span>
    </p>
   </div>
   <div class='ocr_carea' id='block_1_124' title="bbox 1974 3655 3549 3729">
    <p class='ocr_par' dir='ltr' id='par_1_124' title="bbox 1974 3655 3549 3729">
     <span class='ocr_line' id='line_1_126' title="bbox 1974 3655 3549 3729; baseline 0.002 -20"><span class='ocrx_word' id='word_1_830' title='bbox 1974 3655 2364 3725; x_wconf 77' lang='lat' dir='ltr'><strong>Hieronymus,</strong></span> <span class='ocrx_word' id='word_1_831' title='bbox 2405 3655 2625 3729; x_wconf 81' lang='lat' dir='ltr'><strong>vultque</strong></span> <span class='ocrx_word' id='word_1_832' title='bbox 2672 3657 2736 3707; x_wconf 88' lang='lat' dir='ltr'><strong>de</strong></span> <span class='ocrx_word' id='word_1_833' title='bbox 2775 3658 2983 3729; x_wconf 63' lang='lat' dir='ltr'><strong>caelesti</strong></span> <span class='ocrx_word' id='word_1_834' title='bbox 3031 3656 3330 3710; x_wconf 82' lang='lat' dir='ltr'><strong>Jerusalem</strong></span> <span class='ocrx_word' id='word_1_835' title='bbox 3355 3697 3381 3729; x_wconf 18' lang='grc' dir='ltr'><strong>,Α</strong></span> <span class='ocrx_word' id='word_1_836' title='bbox 3424 3673 3549 3729; x_wconf 66' lang='lat' dir='ltr'><strong>quin</strong></span> 
     </span>
    </p>
   </div>
   <div class='ocr_carea' id='block_1_125' title="bbox 1926 3726 3545 3799">
    <p class='ocr_par' dir='ltr' id='par_1_125' title="bbox 1926 3726 3545 3799">
     <span class='ocr_line' id='line_1_127' title="bbox 1926 3726 3545 3799; baseline 0.002 -25"><span class='ocrx_word' id='word_1_837' title='bbox 1926 3742 2184 3799; x_wconf 31' lang='lat' dir='ltr'><strong>hsttrstttn</strong></span> <span class='ocrx_word' id='word_1_838' title='bbox 2224 3735 2343 3783; x_wconf 78' lang='lat' dir='ltr'><strong>est,</strong></span> <span class='ocrx_word' id='word_1_839' title='bbox 2380 3733 2432 3775; x_wconf 84' lang='lat' dir='ltr'><strong>et</strong></span> <span class='ocrx_word' id='word_1_840' title='bbox 2482 3726 2646 3799; x_wconf 71' lang='lat' dir='ltr'><strong>Variis</strong></span> <span class='ocrx_word' id='word_1_841' title='bbox 2699 3728 3071 3799; x_wconf 67' lang='lat' dir='ltr'><strong>tttztttsitittilitts</strong></span> <span class='ocrx_word' id='word_1_842' title='bbox 3128 3743 3224 3793; x_wconf 85' lang='lat' dir='ltr'><strong>pro</strong></span> <span class='ocrx_word' id='word_1_843' title='bbox 3273 3726 3545 3799; x_wconf 56' lang='lat' dir='ltr'><strong>rariorum</strong></span> 
     </span>
    </p>
   </div>
   <div class='ocr_carea' id='block_1_126' title="bbox 1976 3795 3545 3861">
    <p class='ocr_par' dir='ltr' id='par_1_126' title="bbox 1976 3795 3545 3861">
     <span class='ocr_line' id='line_1_128' title="bbox 1976 3795 3545 3861; baseline 0.001 -14"><span class='ocrx_word' id='word_1_844' title='bbox 1976 3796 2215 3847; x_wconf 82' lang='lat' dir='ltr'><strong>laborum</strong></span> <span class='ocrx_word' id='word_1_845' title='bbox 2246 3796 2684 3859; x_wconf 82' lang='lat' dir='ltr'><strong>t-Ompensatioue</strong></span> <span class='ocrx_word' id='word_1_846' title='bbox 2710 3834 2723 3856; x_wconf 92' lang='lat'><strong>,</strong></span> <span class='ocrx_word' id='word_1_847' title='bbox 2755 3801 2893 3861; x_wconf 81' lang='lat' dir='ltr'><strong>apud</strong></span> <span class='ocrx_word' id='word_1_848' title='bbox 2931 3796 3146 3847; x_wconf 82' lang='lat' dir='ltr'><strong>Patrem</strong></span> <span class='ocrx_word' id='word_1_849' title='bbox 3176 3795 3419 3848; x_wconf 87' lang='lat' dir='ltr'><strong>divinum</strong></span> <span class='ocrx_word' id='word_1_850' title='bbox 3457 3812 3545 3849; x_wconf 32' lang='lat' dir='ltr'><strong>res</strong></span> 
     </span>
    </p>
   </div>
   <div class='ocr_carea' id='block_1_127' title="bbox 1975 3862 2568 3931">
    <p class='ocr_par' dir='ltr' id='par_1_127' title="bbox 1975 3862 2568 3931">
     <span class='ocr_line' id='line_1_129' title="bbox 1975 3862 2568 3931; baseline -0.003 -16"><span class='ocrx_word' id='word_1_851' title='bbox 1975 3864 2145 3931; x_wconf 72' lang='lat' dir='ltr'><strong>pOsita</strong></span> <span class='ocrx_word' id='word_1_852' title='bbox 2180 3864 2291 3916; x_wconf 78' lang='lat' dir='ltr'><strong>lucc</strong></span> <span class='ocrx_word' id='word_1_853' title='bbox 2325 3862 2568 3930; x_wconf 77' lang='lat' dir='ltr'><strong>intelligi.</strong></span> 
     </span>
    </p>
   </div>
   <div class='ocr_carea' id='block_1_128' title="bbox 2045 3932 3547 4003">
    <p class='ocr_par' dir='ltr' id='par_1_128' title="bbox 2045 3932 3547 4003">
     <span class='ocr_line' id='line_1_130' title="bbox 2045 3932 3547 4003; baseline 0.003 -20"><span class='ocrx_word' id='word_1_854' title='bbox 2045 3932 2161 3983; x_wconf 79' lang='lat' dir='ltr'><strong>Erit</strong></span> <span class='ocrx_word' id='word_1_855' title='bbox 2192 3934 2262 3984; x_wconf 85' lang='lat' dir='ltr'><strong>ibi</strong></span> <span class='ocrx_word' id='word_1_856' title='bbox 2287 3933 2495 3999; x_wconf 76' lang='lat' dir='ltr'><strong>juvenis</strong></span> <span class='ocrx_word' id='word_1_857' title='bbox 2534 3949 2790 3985; x_wconf 80' lang='lat' dir='ltr'><strong>annorum</strong></span> <span class='ocrx_word' id='word_1_858' title='bbox 2823 3943 3049 3988; x_wconf 85' lang='lat' dir='ltr'><strong>centum.</strong></span> <span class='ocrx_word' id='word_1_859' title='bbox 3087 3935 3257 3999; x_wconf 85' lang='lat' dir='ltr'><strong>llier.,</strong></span> <span class='ocrx_word' id='word_1_860' title='bbox 3281 3937 3547 4003; x_wconf 73' lang='lat' dir='ltr'><strong>promtnio</strong></span> 
     </span>
    </p>
   </div>
   <div class='ocr_carea' id='block_1_129' title="bbox 1974 4003 3546 4070">
    <p class='ocr_par' dir='ltr' id='par_1_129' title="bbox 1974 4003 3546 4070">
     <span class='ocr_line' id='line_1_131' title="bbox 1974 4003 3546 4070; baseline 0.001 -14"><span class='ocrx_word' id='word_1_861' title='bbox 1974 4003 2177 4056; x_wconf 85' lang='lat' dir='ltr'><strong>Comm.</strong></span> <span class='ocrx_word' id='word_1_862' title='bbox 2232 4003 2284 4054; x_wconf 92' lang='lat' dir='ltr'><strong>in</strong></span> <span class='ocrx_word' id='word_1_863' title='bbox 2349 4016 2479 4054; x_wconf 79' lang='lat' dir='ltr'><strong>.\\&#39;Itl</strong></span> <span class='ocrx_word' id='word_1_864' title='bbox 2528 4018 2650 4070; x_wconf 89' lang='lat' dir='ltr'><strong>cap.</strong></span> <span class='ocrx_word' id='word_1_865' title='bbox 2706 4003 2895 4066; x_wconf 74' lang='lat' dir='ltr'><strong>lsaite.</strong></span> <span class='ocrx_word' id='word_1_866' title='bbox 2947 4007 3089 4058; x_wconf 89' lang='lat' dir='ltr'><strong>hunc</strong></span> <span class='ocrx_word' id='word_1_867' title='bbox 3134 4005 3316 4063; x_wconf 67' lang='lat' dir='ltr'><strong>ircuzei</strong></span> <span class='ocrx_word' id='word_1_868' title='bbox 3372 4007 3546 4058; x_wconf 89' lang='lat' dir='ltr'><strong>locum</strong></span> 
     </span>
    </p>
   </div>
   <div class='ocr_carea' id='block_1_130' title="bbox 1974 4072 3548 4144">
    <p class='ocr_par' dir='ltr' id='par_1_130' title="bbox 1974 4072 3548 4144">
     <span class='ocr_line' id='line_1_132' title="bbox 1974 4072 3548 4144; baseline 0.004 -22"><span class='ocrx_word' id='word_1_869' title='bbox 1974 4072 2355 4144; x_wconf 79' lang='lat' dir='ltr'><strong>subiudicans,</strong></span> <span class='ocrx_word' id='word_1_870' title='bbox 2394 4086 2514 4144; x_wconf 88' lang='lat' dir='ltr'><strong>eum</strong></span> <span class='ocrx_word' id='word_1_871' title='bbox 2576 4072 2741 4125; x_wconf 80' lang='lat' dir='ltr'><strong>refert</strong></span> <span class='ocrx_word' id='word_1_872' title='bbox 2804 4076 3114 4144; x_wconf 73' lang='lat' dir='ltr'><strong>Dionysium</strong></span> <span class='ocrx_word' id='word_1_873' title='bbox 3162 4078 3548 4130; x_wconf 65' lang='lat' dir='ltr'><strong>Alexandrina!</strong></span> 
     </span>
    </p>
   </div>
   <div class='ocr_carea' id='block_1_131' title="bbox 1977 4142 3547 4213">
    <p class='ocr_par' dir='ltr' id='par_1_131' title="bbox 1977 4142 3547 4213">
     <span class='ocr_line' id='line_1_133' title="bbox 1977 4142 3547 4213; baseline 0.004 -19"><span class='ocrx_word' id='word_1_874' title='bbox 1977 4142 2232 4213; x_wconf 80' lang='lat' dir='ltr'><strong>Ecclesiae.</strong></span> <span class='ocrx_word' id='word_1_875' title='bbox 2269 4142 2608 4209; x_wconf 90' lang='lat' dir='ltr'><strong>poutiticem,</strong></span> <span class='ocrx_word' id='word_1_876' title='bbox 2646 4144 2820 4197; x_wconf 89' lang='lat' dir='ltr'><strong>virum</strong></span> <span class='ocrx_word' id='word_1_877' title='bbox 2859 4142 3402 4213; x_wconf 84' lang='lat' dir='ltr'><strong>eloquentissimum,</strong></span> <span class='ocrx_word' id='word_1_878' title='bbox 3434 4149 3547 4201; x_wconf 82' lang='lat' dir='ltr'><strong>ele-</strong></span> 
     </span>
    </p>
   </div>
   <div class='ocr_carea' id='block_1_132' title="bbox 1975 4211 3549 4287">
    <p class='ocr_par' dir='ltr' id='par_1_132' title="bbox 1975 4211 3549 4287">
     <span class='ocr_line' id='line_1_134' title="bbox 1975 4211 3549 4287; baseline 0.004 -24"><span class='ocrx_word' id='word_1_879' title='bbox 1975 4212 2120 4287; x_wconf 39' lang='lat' dir='ltr'><strong>gau‘ti</strong></span> <span class='ocrx_word' id='word_1_880' title='bbox 2155 4211 2295 4287; x_wconf 80' lang='lat' dir='ltr'><strong>libro</strong></span> <span class='ocrx_word' id='word_1_881' title='bbox 2326 4214 2705 4287; x_wconf 80' lang='lat' dir='ltr'><strong>impngnasse,</strong></span> <span class='ocrx_word' id='word_1_882' title='bbox 2736 4211 3140 4283; x_wconf 52' lang='lat' dir='ltr'><strong>insupefmiile</strong></span> <span class='ocrx_word' id='word_1_883' title='bbox 3176 4231 3439 4269; x_wconf 89' lang='lat' dir='ltr'><strong>annorum</strong></span> <span class='ocrx_word' id='word_1_884' title='bbox 3470 4215 3549 4269; x_wconf 85' lang='lat' dir='ltr'><strong>fa-</strong></span> 
     </span>
    </p>
   </div>
   <div class='ocr_carea' id='block_1_133' title="bbox 1977 4282 3545 4356">
    <p class='ocr_par' dir='ltr' id='par_1_133' title="bbox 1977 4282 3545 4356">
     <span class='ocr_line' id='line_1_135' title="bbox 1977 4282 3545 4356; baseline 0.003 -22"><span class='ocrx_word' id='word_1_885' title='bbox 1977 4282 2151 4356; x_wconf 76' lang='lat' dir='ltr'><strong>bulam</strong></span> <span class='ocrx_word' id='word_1_886' title='bbox 2179 4282 2439 4356; x_wconf 67' lang='lat' dir='ltr'><strong>_irrisisse</strong></span> <span class='ocrx_word' id='word_1_887' title='bbox 2467 4322 2480 4345; x_wconf 93' lang='lat'><strong>,</strong></span> <span class='ocrx_word' id='word_1_888' title='bbox 2519 4292 2573 4356; x_wconf 84' lang='lat' dir='ltr'><strong>et</strong></span> <span class='ocrx_word' id='word_1_889' title='bbox 2621 4282 2869 4338; x_wconf 85' lang='lat' dir='ltr'><strong>auream</strong></span> <span class='ocrx_word' id='word_1_890' title='bbox 2896 4297 3058 4354; x_wconf 87' lang='lat' dir='ltr'><strong>atque</strong></span> <span class='ocrx_word' id='word_1_891' title='bbox 3106 4298 3431 4356; x_wconf 77' lang='lat' dir='ltr'><strong>gemmatam</strong></span> <span class='ocrx_word' id='word_1_892' title='bbox 3492 4289 3545 4339; x_wconf 91' lang='lat' dir='ltr'><strong>in</strong></span> 
     </span>
    </p>
   </div>
   <div class='ocr_carea' id='block_1_134' title="bbox 1976 4351 3546 4425">
    <p class='ocr_par' dir='ltr' id='par_1_134' title="bbox 1976 4351 3546 4425">
     <span class='ocr_line' id='line_1_136' title="bbox 1976 4351 3546 4425; baseline 0.003 -20"><span class='ocrx_word' id='word_1_893' title='bbox 1976 4351 2489 4425; x_wconf 2' lang='lat' dir='ltr'><strong>terriquerusalem,</strong></span> <span class='ocrx_word' id='word_1_894' title='bbox 2522 4351 2985 4425; x_wconf 73' lang='lat' dir='ltr'><strong>instaurationem</strong></span> <span class='ocrx_word' id='word_1_895' title='bbox 3007 4351 3211 4425; x_wconf 73' lang='lat' dir='ltr'><strong>templi,</strong></span> <span class='ocrx_word' id='word_1_896' title='bbox 3248 4357 3546 4410; x_wconf 73' lang='lat' dir='ltr'><strong>hostiarum</strong></span> 
     </span>
    </p>
   </div>
   <div class='ocr_carea' id='block_1_135' title="bbox 1977 4422 3548 4493">
    <p class='ocr_par' dir='ltr' id='par_1_135' title="bbox 1977 4422 3548 4493">
     <span class='ocr_line' id='line_1_137' title="bbox 1977 4422 3548 4493; baseline 0.001 -16"><span class='ocrx_word' id='word_1_897' title='bbox 1977 4424 2317 4491; x_wconf 81' lang='lat' dir='ltr'><strong>sanguinem,</strong></span> <span class='ocrx_word' id='word_1_898' title='bbox 2341 4424 2509 4475; x_wconf 91' lang='lat' dir='ltr'><strong>otium</strong></span> <span class='ocrx_word' id='word_1_899' title='bbox 2538 4422 2784 4482; x_wconf 84' lang='lat' dir='ltr'><strong>Sabbati.</strong></span> <span class='ocrx_word' id='word_1_900' title='bbox 2810 4422 3247 4483; x_wconf 35' lang='lat' dir='ltr'><strong>circumcisi-onis</strong></span> <span class='ocrx_word' id='word_1_901' title='bbox 3272 4426 3548 4493; x_wconf 85' lang='lat' dir='ltr'><strong>injurtatn,</strong></span> 
     </span>
    </p>
   </div>
   <div class='ocr_carea' id='block_1_136' title="bbox 1906 4493 3555 4578">
    <p class='ocr_par' dir='ltr' id='par_1_136' title="bbox 1906 4493 3555 4578">
     <span class='ocr_line' id='line_1_138' title="bbox 1906 4493 3555 4578; baseline 0.004 -32"><span class='ocrx_word' id='word_1_902' title='bbox 1906 4520 1949 4578; x_wconf 74' lang='grc' dir='ltr'>υ</span> <span class='ocrx_word' id='word_1_903' title='bbox 1980 4494 2216 4578; x_wconf 74' lang='lat' dir='ltr'><strong>nuptias,</strong></span> <span class='ocrx_word' id='word_1_904' title='bbox 2247 4502 2453 4578; x_wconf 76' lang='lat' dir='ltr'><strong>partus,</strong></span> <span class='ocrx_word' id='word_1_905' title='bbox 2490 4493 2781 4575; x_wconf 82' lang='lat' dir='ltr'><strong>liberorum</strong></span> <span class='ocrx_word' id='word_1_906' title='bbox 2818 4498 3194 4578; x_wconf 71' lang='lat' dir='ltr'><strong>educationem</strong></span> <span class='ocrx_word' id='word_1_907' title='bbox 3218 4540 3231 4562; x_wconf 92' lang='lat'><strong>,</strong></span> <span class='ocrx_word' id='word_1_908' title='bbox 3268 4497 3555 4565; x_wconf 80' lang='lat' dir='ltr'><strong>epularum,</strong></span> 
     </span>
    </p>
   </div>
   <div class='ocr_carea' id='block_1_137' title="bbox 1979 4563 3553 4635">
    <p class='ocr_par' dir='ltr' id='par_1_137' title="bbox 1979 4563 3553 4635">
     <span class='ocr_line' id='line_1_139' title="bbox 1979 4563 3553 4635; baseline -0.003 -18"><span class='ocrx_word' id='word_1_909' title='bbox 1979 4563 2223 4625; x_wconf 90' lang='lat' dir='ltr'><strong>delicias,</strong></span> <span class='ocrx_word' id='word_1_910' title='bbox 2255 4573 2572 4635; x_wconf 86' lang='lat' dir='ltr'><strong>cunctarum</strong></span> <span class='ocrx_word' id='word_1_911' title='bbox 2604 4566 2841 4633; x_wconf 71' lang='lat' dir='ltr'><strong>gentium</strong></span> <span class='ocrx_word' id='word_1_912' title='bbox 2874 4567 3223 4630; x_wconf 75' lang='lat' dir='ltr'><strong>servitutem,</strong></span> <span class='ocrx_word' id='word_1_913' title='bbox 3254 4563 3553 4635; x_wconf 72' lang='lat' dir='ltr'><strong>rursusque</strong></span> 
     </span>
    </p>
   </div>
   <div class='ocr_carea' id='block_1_138' title="bbox 1979 4634 3547 4705">
    <p class='ocr_par' dir='ltr' id='par_1_138' title="bbox 1979 4634 3547 4705">
     <span class='ocr_line' id='line_1_140' title="bbox 1979 4634 3547 4705; baseline -0.001 -17"><span class='ocrx_word' id='word_1_914' title='bbox 1979 4635 2156 4696; x_wconf 87' lang='lat' dir='ltr'><strong>bella,</strong></span> <span class='ocrx_word' id='word_1_915' title='bbox 2206 4634 2479 4687; x_wconf 80' lang='lat' dir='ltr'><strong>exercitus</strong></span> <span class='ocrx_word' id='word_1_916' title='bbox 2532 4649 2597 4686; x_wconf 88' lang='lat' dir='ltr'><strong>ac</strong></span> <span class='ocrx_word' id='word_1_917' title='bbox 2656 4636 2994 4701; x_wconf 67' lang='lat' dir='ltr'><strong>triumphos,</strong></span> <span class='ocrx_word' id='word_1_918' title='bbox 3054 4648 3108 4689; x_wconf 89' lang='lat' dir='ltr'><strong>et</strong></span> <span class='ocrx_word' id='word_1_919' title='bbox 3168 4634 3547 4705; x_wconf 82' lang='lat' dir='ltr'><strong>superatorum</strong></span> 
     </span>
    </p>
   </div>
   <div class='ocr_carea' id='block_1_139' title="bbox 1978 4707 3554 4774">
    <p class='ocr_par' dir='ltr' id='par_1_139' title="bbox 1978 4707 3554 4774">
     <span class='ocr_line' id='line_1_141' title="bbox 1978 4707 3554 4774; baseline 0.001 -15"><span class='ocrx_word' id='word_1_920' title='bbox 1978 4720 2173 4767; x_wconf 89' lang='lat' dir='ltr'><strong>ncces,</strong></span> <span class='ocrx_word' id='word_1_921' title='bbox 2212 4714 2547 4771; x_wconf 89' lang='lat' dir='ltr'><strong>mortemque</strong></span> <span class='ocrx_word' id='word_1_922' title='bbox 2596 4707 2896 4758; x_wconf 87' lang='lat' dir='ltr'><strong>centenarii</strong></span> <span class='ocrx_word' id='word_1_923' title='bbox 2950 4710 3272 4773; x_wconf 84' lang='lat' dir='ltr'><strong>peccatoris.</strong></span> <span class='ocrx_word' id='word_1_924' title='bbox 3316 4707 3554 4774; x_wconf 70' lang='lat' dir='ltr'><strong>Snbjicit</strong></span> 
     </span>
    </p>
   </div>
   <div class='ocr_carea' id='block_1_140' title="bbox 1980 4773 3561 4843">
    <p class='ocr_par' dir='ltr' id='par_1_140' title="bbox 1980 4773 3561 4843">
     <span class='ocr_line' id='line_1_142' title="bbox 1980 4773 3561 4843; baseline 0.001 -14"><span class='ocrx_word' id='word_1_925' title='bbox 1980 4776 2117 4829; x_wconf 88' lang='lat' dir='ltr'><strong>idem</strong></span> <span class='ocrx_word' id='word_1_926' title='bbox 2173 4773 2393 4831; x_wconf 84' lang='lat' dir='ltr'><strong>Hieron.</strong></span> <span class='ocrx_word' id='word_1_927' title='bbox 2444 4774 2835 4843; x_wconf 83' lang='lat' dir='ltr'><strong>Apollinarium</strong></span> <span class='ocrx_word' id='word_1_928' title='bbox 2906 4778 3115 4829; x_wconf 87' lang='lat' dir='ltr'><strong>duobus</strong></span> <span class='ocrx_word' id='word_1_929' title='bbox 3185 4773 3561 4831; x_wconf 78' lang='lat' dir='ltr'><strong>voluminibus.</strong></span> 
     </span>
    </p>
   </div>
   <div class='ocr_carea' id='block_1_141' title="bbox 1981 4847 3548 4916">
    <p class='ocr_par' dir='ltr' id='par_1_141' title="bbox 1981 4847 3548 4916">
     <span class='ocr_line' id='line_1_143' title="bbox 1981 4847 3548 4916; baseline 0.001 -18"><span class='ocrx_word' id='word_1_930' title='bbox 1981 4847 2235 4915; x_wconf 79' lang='lat' dir='ltr'><strong>Dionysio</strong></span> <span class='ocrx_word' id='word_1_931' title='bbox 2261 4849 2604 4912; x_wconf 71' lang='lat' dir='ltr'><strong>respondisse</strong></span> <span class='ocrx_word' id='word_1_932' title='bbox 2631 4861 2727 4912; x_wconf 89' lang='lat' dir='ltr'><strong>pro</strong></span> <span class='ocrx_word' id='word_1_933' title='bbox 2758 4847 2961 4900; x_wconf 77' lang='lat' dir='ltr'><strong>lrenteo</strong></span> <span class='ocrx_word' id='word_1_934' title='bbox 2995 4848 3219 4916; x_wconf 76' lang='lat' dir='ltr'><strong>ejusque</strong></span> <span class='ocrx_word' id='word_1_935' title='bbox 3257 4848 3510 4913; x_wconf 87' lang='lat' dir='ltr'><strong>opinione</strong></span> <span class='ocrx_word' id='word_1_936' title='bbox 3534 4887 3548 4907; x_wconf 88' lang='lat'><em>.</em></span> 
     </span>
    </p>
   </div>
   <div class='ocr_carea' id='block_1_142' title="bbox 1980 4916 3553 4985">
    <p class='ocr_par' dir='ltr' id='par_1_142' title="bbox 1980 4916 3553 4985">
     <span class='ocr_line' id='line_1_144' title="bbox 1980 4916 3553 4985; baseline 0.001 -18"><span class='ocrx_word' id='word_1_937' title='bbox 1980 4928 2141 4985; x_wconf 88' lang='lat' dir='ltr'><strong>atque</strong></span> <span class='ocrx_word' id='word_1_938' title='bbox 2165 4931 2287 4967; x_wconf 90' lang='lat' dir='ltr'><strong>cum</strong></span> <span class='ocrx_word' id='word_1_939' title='bbox 2324 4926 2550 4983; x_wconf 86' lang='lat' dir='ltr'><strong>utroque</strong></span> <span class='ocrx_word' id='word_1_940' title='bbox 2582 4916 2633 4967; x_wconf 86' lang='lat' dir='ltr'><strong>in</strong></span> <span class='ocrx_word' id='word_1_941' title='bbox 2676 4918 2777 4970; x_wconf 85' lang='lat' dir='ltr'><strong>hac</strong></span> <span class='ocrx_word' id='word_1_942' title='bbox 2809 4929 2960 4982; x_wconf 82' lang='lat' dir='ltr'><strong>parte</strong></span> <span class='ocrx_word' id='word_1_943' title='bbox 3006 4920 3292 4984; x_wconf 88' lang='lat' dir='ltr'><strong>plurimam</strong></span> <span class='ocrx_word' id='word_1_944' title='bbox 3324 4918 3553 4969; x_wconf 86' lang='lat' dir='ltr'><strong>catholi-</strong></span> 
     </span>
    </p>
   </div>
   <div class='ocr_carea' id='block_1_143' title="bbox 1980 4986 3555 5053">
    <p class='ocr_par' dir='ltr' id='par_1_143' title="bbox 1980 4986 3555 5053">
     <span class='ocr_line' id='line_1_145' title="bbox 1980 4986 3555 5053; baseline 0.003 -14"><span class='ocrx_word' id='word_1_945' title='bbox 1980 5002 2167 5043; x_wconf 88' lang='lat' dir='ltr'><strong>corum</strong></span> <span class='ocrx_word' id='word_1_946' title='bbox 2223 4986 2624 5039; x_wconf 87' lang='lat' dir='ltr'><strong>multitudinem</strong></span> <span class='ocrx_word' id='word_1_947' title='bbox 2680 4989 2938 5040; x_wconf 83' lang='lat' dir='ltr'><strong>sensisse.</strong></span> <span class='ocrx_word' id='word_1_948' title='bbox 2978 4988 3309 5053; x_wconf 80' lang='lat' dir='ltr'><strong>Augustinus</strong></span> <span class='ocrx_word' id='word_1_949' title='bbox 3360 4986 3453 5040; x_wconf 92' lang='lat' dir='ltr'><strong>lib.</strong></span> <span class='ocrx_word' id='word_1_950' title='bbox 3483 5002 3555 5043; x_wconf 73' lang='lat' dir='ltr'><strong>xx</strong></span> 
     </span>
    </p>
   </div>
   <div class='ocr_carea' id='block_1_144' title="bbox 1981 5056 3554 5125">
    <p class='ocr_par' dir='ltr' id='par_1_144' title="bbox 1981 5056 3554 5125">
     <span class='ocr_line' id='line_1_146' title="bbox 1981 5056 3554 5125; baseline 0.001 -17"><span class='ocrx_word' id='word_1_951' title='bbox 1981 5057 2057 5109; x_wconf 81' lang='lat' dir='ltr'><strong>De</strong></span> <span class='ocrx_word' id='word_1_952' title='bbox 2096 5058 2236 5110; x_wconf 80' lang='lat' dir='ltr'><strong>civit.</strong></span> <span class='ocrx_word' id='word_1_953' title='bbox 2278 5056 2408 5119; x_wconf 81' lang='lat' dir='ltr'><strong>Dei,</strong></span> <span class='ocrx_word' id='word_1_954' title='bbox 2444 5071 2561 5123; x_wconf 87' lang='lat' dir='ltr'><strong>cap.</strong></span> <span class='ocrx_word' id='word_1_955' title='bbox 2596 5057 2649 5119; x_wconf 87' lang='lat'><strong>7,</strong></span> <span class='ocrx_word' id='word_1_956' title='bbox 2675 5060 2918 5113; x_wconf 85' lang='lat' dir='ltr'><strong>eamdem</strong></span> <span class='ocrx_word' id='word_1_957' title='bbox 2967 5060 3274 5125; x_wconf 87' lang='lat' dir='ltr'><strong>opinionem</strong></span> <span class='ocrx_word' id='word_1_958' title='bbox 3301 5057 3429 5109; x_wconf 82' lang='lat' dir='ltr'><strong>dicit</strong></span> <span class='ocrx_word' id='word_1_959' title='bbox 3477 5072 3554 5109; x_wconf 91' lang='lat' dir='ltr'><strong>ut-</strong></span> 
     </span>
    </p>
   </div>
   <div class='ocr_carea' id='block_1_145' title="bbox 1980 5126 3553 5197">
    <p class='ocr_par' dir='ltr' id='par_1_145' title="bbox 1980 5126 3553 5197">
     <span class='ocr_line' id='line_1_147' title="bbox 1980 5126 3553 5197; baseline 0.003 -21"><span class='ocrx_word' id='word_1_960' title='bbox 1980 5142 2190 5197; x_wconf 83' lang='lat' dir='ltr'><strong>cunque</strong></span> <span class='ocrx_word' id='word_1_961' title='bbox 2223 5126 2556 5180; x_wconf 86' lang='lat' dir='ltr'><strong>tolerabilem</strong></span> <span class='ocrx_word' id='word_1_962' title='bbox 2580 5142 2719 5193; x_wconf 86' lang='lat' dir='ltr'><strong>esse,</strong></span> <span class='ocrx_word' id='word_1_963' title='bbox 2756 5128 2798 5179; x_wconf 90' lang='lat' dir='ltr'><strong>si</strong></span> <span class='ocrx_word' id='word_1_964' title='bbox 2826 5126 3031 5181; x_wconf 78' lang='lat' dir='ltr'><strong>delicia:</strong></span> <span class='ocrx_word' id='word_1_965' title='bbox 3060 5129 3255 5197; x_wconf 74' lang='lat' dir='ltr'><strong>aliqua:</strong></span> <span class='ocrx_word' id='word_1_966' title='bbox 3282 5127 3553 5194; x_wconf 84' lang='lat' dir='ltr'><strong>spiritales</strong></span> 
     </span>
    </p>
   </div>
   <div class='ocr_carea' id='block_1_146' title="bbox 1982 5196 3552 5266">
    <p class='ocr_par' dir='ltr' id='par_1_146' title="bbox 1982 5196 3552 5266">
     <span class='ocr_line' id='line_1_148' title="bbox 1982 5196 3552 5266; baseline 0.001 -17"><span class='ocrx_word' id='word_1_967' title='bbox 1982 5196 2033 5249; x_wconf 89' lang='lat' dir='ltr'><strong>iu</strong></span> <span class='ocrx_word' id='word_1_968' title='bbox 2064 5198 2153 5253; x_wconf 84' lang='lat' dir='ltr'><strong>illo</strong></span> <span class='ocrx_word' id='word_1_969' title='bbox 2180 5198 2407 5251; x_wconf 86' lang='lat' dir='ltr'><strong>sabbato</strong></span> <span class='ocrx_word' id='word_1_970' title='bbox 2444 5197 2589 5251; x_wconf 85' lang='lat' dir='ltr'><strong>mtile</strong></span> <span class='ocrx_word' id='word_1_971' title='bbox 2623 5214 2885 5250; x_wconf 79' lang='lat' dir='ltr'><strong>annorum</strong></span> <span class='ocrx_word' id='word_1_972' title='bbox 2930 5213 3026 5265; x_wconf 89' lang='lat' dir='ltr'><strong>per</strong></span> <span class='ocrx_word' id='word_1_973' title='bbox 3057 5196 3262 5251; x_wconf 85' lang='lat' dir='ltr'><strong>Domini</strong></span> <span class='ocrx_word' id='word_1_974' title='bbox 3313 5213 3552 5266; x_wconf 75' lang='lat' dir='ltr'><strong>prtesen-</strong></span> 
     </span>
    </p>
   </div>
   <div class='ocr_carea' id='block_1_147' title="bbox 1983 5268 3550 5337">
    <p class='ocr_par' dir='ltr' id='par_1_147' title="bbox 1983 5268 3550 5337">
     <span class='ocr_line' id='line_1_149' title="bbox 1983 5268 3550 5337; baseline 0.001 -20"><span class='ocrx_word' id='word_1_975' title='bbox 1983 5268 2108 5318; x_wconf 80' lang='lat' dir='ltr'><strong>tiam</strong></span> <span class='ocrx_word' id='word_1_976' title='bbox 2133 5269 2380 5325; x_wconf 76' lang='lat' dir='ltr'><strong>allatura:</strong></span> <span class='ocrx_word' id='word_1_977' title='bbox 2410 5270 2740 5333; x_wconf 85' lang='lat' dir='ltr'><strong>credantur;</strong></span> <span class='ocrx_word' id='word_1_978' title='bbox 2781 5283 2946 5335; x_wconf 88' lang='lat' dir='ltr'><strong>seque</strong></span> <span class='ocrx_word' id='word_1_979' title='bbox 2979 5268 3079 5322; x_wconf 93' lang='lat' dir='ltr'><strong>hoc</strong></span> <span class='ocrx_word' id='word_1_980' title='bbox 3115 5269 3405 5335; x_wconf 77' lang='lat' dir='ltr'><strong>abquando</strong></span> <span class='ocrx_word' id='word_1_981' title='bbox 3433 5270 3550 5337; x_wconf 84' lang='lat' dir='ltr'><strong>Opi-</strong></span> 
     </span>
    </p>
   </div>
   <div class='ocr_carea' id='block_1_148' title="bbox 1982 5353 3275 5390">
    <p class='ocr_par' dir='ltr' id='par_1_148' title="bbox 1982 5353 3275 5390">
     <span class='ocr_line' id='line_1_150' title="bbox 1982 5353 3275 5390; baseline 0.013 -1"><span class='ocrx_word' id='word_1_982' title='bbox 1982 5353 2063 5389; x_wconf 70' lang='grc' dir='ltr'>ιιειε</span> <span class='ocrx_word' id='word_1_983' title='bbox 2081 5353 2188 5390; x_wconf 75' lang='grc'><strong>11111.</strong></span> <span class='ocrx_word' id='word_1_984' title='bbox 3272 5380 3275 5385; x_wconf 91' lang='grc'><strong><em>“</em></strong></span> 
     </span>
    </p>
   </div>
   <div class='ocr_carea' id='block_1_149' title="bbox 2056 5406 3501 5474">
    <p class='ocr_par' dir='ltr' id='par_1_149' title="bbox 2056 5406 3501 5474">
     <span class='ocr_line' id='line_1_151' title="bbox 2056 5406 3501 5474; baseline 0.001 -14"><span class='ocrx_word' id='word_1_985' title='bbox 2056 5406 2157 5461; x_wconf 74' lang='lat' dir='ltr'><strong>Ex.</strong></span> <span class='ocrx_word' id='word_1_986' title='bbox 2198 5409 2251 5461; x_wconf 87' lang='lat' dir='ltr'><strong>.I.</strong></span> <span class='ocrx_word' id='word_1_987' title='bbox 2308 5406 2441 5469; x_wconf 78' lang='lat' dir='ltr'><strong>Ern.</strong></span> <span class='ocrx_word' id='word_1_988' title='bbox 2482 5408 2662 5466; x_wconf 72' lang='grc' dir='ltr'><strong>(ἔναὸἰὶ</strong></span> <span class='ocrx_word' id='word_1_989' title='bbox 2699 5409 3124 5463; x_wconf 78' lang='lat' dir='ltr'><strong>adnotationibus</strong></span> <span class='ocrx_word' id='word_1_990' title='bbox 3165 5411 3217 5462; x_wconf 87' lang='lat' dir='ltr'><strong>in</strong></span> <span class='ocrx_word' id='word_1_991' title='bbox 3256 5427 3367 5474; x_wconf 79' lang='lat' dir='ltr'><strong>cup.</strong></span> <span class='ocrx_word' id='word_1_992' title='bbox 3412 5411 3501 5464; x_wconf 63' lang='grc'><strong>51.</strong></span> 
     </span>
    </p>
   </div>
   <div class='ocr_carea' id='block_1_150' title="bbox 2054 5477 3559 5551">
    <p class='ocr_par' dir='ltr' id='par_1_150' title="bbox 2054 5477 3559 5551">
     <span class='ocr_line' id='line_1_152' title="bbox 2054 5477 3559 5551; baseline -0.001 -19"><span class='ocrx_word' id='word_1_993' title='bbox 2054 5480 2182 5547; x_wconf 77' lang='lat' dir='ltr'><strong>Pag.</strong></span> <span class='ocrx_word' id='word_1_994' title='bbox 2216 5480 2340 5532; x_wconf 69' lang='lat' dir='ltr'><strong>5M.</strong></span> <span class='ocrx_word' id='word_1_995' title='bbox 2372 5479 2627 5534; x_wconf 71' lang='lat' dir='ltr'><strong>Omnibus</strong></span> <span class='ocrx_word' id='word_1_996' title='bbox 2656 5477 3087 5551; x_wconf 33' lang='lat' dir='ltr'><strong>gentibusaNota</strong></span> <span class='ocrx_word' id='word_1_997' title='bbox 3123 5481 3559 5539; x_wconf 72' lang='lat' dir='ltr'><strong>uuiversalitatis</strong></span> 
     </span>
    </p>
   </div>
   <div class='ocr_carea' id='block_1_151' title="bbox 1982 5549 3487 5622">
    <p class='ocr_par' dir='ltr' id='par_1_151' title="bbox 1982 5549 3487 5622">
     <span class='ocr_line' id='line_1_153' title="bbox 1982 5549 3487 5622; baseline -0.001 -20"><span class='ocrx_word' id='word_1_998' title='bbox 1982 5549 2122 5602; x_wconf 88' lang='lat' dir='ltr'><strong>forte</strong></span> <span class='ocrx_word' id='word_1_999' title='bbox 2166 5551 2543 5622; x_wconf 78' lang='lat' dir='ltr'><strong>explicationis</strong></span> <span class='ocrx_word' id='word_1_1000' title='bbox 2591 5549 2763 5622; x_wconf 73' lang='lat' dir='ltr'><strong>gratia</strong></span> <span class='ocrx_word' id='word_1_1001' title='bbox 2811 5551 2877 5601; x_wconf 84' lang='lat' dir='ltr'><strong>ab</strong></span> <span class='ocrx_word' id='word_1_1002' title='bbox 2924 5550 3123 5602; x_wconf 70' lang='lat' dir='ltr'><strong>Irenaeo</strong></span> <span class='ocrx_word' id='word_1_1003' title='bbox 3181 5551 3360 5603; x_wconf 89' lang='lat' dir='ltr'><strong>addita</strong></span> <span class='ocrx_word' id='word_1_1004' title='bbox 3407 5562 3487 5604; x_wconf 68' lang='lat' dir='ltr'><strong>erit</strong></span> 
     </span>
    </p>
   </div>
   <div class='ocr_carea' id='block_1_152' title="bbox 1983 5620 3248 5686">
    <p class='ocr_par' dir='ltr' id='par_1_152' title="bbox 1983 5620 3248 5686">
     <span class='ocr_line' id='line_1_154' title="bbox 1983 5620 3248 5686; baseline 0.003 -13"><span class='ocrx_word' id='word_1_1005' title='bbox 1983 5635 2161 5686; x_wconf 87' lang='lat' dir='ltr'><strong>neque</strong></span> <span class='ocrx_word' id='word_1_1006' title='bbox 2195 5623 2337 5673; x_wconf 91' lang='lat' dir='ltr'><strong>enim</strong></span> <span class='ocrx_word' id='word_1_1007' title='bbox 2368 5622 2421 5673; x_wconf 91' lang='lat' dir='ltr'><strong>in</strong></span> <span class='ocrx_word' id='word_1_1008' title='bbox 2454 5620 2852 5674; x_wconf 31' lang='lat' dir='ltr'><strong>LXX‘habetur</strong></span> <span class='ocrx_word' id='word_1_1009' title='bbox 2884 5635 2983 5672; x_wconf 79' lang='lat' dir='ltr'><strong>vox</strong></span> <span class='ocrx_word' id='word_1_1010' title='bbox 3014 5622 3248 5677; x_wconf 82' lang='grc' dir='ltr'><strong>πάντων.</strong></span> 
     </span>
    </p>
   </div>
   <div class='ocr_carea' id='block_1_153' title="bbox 2055 5689 3559 5760">
    <p class='ocr_par' dir='ltr' id='par_1_153' title="bbox 2055 5689 3559 5760">
     <span class='ocr_line' id='line_1_155' title="bbox 2055 5689 3559 5760; baseline 0 -17"><span class='ocrx_word' id='word_1_1011' title='bbox 2055 5689 2122 5743; x_wconf 84' lang='grc' dir='ltr'><strong>1η</strong></span> <span class='ocrx_word' id='word_1_1012' title='bbox 2180 5704 2456 5757; x_wconf 78' lang='lat' dir='ltr'><strong>conspectu</strong></span> <span class='ocrx_word' id='word_1_1013' title='bbox 2514 5691 2744 5760; x_wconf 81' lang='lat' dir='ltr'><strong>ﬁliorum</strong></span> <span class='ocrx_word' id='word_1_1014' title='bbox 2782 5692 3056 5760; x_wconf 66' lang='lat' dir='ltr'><strong>gentium.</strong></span> <span class='ocrx_word' id='word_1_1015' title='bbox 3105 5693 3337 5745; x_wconf 71' lang='lat' dir='ltr'><strong>Ireutetts</strong></span> <span class='ocrx_word' id='word_1_1016' title='bbox 3388 5690 3559 5755; x_wconf 69' lang='lat' dir='ltr'><strong>legit,</strong></span> 
     </span>
    </p>
   </div>
   <div class='ocr_carea' id='block_1_154' title="bbox 1984 5759 3563 5830">
    <p class='ocr_par' dir='ltr' id='par_1_154' title="bbox 1984 5759 3563 5830">
     <span class='ocr_line' id='line_1_156' title="bbox 1984 5759 3563 5830; baseline 0 -17"><span class='ocrx_word' id='word_1_1017' title='bbox 1984 5760 2211 5815; x_wconf 71' lang='grc' dir='ltr'><strong>ἐνώπιον</strong></span> <span class='ocrx_word' id='word_1_1018' title='bbox 2236 5761 2341 5813; x_wconf 81' lang='grc' dir='ltr'><strong>τῶν</strong></span> <span class='ocrx_word' id='word_1_1019' title='bbox 2367 5762 2495 5815; x_wconf 77' lang='grc' dir='ltr'><strong>υἱῶν</strong></span> <span class='ocrx_word' id='word_1_1020' title='bbox 2518 5759 2633 5813; x_wconf 71' lang='grc' dir='ltr'>τῶν</span> <span class='ocrx_word' id='word_1_1021' title='bbox 2664 5759 2829 5814; x_wconf 78' lang='grc' dir='ltr'>ἐθνῶν</span> <span class='ocrx_word' id='word_1_1022' title='bbox 2852 5800 2864 5824; x_wconf 88' lang='grc'><em>,</em></span> <span class='ocrx_word' id='word_1_1023' title='bbox 2893 5777 2989 5829; x_wconf 87' lang='lat' dir='ltr'><strong>pro</strong></span> <span class='ocrx_word' id='word_1_1024' title='bbox 3026 5762 3255 5816; x_wconf 71' lang='grc' dir='ltr'><strong>ὲνώπιςν</strong></span> <span class='ocrx_word' id='word_1_1025' title='bbox 3292 5762 3398 5815; x_wconf 79' lang='grc' dir='ltr'><strong>τῶν</strong></span> <span class='ocrx_word' id='word_1_1026' title='bbox 3418 5760 3563 5830; x_wconf 52' lang='lat' dir='ltr'><strong>latim</strong></span> 
     </span>
    </p>
   </div>
   <div class='ocr_carea' id='block_1_155' title="bbox 1984 5830 3017 5893">
    <p class='ocr_par' dir='ltr' id='par_1_155' title="bbox 1984 5830 3017 5893">
     <span class='ocr_line' id='line_1_157' title="bbox 1984 5830 3017 5893; baseline 0.003 -9"><span class='ocrx_word' id='word_1_1027' title='bbox 1984 5831 2089 5893; x_wconf 75' lang='grc' dir='ltr'><strong>τῶν</strong></span> <span class='ocrx_word' id='word_1_1028' title='bbox 2116 5830 2304 5893; x_wconf 72' lang='grc' dir='ltr'><strong>ἐθνῶν,</strong></span> <span class='ocrx_word' id='word_1_1029' title='bbox 2338 5836 2409 5887; x_wconf 88' lang='lat' dir='ltr'><strong>ttti</strong></span> <span class='ocrx_word' id='word_1_1030' title='bbox 2446 5837 2601 5887; x_wconf 91' lang='lat' dir='ltr'><strong>modo</strong></span> <span class='ocrx_word' id='word_1_1031' title='bbox 2625 5832 2767 5886; x_wconf 66' lang='lat' dir='ltr'><strong>LXX</strong></span> <span class='ocrx_word' id='word_1_1032' title='bbox 2799 5835 3017 5887; x_wconf 83' lang='lat' dir='ltr'><strong>habent.</strong></span> 
     </span>
    </p>
   </div>
  </div>
