3954 6372
459 377 595 434 18ιῖ

1786 376 2152 433 VARIORL'M
2191 375 2402 433 NOTE

3588 369 3745 428 {Si-8

471 519 3734 563 ________________________________________._.

1442 704 2204 820 VARIORUM
2284 700 2713 817 NOTAE

1060 940 1182 1027 IN
1268 936 1990 1028 FRAGMENTA.
2066 937 2490 1029 SANCTI
2572 938 3076 1037 IBENIEI.

739 1267 836 1324 Fr.
886 1268 1234 1329 Feuardentii
1273 1269 1439 1323 brevis
1479 1270 1744 1337 prmfatio.

527 1339 794 1405 Quoniam
832 1355 895 1392 ex
932 1340 1233 1405 priscorum
1285 1339 1646 1393 monumentis
1679 1355 1740 1394 ac
1783 1340 2029 1395 certissi-

456 1411 561 1462 mis
605 1408 995 1462 ecclesiasdca:
1046 1408 1285 1461 historia:
1337 1410 1656 1462 testimoniis
1691 1421 2025 1475 compertum

453 1490 554 1542 est,
590 1479 730 1531 hunc
757 1478 1016 1531 eximium
1050 1477 1298 1531 Ecclesiae
1330 1476 1701 1542 Lugdunensis
1730 1481 2026 1533 antistitem

452 1557 507 1600 et
542 1548 841 1611 doctorem,
870 1563 976 1599 non
1011 1546 1184 1599 solum
1212 1548 1447 1615 quinque
1490 1548 1799 1615 superiores
1826 1550 2020 1603 adver-

453 1633 546 1670 sus
591 1617 858 1672 Valentini
914 1624 967 1667 et
1018 1616 1275 1668 similium
1331 1615 1717 1669 Gnosticorum
1768 1618 2022 1684 lneres‘es,

454 1687 554 1740 sub
582 1688 891 1753 episcopatu
938 1685 995 1738 Β.
1054 1684 1373 1749 Eleutherii,
1426 1686 1594 1739 libros
1627 1688 1892 1751 edidisse;
1927 1703 2021 1742 ve-

456 1770 574 1808 rum
605 1766 655 1808 et
688 1755 823 1809 alius
864 1755 1144 1823 plurimos,
1195 1755 1283 1821 qui
1319 1755 1401 1807 vel
1449 1755 1642 1819 injuria
1700 1766 2021 1822 temporum,

453 1824 539 1877 vel
575 1825 954 1879 limreticorum
998 1822 1275 1876 fraudibus
1317 1825 1617 1893 perierunt,
1656 1826 1741 1878 vel
1791 1827 2023 1894 denique

452 1895 632 1947 adhuc
660 1893 856 1947 alicubi
894 1910 1013 1947 cuin
1040 1894 1219 1946 blattis
1244 1904 1297 1947 et
1329 1896 1487 1947 tineis
1516 1905 1791 1948 certantes
1818 1893 2017 1950 latent:

453 1966 696 2032 quaedam
751 1963 965 2016 illorttm
1020 1962 1343 2028 fragmenta,
1381 1974 1578 2032 quanta
1624 1967 1769 2031 pomi
1824 1965 1926 2018 ﬁde
1969 1975 2024 2019 et

453 1978 696 2032 quautam
752 1978 965 2016 tttorum
1020 1978 1343 2028 tragirenta,
1420 1978 1578 2016 nauta
1624 1978 1769 2031 potnt
1824 1978 1926 2018 ttae
1969 1978 2022 2019 et

451 2033 728 2103 diligentia
759 2032 886 2103 hinc
932 2032 1055 2103 inde
1096 2032 1344 2096 collecta,
1379 1978 1569 2087 graece
1604 2044 1655 2085 ct
1686 2033 1875 2086 Latine
1920 2035 2022 2103 piis

452 2102 749 2155 lectoribus
777 2102 879 2155 hoc
911 2101 1101 2155 saltem
1132 2111 1405 2169 pustremo
1439 2102 1556 2155 loco
1584 2101 1930 2171 proponenda
1964 2114 2018 2158 et

451 2172 753 2237 exhibenda
789 2172 1128 2240 curavimus,
1162 2180 1239 2236 ut,
1264 2182 1524 2238 quantum
1557 2171 1671 2239 fieri
1718 2174 1905 2240 potuit.
1942 2175 2022 2226 in-

455 2251 664 2306 tcgrum
693 2239 1128 2309 beatissimiviri
1159 2240 1594 2293 lucubrationum
1627 2239 1826 2309 corpus
1860 2242 2018 2295 simul

451 2311 710 2378 exirelrin
764 2309 958 2362 lucem.
1000 2307 1098 2378 Illa
1124 2324 1284 2375 porro
1316 2312 1365 2363 in
1408 2310 1595 2378 primis
1627 2307 1747 2363 sunt
1787 2310 2015 2365 duarum

452 2377 809 2446 epistularum
842 2379 959 2446 ejus
989 2379 1057 2430 ad
1085 2377 1316 2431 Blastum
1353 2377 1418 2431 et
1444 2378 1721 2432 Flurinum
1768 2382 2019 2436 Ecclesia:

450 2445 610 2501 Rom.
672 2463 780 2501 non
839 2451 908 2499 ita
974 2448 1177 2515 pridem
1239 2450 1759 2517 presbyterosascd
1815 2460 1939 2505 tunc
1986 2467 2015 2504 a
2080 2468 2089 2471 '

450 2518 797 2577 Sani-tissime
831 2518 1140 2569 Eleutherio
1169 2532 1323 2584 papa,
1355 2516 1573 2586 propter
1607 2516 2014 2574 Valentinianas

452 2586 789 2652 impietates,
820 2600 867 2641 et
902 2588 1036 2647 alias
1076 2589 1333 2655 quasdam
1366 2588 1471 2640 illis
1509 2589 1721 2642 additas
1751 2589 2015 2644 lanaticas

449 2658 757 2722 opiniones,
784 2657 979 2724 quibus
1009 2666 1061 2709 et
1089 2659 1222 2709 alios
1250 2657 1492 2720 inlicere,
1514 2668 1566 2709 et
1595 2658 1888 2713 schismate
1916 2675 2015 2714 suo

449 2724 708 2798 Ecclesia:
740 2728 983 2798 membra
1010 2726 1266 2781 divellere
1297 2728 1654 2791 c0nabautnr,
1688 2729 1856 2798 gradu
1883 2730 2014 2792 moti

448 2796 697 2865 pulsique
733 2795 964 2849 fuerant.

525 2864 812 2931 Enimvero
860 2864 1152 2919 verisimile
1197 2876 1279 2920 est
1309 2864 1429 2919 illas
1462 2866 1700 2920 secundo
1745 2874 1797 2919 et
1832 2868 2012 2933 tertio,

446 2946 573 3004 post
603 2935 856 3004 pra-fatus
895 2937 1062 2989 libros
1098 2937 1363 3004 quinque,
1403 2937 1519 2989 loco
1543 2938 1610 2989 ab
1648 2936 1849 2988 lren:co
1880 2942 2013 2991 scri-

449 3003 571 3073 ptas
614 3003 803 3069 fuisse,
836 3015 892 3058 ut
933 3008 1073 3060 victo
1102 3003 1264 3075 atque
1296 3008 1533 3058 contrito
1562 3016 1836 3059 venenata:
1873 3007 2013 3068 illius

450 3084 614 3144 secta:
648 3077 919 3144 pra-cipue
968 3078 1291 3144 imperatore
1336 3086 1389 3129 et
1419 3077 1573 3137 duce,
1612 3076 1857 3144 palantes
1901 3078 2013 3130 dis-

441 3142 727 3217 jecIOSque
771 3142 951 3217 postea
1012 3142 1303 3217 ttitlitesret
1355 3142 1625 3217 satellites
1661 3161 1689 3198 a
1736 3149 2012 3217 conceptis

450 3214 615 3275 animi
648 3215 917 3275 furoribus
950 3230 1048 3281 pro
1098 3215 1233 3271 virili
1265 3216 1328 3267 ad
1370 3216 1623 3271 Ecclesiae
1669 3216 1857 3269 matris
1890 3214 2011 3282 gre-

451 3284 617 3354 mium
655 3294 954 3354 t'evoCaret.
985 3284 1077 3339 llis
1103 3289 1258 3348 adde,
1286 3286 1426 3354 qttud
1460 3297 1511 3336 et
1539 3286 1719 3354 priore
1742 3295 1863 3353 post
1895 3286 2012 3342 illos

450 3351 623 3422 libros
664 3352 879 3419 Ordine,
931 3365 984 3407 et
1020 3355 1125 3407 sub.
1172 3351 1465 3408 Eleuthetii
1500 3351 1813 3422 pontiﬁcatu
1846 3354 2013 3410 Euse-

452 3420 573 3483 bius
610 3421 824 3477 illarum
863 3423 1106 3480 meminit
1138 3446 1149 3478 :
1182 3438 1338 3492 quem
1375 3420 1551 3477 tamen
1594 3426 1841 3477 ordinem
1888 3424 2012 3477 Ilie-

451 3507 709 3562 ronymus
744 3496 999 3562 neglexit,
1027 3498 1172 3560 quod
1215 3493 1515 3563 catalogum
1550 3504 1754 3545 tantum
1784 3506 2012 3563 sympto-

451 3575 605 3624 rum,
661 3577 767 3614 non
822 3574 999 3615 autem
1053 3562 1750 3625 historiam,contexeret.
1798 3562 2010 3618 Blastus

448 3630 649 3703 itaque,
682 3640 742 3703 ut
774 3644 856 3686 est
891 3634 1028 3701 apud
1054 3632 1448 3685 Tertulliautnu
1484 3631 1525 3695 ¹,
1556 3632 1893 3703 Judaismttm
1939 3635 2012 3685 la-

450 3701 847 3770 tentervulens
897 3704 1259 3766 introducere,
1311 3704 1605 3770 dicensque
1662 3702 1863 3763 l’ascha
1906 3719 2008 3767 nou

445 3768 608 3845 aliter
657 3771 1099 3845 custodiendunn
1127 3788 1277 3835 esse,
1329 3773 1428 3825 nisi
1484 3768 1792 3845 secundum
1837 3778 2006 3845 legem

447 3837 647 3912 Moysis
689 3842 748 3895 Η
782 3842 983 3905 mensis
1012 3859 1025 3895 :
1061 3840 1190 3907 Quis
1233 3853 1405 3895 autem
1456 3846 1652 3897 nesciat
1685 3844 1844 3909 (tulit)
1876 3837 2009 3912 (iam

446 3910 591 3963 niam
623 3914 921 3997 “angeli-ca
947 3925 1119 3991 gratia
1145 3921 1458 3997 (ἕψομαι-αξ,
1490 3916 1534 3964 si
1562 3915 1632 3997 ad
1662 3912 1820 3979 legem
1862 3910 2010 3966 Chri-
2036 3939 2076 3997 ε

443 3990 581 4049 stum
606 3976 830 4049 redigit?
852 3976 1069 4043 luit-ium
1092 3982 1369 4038 schismati
1394 3976 2003 4049 Quartudecimanorum

446 4047 590 4120 hunc
621 4047 937 4120 praestitisse
985 4068 1088 4105 non
1120 4063 1204 4103 est
1233 4047 1443 4103 dtllicili:
1485 4053 1738 4120 colligere
1768 4067 1830 4105 ex
1878 4051 2005 4114 Pht-

446 4116 657 4181 lastriu,
696 4118 1018 4188 Epiphanio,
1067 4123 1383 4189 Augustino.
1441 4116 1783 4186 Tlieod'oreto
1813 4133 1868 4175 et
1904 4122 2005 4175 Da-

445 4201 698 4242 inasceno
728 4190 768 4242 ².
804 4192 1088 4258 Propterea
1121 4206 1249 4259 ergo
1281 4192 1562 4258 epistulam
1607 4196 1671 4244 ad
1703 4209 1824 4245 eum
1864 4198 2003 4246 scri-

444 4267 590 4326 ptam
626 4269 680 4311 et
722 4262 1046 4313 destinatam
1116 4260 1349 4313 lremcus
1397 4263 1689 4329 appellavit
1749 4261 1825 4315 De
1866 4262 2005 4314 sciti-

441 4341 644 4400 smate;
688 4345 752 4383 co
799 4334 942 4395 quod
985 4333 1034 4383 in
1068 4346 1129 4382 ea
1164 4333 1417 4393 disserat,
1454 4343 1711 4397 quantum
1751 4333 2003 4400 conjiciu,

444 4398 573 4464 quid
604 4401 673 4452 sit
720 4402 979 4461 schisma,
1015 4417 1173 4468 quatit
1208 4417 1369 4467 grave
1399 4416 1462 4453 ac
1507 4398 1868 4469 perniciosum
1900 4408 2003 4456 cri-

446 4471 592 4530 men,
621 4484 890 4537 quamque
916 4474 1151 4537 graviter
1185 4475 1312 4522 olm:
1346 4475 1395 4523 in
1428 4475 1601 4525 Chore
1626 4475 1956 4527 vmdiCatum
1984 4488 1999 4537 ;

444 4544 504 4597 ut
534 4551 578 4590 ts
605 4545 671 4591 ab
697 4540 788 4591 illo
821 4545 883 4591 ad
913 4541 1164 4593 Ecclesiae
1183 4551 1440 4595 unitatem
1468 4544 1685 4600 rediret,
1712 4552 1767 4594 et
1786 4544 1999 4595 abstra-

444 4615 563 4659 ctos
584 4623 767 4662 secum
794 4610 1098 4665 reduceret.
1125 4616 1201 4663 Au
1230 4609 1508 4663 Florinutn
1535 4626 1662 4664 vero
1689 4613 1867 4663 datatn
1892 4613 2003 4679 epi-

441 4679 637 4742 stolam
659 4682 1003 4745 nuncupavit,
1031 4679 1105 4732 De
1134 4682 1458 4744 manare/tia,
1479 4682 1612 4741 sive,
1643 4680 1792 4745 Quod
1819 4698 2000 4735 unicus

440 4746 507 4798 sit
544 4754 703 4808 beas,
736 4760 781 4800 et
818 4750 904 4815 tLe
945 4766 1270 4823 nequaquam
1301 4753 1363 4802 sit
1397 4762 1581 4803 auctor
1623 4758 1904 4823 malorum,
1954 4755 2003 4805 id

440 4825 525 4869 est.
566 4830 929 4891 peccatorum.
988 4818 1133 4871 Nam
1170 4818 1459 4887 Flormns,
1513 4826 1588 4873 ait
1639 4822 1901 4874 Eusebius
1945 4823 2001 4885 ³,

439 4899 775 4943 contrariam
832 4892 1153 4945 sententiam
1207 4892 1492 4945 videbatur
1547 4902 1746 4945 acriter
1797 4907 2003 4961 propu-

440 4969 624 5024 gnate.

444 5027 453 5100 ς
514 5027 681 5095 llujns
709 5033 871 5081 etiam
904 5042 1087 5095 eausa,
1124 5031 1561 5100 quandoquidem
1598 5031 1647 5085 in
1682 5048 1866 5085 errore
1897 5030 2003 5084 Va-

442 5094 862 5171 letntutanorum
905 5099 1087 5167 lapsus
1125 5094 1260 5159 mu.
1296 5094 1527 5155 Irenzeus
1559 5102 1753 5171 librum
1786 5104 1862 5157 De
1900 5102 2003 5171 0g-

440 5166 608 5220 duuae
638 5166 992 5238 conscripsit";
1026 5171 1079 5233 iu
1126 5187 1232 5240 quo
1278 5182 1413 5224 satis
1445 5166 1629 5239 aperte
1660 5176 1896 5226 detlarat
1945 5166 2004 5227 se

442 5243 807 5313 apostolorum
838 5239 1178 5313 temporibus
1209 5244 1453 5307 proxime
1480 5239 1831 5310 soccessisse.

512 5306 751 5374 Ctunque
777 5312 937 5361 etiam
959 5306 1031 5362 ἰιι
1080 5306 1255 5377 primo
1286 5316 1541 5364 Adversus
1574 5306 1795 5367 Ita'reses
1840 5312 2001 5377 libro,

440 5388 561 5452 cap.
586 5377 674 5439 29,
707 5390 985 5455 receperat
1017 5396 1075 5455 se
1110 5397 1245 5451 opus
1281 5392 1553 5450 singulare
1582 5392 1839 5455 adversus
1866 5390 2005 5436 .tlar-

440 5450 673 5508 cioncm,
705 5450 992 5514 prtes'tante
1026 5450 1157 5513 Deo,
1188 5455 1456 5504 edituram
1480 5468 1494 5515 ;
1521 5464 1573 5505 ct
1601 5467 1665 5517 ex
1710 5454 1828 5522 ejus
1868 5456 2007 5506 scri-

440 5525 577 5595 ptis,
618 5523 1083 5595 sermonibusque
1115 5524 1326 5580 Domini
1372 5533 1431 5595 et
1476 5527 1841 5591 apostolorum
1888 5524 2005 5594 ejus

437 5586 507 5639 ab
540 5588 728 5639 eodem
761 5586 1041 5659 admissis,
1073 5594 1348 5645 btet'cseou
1379 5586 1525 5645 illius
1549 5609 1862 5651 eversurum
1897 5586 2007 5646 ιῐιοο

2056 1274 2101 1329 Α
2131 1270 2343 1334 limina,
2372 1269 2517 1337 quod
2556 1266 2822 1323 Eusebius
2844 1262 3059 1337 quoque
3098 1266 3407 1321 observavit
3438 1265 3464 1298 ⁸
3497 1283 3512 1321 :
3552 1266 3724 1319 facile

2134 1340 2263 1393 mihi
2294 1336 2667 1409 persuaserim
2687 1337 2946 1409 scriptum
2994 1336 3127 1409 i|l_ud
3160 1352 3264 1409 non
3298 1338 3510 1409 diutius
3538 1337 3725 1388 disto-

2131 1405 2390 1463 lissefAt
2420 1423 2548 1464 vero
2596 1407 2748 1463 nihil'
2780 1407 2938 1476 hujus
2972 1421 3001 1459 a
3046 1405 3298 1461 Patribus
3340 1408 3573 1460 citatum
3626 1420 3722 1459 re-

2167 1496 2265 1532 Cl‘i.

2128 1495 2267 1602 polii
2298 1557 2353 1603 ut
2390 1563 2483 1602 eos
2516 1562 2726 1607 omnes.
2761 1560 2896 1614 quos
2949 1545 3332 1600 haereticorum
3369 1545 3609 1613 impetus
3643 1559 3717 1597 ac

2129 1619 2351 1674 fraudes
2379 1620 2430 1671 in
2462 1634 2591 1673 vera
2628 1619 2728 1671 lide
2757 1624 2811 1669 et
2843 1615 3105 1681 religione
3134 1615 3211 1669 vel
3245 1625 3435 1667 mitare
3477 1616 3716 1674 fecerat.

2127 1690 2213 1743 vel
2268 1688 2562 1753 deiecerat,
2612 1688 2787 1741 sacris
2834 1686 3302 1739 exhortationibus
3343 1684 3718 1753 conﬁrmaret

2125 1758 2209 1813 vel
2235 1752 2491 1826 erigeret,
2516 1758 2710 1826 lihrum
2739 1754 2957 1826 scripsit
2990 1755 3055 1807 ad
3088 1754 3421 1826 Marcianum
3451 1752 3711 1826 fratrem,

2127 1843 2284 1896 quem
2323 1823 2560 1880 'vocavit
2610 1825 2683 1879 De
2729 1824 3017 1896 apostolica
3075 1824 3501 1891 prmdicatione;
3540 1823 3712 1892 210

2125 1893 2449 1967 rursumque
2501 1896 2690 1958 alium,
2753 1893 3033 1967 Variorugm
3087 1902 3453 1967 tractatuum;
3503 1898 3707 1967 quibus

2125 1975 2234 2020 tam
2287 1964 2588 2033 Scripturis
2635 1980 2795 2032 quam
2841 1965 3076 2016 maxime
3110 1964 3256 2018 veris
3309 1964 3706 2031 germanisquc

2125 2036 2491 2104 apostolorum
2535 2034 2935 2095 traditionibus,
2968 2047 3101 2099 quas
3131 2035 3212 2104 ab
3242 2047 3433 2085 eorum
3459 2034 3705 2104 audito-

2122 2100 2276 2160 ribus
2324 2100 2612 2173 diligenter
2661 2111 3001 2173 perceperat,
3037 2103 3330 2173 multorum
3382 2103 3599 2161 animos
3647 2102 3701 2154 in

2124 2176 2335 2229 sincera
2374 2170 2671 2242 sanctaque
2702 2175 2898 2241 pietate
2926 2170 3258 2242 confortavit
3306 2180 3366 2242 et
3405 2173 3697 2226 recreavit.

2123 2244 2325 2298 Horum
2356 2241 2971 2310 quidettrmeminerunt
3008 2241 3297 2305 Eusebius,
3329 2241 3698 2310 Hieronymus

2118 2324 2175 2367 et
2228 2314 2597 2383 Nicephorus;
2650 2312 2742 2366 sed
2809 2310 2956 2366 nulla
3050 2313 3541 2381 suppeditaverunt
3591 2310 3697 2363 fra-

2118 2393 2356 2459 gtncnta.

2187 2474 2483 2529 Gentilium
2514 2487 2731 2540 quoque
2762 2472 2971 2524 furores
3011 2472 3203 2539 partim
3246 2472 3465 2534 sedans,
3494 2473 3691 2540 partim

2120 2545 2418 2597 calumnias
2463 2558 2785 2610 erroresque
2817 2540 3088 2604 refellens,
3137 2552 3193 2593 ut
3236 2557 3330 2595 eos
3360 2544 3694 2595 suavissimo

2046 2609 2088 2663 B
2118 2614 2320 2668 Christi
2368 2613 2498 2682 jugo
2553 2609 2768 2682 tandem
2820 2610 3113 2682 aliquando
3148 2610 3465 2677 subiiceret,
3516 2613 3693 2665 edidit

2118 2684 2313 2737 librum
2353 2680 2671 2736 De‘scienlia
2703 2680 3046 2747 inscriptum,
3083 2683 3533 2749 compeudiOSnm
3570 2683 3692 2749 qui-

2118 2756 2236 2808 dem
2273 2753 2447 2814 illum,
2479 2754 2551 2805 ait
2585 2750 2872 2813 Eusebius,
2921 2751 3015 2803 sed
3056 2766 3403 2817 stnnmoiere
3438 2768 3693 2804 necessa—

2118 2825 2279 2877 rium.
2323 2820 2594 2875 Justinum
2630 2831 2945 2890 ttiartyrem,
2984 2820 3348 2883 Quadratum,
3393 2822 3690 2885 Aristidem

2116 2901 2171 2945 et
2218 2892 2617 2956 Athenagoram
2666 2889 2866 2962 forsan
2903 2892 3143 2962 imitatus
3182 2902 3287 2962 est,
3343 2891 3434 2962 qui
3488 2902 3543 2944 et
3588 2892 3689 2959 ipsi

2114 2962 2405 3018 luculentis
2428 2962 2699 3027 simulque
2726 2959 2899 3011 acutis
2932 2961 3320 3027 scriptiouibus
3343 2959 3690 3015 ethnicorum

2117 3032 2330 3085 animos
2369 3048 2395 3081 a
2447 3030 2797 3083 Deastrurum
2846 3030 3107 3093 vanitate,
3156 3032 3222 3081 ad
3258 3034 3421 3083 unius
3467 3041 3519 3083 et
3580 3033 3691 3086 veri

2117 3102 2457 3167 viventisque
2507 3100 2599 3154 Dei
2643 3100 2972 3166 agnitionem
3025 3109 3080 3151 et
3132 3102 3335 3153 cultum
3401 3102 3691 3155 traducere

2119 3173 2473 3232 studuerant,
2535 3168 3039 3241 philoSophiamque
3095 3167 3462 3223 Christianam
3512 3172 3684 3224 solam

2116 3256 2301 3294 veram
2334 3249 2389 3293 et
2434 3238 2669 3293 humano
2713 3238 2892 3308 generi
2941 3238 3234 3292 salutarem
3283 3256 3401 3293 esse
3440 3242 3689 3308 plurimis

2114 3320 2167 3364 et
2210 3310 2535 3380 ﬁrmissimis
2568 3308 2900 3378 argumentis
2930 3308 3466 3375 demonstraveram.
3515 3309 3687 3380 Hujus

2114 3394 2328 3449 quoque
2356 3379 2478 3431 hbri
2518 3380 2650 3432 nihil
2681 3390 2966 3447 superesse
2996 3381 3292 3441 comperio.
3466 3380 3469 3381 ⁷

2185 3472 2621 3525 Recrttdesccule
2662 3481 2773 3524 tum
2810 3475 3044 3526 maxime
3088 3473 3316 3525 dissidio
3349 3473 3416 3525 de
3465 3473 3553 3527 die
3601 3489 3689 3537 ce.

2116 3542 2357 3606 lehrandi
2410 3541 2729 3605 PaSchatis,
2788 3559 2851 3595 ac
2909 3544 3205 3595 etiamnum
3266 3558 3431 3610 opera
3480 3543 3683 3609 Blasti,

2115 3614 2311 3666 deinde
2361 3610 2595 3664 Montani
2629 3612 3027 3676 lueresiarchac,
3070 3614 3119 3665 iit
3148 3624 3390 3679 apertam
3436 3616 3685 3668 hmresiin

2112 3692 2167 3735 et
2214 3681 2446 3736 scbisma
2495 3696 2617 3734 cum
2665 3683 2947 3750 multiplici
3004 3686 3192 3744 turba,
3242 3684 3585 3737 dissensione
3636 3695 3689 3740 et

2115 3754 2422 3805 animarum
2451 3752 2710 3822 pernicie.
2740 3754 2916 3820 palam
2944 3760 3282 3820 erumpente,
3311 3751 3550 3807 lrenzcus
3586 3770 3686 3808 no-

2115 3826 2275 3874 mims
2320 3823 2401 3874 sui
2450 3824 2880 3892 correspundens
2927 3834 3130 3892 etytno,
3166 3823 3307 3887 quod
3354 3834 3462 3884 est,
3536 3825 3685 3890 pacis

2112 3893 2423 3954 studiosus,
2482 3890 2694 3950 Victore
2748 3890 3005 3952 liotnaute
3044 3892 3298 3957 Ecclesia:
3332 3892 3447 3959 jam
3492 3895 3683 3960 quinto

2111 3979 2251 4034 anno
2286 3962 2606 4029 przesidente
2642 3964 2849 4034 {decem
2896 3974 3095 4015 etenim
3146 3961 3403 4016 Ecclesia:
3446 3965 3682 4034 praefuit)

2110 4034 2175 4082 ad
2230 4033 2392 4092 hunc,
2443 4046 2508 4084 ex
2556 4047 2785 4099 persona
2833 4033 3094 4093 lratrum,
3144 4034 3341 4098 quibus
3391 4034 3445 4084 in
3494 4032 3682 4087 Galliis

2110 4112 2361 4169 praeerat,
2394 4102 2606 4153 litteras
2654 4104 2872 4164 direxit,
2925 4103 3119 4170 quibus
3172 4106 3444 4164 hortatur,
3506 4114 3679 4170 rogat,

2107 4175 2385 4234 obsecrat,
2420 4184 2486 4224 ne
2531 4182 2751 4239 propter
2780 4184 3062 4229 externum
3110 4172 3293 4231 ritum,
3344 4174 3514 4226 tutius
3544 4176 3682 4226 Asiae

2108 4242 2368 4309 plurimas
2392 4251 2541 4309 certe
2566 4256 2618 4291 et
2654 4242 3070 4308 antiquissimus
3099 4256 3128 4292 a
3160 4246 3439 4294 communi
3475 4244 3683 4295 unitate

2106 4308 2346 4373 lidelium
2388 4308 2660 4364 Ecclesias
2691 4322 2951 4379 amputet.
3000 4314 3177 4379 Atque
3218 4313 3318 4381 ista
3354 4313 3575 4381 aliaque
3604 4314 3681 4366 eis

2109 4381 2487 4449 congruentia,
2523 4382 2694 4448 inquit
2722 4382 3005 4443 Eusebius,
3035 4398 3140 4433 non
3182 4385 3249 4435 ad
3283 4380 3558 4434 Victorem
3589 4397 3677 4433 so-

2109 4451 2237 4513 lum,
2256 4454 2348 4503 sed
2370 4452 2531 4503 etiam
2561 4454 2628 4502 ad
2652 4453 2786 4503 alios
2813 4452 3099 4520 plerosque
3126 4461 3180 4503 et
3206 4453 3459 4504 diversos
3485 4451 3675 4504 Eccle-

2106 4523 2308 4577 siat'uut
2342 4523 2620 4589 praesides,
2664 4524 2729 4574 de
2779 4526 2878 4573 ista
2910 4523 3285 4574 controversia
3328 4526 3675 4589 conscripsit.

2110 4591 2453 4671 Epistullegad
2500 4590 2904 4671 \‘ieto_rern_pon
2932 4594 3352 4671 aspernandum
3404 4592 3680 4660 fragmen-

2109 4674 2219 4716 tum
2248 4660 2566 4734 subjicimos
2592 4676 2604 4713 :
2633 4661 2698 4712 de
2748 4662 2869 4713 aliis
2896 4660 3063 4713 altum
3092 4663 3389 4714 silentium.

2179 4753 2362 4807 Edidit
2407 4752 2659 4823 denique
2695 4752 2890 4805 librum
2936 4751 3013 4807 De
3066 4754 3294 4817 Pascha,
3349 4755 3508 4823 cujus
3552 4765 3678 4811 ante

2108 4824 2492 4892 llierunymtuu
2527 4839 2591 4875 ae
2626 4822 2913 4875 Ettseliittttt
2958 4826 3217 4881 meminit.
3246 4822 3520 4891 simulque
3553 4843 3679 4893 par-

2110 4895 2327 4948 ticulam
2378 4896 2666 4958 quatinlam
2700 4895 2939 4961 assignat
2985 4909 3176 4947 auctor
3207 4896 3578 4955 Quaestionum
3629 4908 3675 4948 et

2107 4964 2499 5031 responsionum
2544 4964 2610 5012 ad
2657 4964 2995 5029 ortltaaoxas,
3025 4964 3161 5031 apud
3207 4963 3482 5014 Justtnum
3530 4982 3675 5015 mar-

2108 5047 2301 5106 lyt'ettt.
2360 5034 2528 5106 llluttt_
2562 5048 2790 5106 thOtheA
2832 5037 3182 5100 adpeteluus,
3232 5034 3384 5101 gravi
3436 5036 3676 5087 ferentes

2106 5102 2288 5158 animo
2316 5106 2454 5172 quod
2481 5102 2632 5169 plura
2666 5102 2909 5169 proferre
2935 5121 2985 5155 tn
3013 5118 3353 5156 communem
3402 5106 3676 5155 studioso-

2108 5191 2225 5228 rum
2277 5174 2565 5227 utilitatem
2613 5186 2679 5225 ex
2710 5182 2818 5223 tam
2859 5184 3068 5240 sancto,
3099 5183 3307 5225 vetusto
3348 5176 3675 5242 cruditoque

2113 5246 2272 5301 Patre
2302 5260 2404 5297 non
2432 5243 2720 5309 possimus.
2768 5245 2898 5312 tium
2945 5246 3129 5312 itaque
3157 5243 3289 5295 nihil
3331 5259 3399 5295 ex
3440 5248 3673 5311 epistula

2111 5332 2203 5369 seu
2232 5316 2625 5368 counnentario
2674 5315 2739 5363 ad
2786 5311 3024 5368 Blastum
3046 5311 3466 5367 Schismaticum
3511 5313 3673 5367 simul

2112 5398 2164 5439 et
2205 5387 2535 5449 litt-reticulo,
2585 5392 2779 5452 praeter
2827 5382 3063 5452 tilulum,
3128 5384 3371 5437 relictum
3424 5384 3519 5448 sit,
3562 5384 3673 5449 [ra-

2113 5465 2387 5519 gmeutum
2425 5453 2568 5523 quod
2597 5468 2661 5504 ex
2688 5452 2826 5504 hbt‘o
2852 5451 2929 5504 De
2959 5454 3207 5522 Ugdoatle
3231 5463 3481 5506 extremo
3510 5454 3674 5505 Euse-

2115 5524 2234 5578 litus
2265 5539 2391 5577 vere
2425 5527 2886 5589 elegantissunum
2915 5539 3037 5577 csse
3077 5533 3285 5587 censet,
3328 5535 3384 5576 et
3416 5523 3673 5575 Historia:

2112 5610 2221 5653 sua:
2260 5596 2353 5659 lib.
2400 5607 2450 5657 v,
2475 5609 2593 5662 cap.
2631 5594 2715 5658 l9,
2761 5593 2978 5660 inserit,
3005 5595 3380 5664 subjiciamus.
3408 5594 3500 5650 Ait
3540 5606 3675 5679 ergo

510 5784 524 5815 ¹
558 5784 681 5840 Lib.
724 5784 975 5855 [‘rtcscrq
1006 5806 1057 5845 c.
1086 5790 1174 5881 55.
1255 5794 1273 5823 ²
1305 5791 1423 5847 Lib.
1454 5796 1524 5850 De
1557 5799 1687 5865 har.
1767 5799 1784 5827 ³
1817 5797 1933 5851 Lit».
1970 5816 1995 5847 γ
2038 5799 2197 5869 Hist,
2248 5814 2369 5868 cap.
2407 5799 2491 5853 l9.
2568 5798 2587 5829 ⁸
2633 5796 2750 5859 Lib.
2791 5815 2822 5855 v
2859 5796 3020 5866 Hist.,
3050 5816 3097 5854 c.
3132 5802 3186 5867 8,
