3954 6372
406 318 532 374 1851

1726 314 2085 372 VARZORUM
2120 316 2339 373 ΝΟΤᾸΞ·

3520 319 3663 374 1852

477 435 691 506 Dictum
743 430 950 506 Christi
994 431 1160 506 _.loan.
1189 447 1279 506 vr:
1339 450 1356 482 ι
1389 431 1535 506 Caro
1579 450 1713 506 ιιιιιιΔ
1749 435 1998 506 prodest,

2107 432 2253 485 υῦτον
2282 433 2507 506 ἔκυρσαν
2534 434 2619 487 τὸν
2653 435 2847 506 τρόπον
2874 476 2887 498 ,
2956 433 3014 506 id
3050 444 3130 487 est
3162 475 3177 499 ,
3230 433 3447 485 Valcsio
3478 433 3660 506 inter-

411 504 731 574 quidquam,
763 520 780 553 ι
818 503 888 554 ita
913 500 1223 555 Calvinisla:
1252 502 1303 554 in
1327 500 1648 574 prwfatione
1677 501 1967 555 Ortliodoxi

409 571 689 628 consensus
722 581 1041 639 exponunt,
1103 582 1159 623 ut
1207 580 1429 637 peracto
1480 571 1535 623 in
1560 586 1723 624 cruce
1774 574 1980 625 redem-

410 645 611 712 ptionis
634 642 911 710 mysterio,
932 650 986 694 et
1008 642 1151 693 dicto
1173 659 1189 690 ι
1212 642 1660 694 Consummatnm
1684 652 1787 702 est,
1816 661 1833 692 ι
1858 656 1978 694 car-

413 715 501 766 nis
536 713 735 766 Christi
784 712 834 763 in
880 712 1038 763 terris
1096 712 1383 777 prteseulia
1429 712 1648 762 minime
1677 712 1979 764 necessaria

418 785 610 842 fuerit;
645 792 697 831 et
717 781 1006 847 Bullinger.
1037 781 1128 833 lib.
1152 779 1224 833 De
1245 780 1445 847 origine
1467 782 1683 840 erroris,
1712 796 1831 847 pag.
1858 780 1976 843 105,

412 854 612 906 dixerit
640 856 884 916 corporis
917 850 1062 901 illius
1090 850 1291 900 nullum
1331 852 1552 916 po~thac
1591 849 1758 903 fuisse
1801 866 1977 903 usuin.

416 922 628 975 Nullum
688 929 771 971 est
805 919 1027 971 dubium
1085 920 1255 985 ipsum
1288 922 1448 971 etiam
1485 920 1750 971 diabolmu
1784 922 1850 973 ab
1882 921 1982 973 hac

414 991 745 1055 blaSpheniia
773 989 1085 1041 abhorrere.
1113 990 1219 1040 Cur
1244 992 1387 1043 enim
1419 991 1726 1054 aliquauditt
1753 990 1803 1041 in
1824 1004 1983 1041 cruce.

413 1072 709 1125 suspensus
742 1059 1062 1119 mansisset?
1090 1060 1197 1111 Cur
1227 1060 1499 1127 sepultus?
1528 1060 1636 1111 Cur
1662 1076 1753 1127 per
1769 1058 1980 1112 40dies

414 1139 769 1183 conversatus
820 1146 942 1180 cum
989 1128 1281 1195 apostolis?
1332 1131 1440 1182 Cur
1490 1128 1709 1181 Thomas
1737 1131 1981 1182 dictum:

420 1216 438 1248 ι
477 1197 619 1248 lnl'er
643 1198 869 1263 digitum
907 1200 1008 1250 huc
1031 1198 1059 1252 ?-
1086 1218 1103 1248 ι
1169 1198 1277 1250 Cur
1311 1200 1492 1251 carnis
1521 1208 1574 1250 et
1600 1199 1877 1266 sanguinis
1900 1199 1984 1251 in-

415 1268 643 1321 stitutus
671 1269 737 1319 ab
768 1284 833 1319 eo
867 1268 1201 1320 sacramenti
1242 1283 1371 1321 usus
1416 1269 1585 1320 donec
1616 1267 1838 1320 veniat?
1878 1269 1986 1321 Cur

417 1337 469 1390 in
500 1338 685 1390 eadem
734 1352 897 1390 carne
943 1338 1211 1390 rediturus
1261 1346 1379 1399 est,
1431 1339 1473 1390 si
1531 1337 1710 1390 nullus
1760 1347 1841 1393 est
1872 1336 1986 1403 ejus

418 1406 580 1458 usus?
608 1404 681 1461 lta
719 1406 1139 1460 Sacramentarii
1166 1422 1229 1460 ex
1264 1422 1368 1459 uua
1400 1407 1732 1473 blasphemia
1770 1408 1822 1459 in
1852 1407 1988 1460 alias

417 1476 799 1545 prolabuntur.

486 1543 714 1600 Joannis
743 1561 834 1599 vni
864 1562 876 1603 :
920 1564 939 1596 ι
961 1546 1231 1599 Abraham
1254 1545 1392 1598 vidit
1421 1543 1558 1597 diem
1580 1560 1782 1608 mcum,
1812 1556 1868 1599 et
1895 1563 1989 1614 ga-

417 1615 566 1669 visus
597 1625 700 1667 est.
728 1635 749 1669 ι
808 1616 885 1672 Ex
939 1615 1023 1668 his
1073 1614 1208 1672 Beza
1261 1626 1487 1667 conatur
1531 1618 1762 1681 probare
1800 1632 1989 1670 omnes

419 1686 761 1754 patriarchas
815 1683 1088 1754 Christum
1145 1685 1817 1754 prwsetiteiughabuisse,
1880 1700 1986 1739 non

2079 514 2231 571 prele
2266 520 2280 554 :
2313 502 2334 553 ι
2368 502 2423 556 lit
2450 520 2557 572 quo
2580 502 2741 557 etiam
2774 505 2907 558 libro
2940 505 3167 571 primam
3190 519 3249 555 se
3275 504 3654 571 apostolorum

2079 574 2481 631 successionem
2533 575 2825 641 contigisse
2862 575 3147 641 significat.
3201 573 3308 625 Sed
3370 584 3427 625 et
3458 574 3512 623 iu
3548 575 3656 624 line

2078 644 2315 709 ejusdem
2350 644 2470 695 lihri
2506 645 2906 697 adnotationem
2953 642 3335 712 (Hieronymus
3394 643 3446 693 in
3478 641 3652 694 Curat.

2079 714 2260 778 script.
2300 713 2481 765 eccles.
2518 715 2567 765 iu
2606 712 2805 765 Ircnzro
2835 753 2848 775 ,
2892 712 3135 764 Bullinus
3168 726 3220 764 et
3256 712 3656 776 Chrislophor-

2082 796 2248 835 sonus
2305 792 2578 835 verterant
2644 784 3136 846 «subscriptionem
3166 783 3230 847 i)
3297 781 3651 833 utilissimam

2082 853 2401 917 reperimus,
2426 868 2542 917 qua:
2564 853 2686 904 huic
2703 853 2950 906 historia:
2976 861 3171 904 nostra":
3195 851 3486 904 inserenda
3519 851 3649 903 mihi

2083 922 2297 973 videtur
2329 938 2342 985 ;
2377 922 2454 973 sic
2483 932 2659 973 autem
2697 923 2873 976 habet.
2918 941 2935 972 ι
2969 931 3076 973 elc.

2081 991 2462 1043 Adnotationes
2481 988 2928 1043 Fr.Feuardentii
2952 992 3003 1042 in
3022 991 3377 1058 fragmean
3401 988 3656 1059 Epistolc

2446 1063 2452 1066 ⁴
2681 1062 2749 1112 ad
2781 1059 3077 1112 Florinum.

2155 1129 2284 1195 Pag.
2318 1129 2441 1183 559.
2481 1129 2595 1183 Ista
2629 1132 2895 1198 dogmata.
2941 1130 3019 1183 Ex
3070 1128 3149 1182 his
3193 1128 3452 1181 observat
3481 1128 3652 1181 Euse-

2085 1198 2209 1252 bius
2267 1198 2526 1252 Ireuzeum
2558 1215 2677 1253 cum
2721 1203 2874 1253 beato
2897 1211 2949 1253 et
2985 1198 3286 1265 apostolico
3335 1202 3458 1249 viro
3500 1198 3661 1266 Poly-

2087 1284 2251 1336 carpo
2278 1283 2464 1337 magna
2496 1269 2865 1323 familiaritate
2905 1269 3245 1334 conjunctum
3274 1268 3481 1329 fuisse;
3517 1270 3661 1334 quod

2086 1337 2162 1391 illi
2195 1353 2296 1391 non
2331 1339 2498 1392 solum
2529 1339 2715 1392 honori
2758 1340 2875 1399 fuit,
2902 1340 2994 1392 sed
3043 1348 3095 1389 et
3126 1338 3362 1399 virtutis,
3399 1348 3457 1389 ct
3493 1339 3665 1404 pieta-

2090 1408 2180 1469 tis,
2215 1418 2267 1461 et
2296 1422 2436 1460 verte
2474 1409 2750 1478 religionis
2797 1421 2958 1475 atque
2990 1408 3225 1476 purioris
3256 1408 3530 1460 doctrina:
3576 1420 3663 1460 ac-

2088 1478 2387 1545 cessionem
2414 1478 2698 1545 plurimam
2734 1478 2932 1531 attulit.

2159 1544 2293 1599 Sunt
2325 1545 2574 1601 Ecclesiw
2605 1549 2970 1616 repugnantia.
3027 1545 3082 1599 Si
3127 1554 3232 1598 tam
3274 1544 3578 1598 absurdum
3613 1556 3667 1599 et

2091 1616 2316 1682 impiutn
2350 1630 2535 1670 censet
2558 1617 2762 1685 aliquid
2792 1617 2995 1669 sentire
3024 1625 3115 1667 aut
3139 1618 3359 1677 docere,
3398 1617 3668 1669 adversus

2091 1701 2153 1740 ea
2196 1684 2442 1752 quwjam
2470 1702 2563 1754 per
2602 1684 2864 1740 ducentos
2892 1700 3062 1737 annos
3087 1693 3340 1737 tenuerat
3365 1686 3617 1738 Ecclesia
3650 1726 3666 1747 ,

423 1752 601 1846 minus
632 1770 793 1835 quam
821 1771 936 1836 nos,
975 1753 1246 1821 Colloquio
1263 1752 1575 1846 ilfomlpelg”
1612 1769 1731 1834 pag.
1756 1754 1843 1816 67,
1875 1768 1991 1807 cor-
2024 1792 2066 1846 Β
2091 1756 2218 1846 quid
2251 1752 2495 1846 di'ctulrus
2518 1767 2684 1819 esset,
2792 1766 2911 1822 post
2940 1756 3083 1846 mille
3118 1763 3171 1846 at
3201 1757 3544 1835 quingentos
3574 1772 3671 1846 aluo

422 1839 523 1892 pus
545 1824 744 1877 Christi
777 1827 947 1879 etiam,
978 1837 1223 1890 tempore
1254 1823 1486 1876 Abralue
1517 1824 1823 1887 exstitisse,
1858 1839 1981 1892 pag.

424 1893 512 1947 77.
547 1894 653 1954 Cur
686 1895 849 1962 igitur:
878 1894 1127 1947 Christus
1172 1894 1247 1951 ait
1299 1892 1494 1949 multos
1552 1909 1703 1959 reges
1752 1904 1805 1947 et
1858 1909 1984 1960 pro-

423 1962 614 2031 phetas
640 1965 875 2017 voluisse
907 1964 1089 2015 videte
1125 1973 1177 2015 et
1213 1963 1433 2023 audire,
1486 1973 1536 2014 et
1577 1978 1679 2015 nou
1720 1973 1843 2016 sunt
1872 1964 1988 2016 litec

423 2036 654 2085 assecuti
679 2034 760 2085 ‘°?
798 2034 906 2086 Cur
936 2032 1159 2098 angelus
1186 2034 1260 2084 ait
1292 2049 1305 2083 :
1346 2050 1363 2079 ι
1388 2031 1550 2084 Natus
1584 2041 1667 2085 est
1696 2034 1869 2085 vobis
1893 2034 1991 2085 h0-

423 2104 509 2172 die
533 2103 572 2133 ¹²
592 2102 615 2157 ?
636 2122 655 2153 ι
691 2102 798 2155 Cur
826 2103 1048 2162 l’aulus,
1080 2107 1328 2155 veniente
1352 2100 1682 2172 plenitudine
1706 2103 1989 2172 temporis,

424 2170 701 2224 Christqu
735 2186 801 2233 ex,
830 2172 1052 2222 muliere
1080 2184 1265 2227 uatum
1290 2185 1408 2223 esse
1430 2170 1509 2221 “‘I

497 2239 783 2295 Gualterus
836 2242 887 2293 iu
930 2240 1019 2293 lib.
1074 2240 1146 2291 De
1192 2240 1398 2293 incarn.
1434 2237 1561 2291 Filii
1597 2238 1728 2303 Dei,
1781 2239 1873 2295 fol.
1902 2240 1990 2306 61,

424 2310 567 2365 dicta
608 2310 839 2370 Christi;
885 2327 902 2358 ι
967 2308 1238 2377 ltelinquo
1282 2312 1579 2372 mundum;
1631 2325 1737 2362 nou
1780 2326 1897 2363 sum
1939 2314 1991 2365 in

427 2382 659 2445 mundo;
692 2384 776 2432 ubi
805 2383 911 2433 duo
941 2389 1034 2431 aut
1059 2390 1166 2431 tres
1189 2392 1401 2445 congn,
1423 2387 1565 2442 etc.;
1594 2394 1722 2432 ecce
1751 2395 1849 2447 ego
1874 2397 1992 2434 sum

424 2449 733 2512 vobiscum,
765 2465 871 2504 etc.
897 2449 963 2513 ¹³,
995 2469 1012 2501 ι
1043 2460 1203 2516 negat
1244 2449 1536 2501 seruudutn
1570 2449 1811 2501 litteram
1846 2452 1995 2504 acci-

427 2520 621 2587 pienda
663 2536 785 2573 esse
816 2559 830 2583 ,
885 2531 990 2575 etc.
1048 2520 1127 2571 Ad
1159 2520 1273 2571 haac
1307 2528 1487 2571 autem
1551 2534 1863 2587 rcSpousum
1915 2529 1999 2574 est

425 2589 681 2657 deinceps
718 2590 991 2644 Christqu
1049 2603 1154 2642 non
1196 2587 1427 2655 amplius
1468 2588 1752 2642 visibiliter
1783 2597 1836 2642 et
1865 2605 1995 2645 sen-

427 2657 659 2713 sibiliter
685 2662 966 2714 nobiscum
1006 2660 1210 2713 versari
1241 2659 1293 2711 in
1326 2657 1503 2711 terris.

499 2728 751 2798 Ciuglius,
793 2729 881 2783 lib.
922 2729 1007 2789 De,
1046 2746 1164 2782 uera
1211 2739 1256 2782 et
1285 2727 1424 2797 falsa
1470 2728 1642 2797 relig.,
1698 2744 1818 2797 pag.
1872 2729 1996 2797 262,

432 2809 636 2853 textum
664 2801 936 2868 Evangelii
965 2802 1038 2853 ita
1071 2799 1399 2864 corrumpit:
1433 2816 1450 2848 ι
1477 2798 1567 2868 Sic
1599 2800 1758 2851 habet
1786 2799 1996 2855 Lucas:

428 2869 696 2935 Christus,
723 2867 944 2938 accepto
973 2885 1133 2939 pane,
1156 2870 1358 2938 gratias
1380 2869 1513 2937 egit,
1548 2867 1726 2937 fregit,
1756 2879 1810 2922 et
1832 2870 2000 2935 dedit,

429 2941 663 2993 dicens:
728 2940 840 2994 Hoc
890 2940 1162 3009 significat
1193 2952 1392 3005 corpus
1443 2953 1662 3005 meum,
1715 2939 1854 3009 quod
1906 2954 2003 3005 pro

430 3011 585 3063 vobis
610 3010 788 3067 datur.
827 3028 853 3065 ι.
898 3008 1021 3062 Hice
1054 3010 1371 3078 depravatio
1413 3010 1697 3061 verborum
1732 3008 1851 3062 Filii
1886 3009 1999 3074 Dei,

433 3080 516 3133 vel
556 3081 690 3144 sola,
740 3096 927 3133 omnes
962 3080 1079 3146 pios
1106 3078 1587 3133 aCalviuistarum
1623 3079 1897 3132 consortio
1951 3090 2004 3132 et

434 3132 707 3218 itiipietate
744 3132 1025 3203 deterrere
1060 3132 1308 3201 debebat.
1345 3147 1456 3198 Non
1489 3157 1665 3214 potest
1707 3151 1805 3201 hoc
1830 3150 2005 3203 scelus
2032 3132 2074 3189 θ

431 3218 630 3285 Cingiii
667 3220 773 3272 ullo
801 3220 980 3273 colore
1014 3221 1287 3271 excusari.
1353 3218 1569 3269 l’rodite
1600 3256 1615 3279 ,
1652 3218 1909 3272 increduli
1951 3229 2006 3274 et

432 3287 583 3342 ἄθεοι
629 3289 938 3345 Calvinista:
967 3328 981 3355 ,
1011 3299 1065 3341 et
1095 3287 1364 3340 defendite
1395 3288 1537 3341 hunc
1571 3298 1809 3341 vestrum
1845 3292 2005 3342 falsa-

435 3375 602 3416 l'HlIll.

504 3428 819 3483 Calvinista:
851 3429 903 3482 in
927 3426 1206 3481 Cacodoxo
1237 3442 1493 3479 consensu
1519 3467 1533 3491 ,
1581 3441 1703 3496 pag.
1736 3428 1834 3493 18,
1886 3428 2003 3495 125,

439 3498 567 3565 196,
595 3500 861 3561 scribunt,
890 3498 942 3551 iu
974 3500 1058 3550 his
1085 3498 1265 3549 verbis
1297 3498 1674 3563 evangelista):
1717 3516 1738 3547 ι
1770 3496 2007 3559 Verbum

437 3583 568 3623 caro
590 3568 794 3621 factum
821 3567 986 3632 est“,
1010 3586 1028 3618 ι
1058 3566 1365 3620 necessario
1390 3568 1454 3617 ad
1481 3578 1692 3634 tropum
1724 3582 2007 3621 recurren-

437 3641 564 3692 dum
591 3651 731 3701 esse,
780 3647 888 3692 etc.
946 3638 1086 3705 Ergo
1116 3645 1170 3689 et
1216 3638 1317 3688 ista
1355 3644 1559 3689 tantum
1594 3640 1799 3704 tropica
1831 3646 1958 3690 sunt
1992 3659 2005 3694 :

442 3726 465 3763 ι
503 3707 600 3762 Hic
647 3717 731 3762 est
778 3707 948 3761 Filius
998 3705 1501 3771 meusdilectus”;
1555 3706 1643 3758 hic
1674 3705 1940 3761 estJesus
1978 3725 2007 3763 a

441 3777 730 3851 Dazaretli,
757 3779 1015 3851 propheta
1043 3777 1115 3840 ‘5;
1157 3793 1257 3851 ego
1281 3792 1399 3828 sum
1420 3816 1445 3851 ,ι
1470 3776 1634 3828 nolite
1664 3779 1854 3851 timere
1884 3777 1947 3830 ”.
1983 3797 2002 3829 ι

440 3849 638 3917 Sicque
674 3850 811 3900 nihil
837 3852 1073 3910 lirinum,
1108 3848 1238 3899 nihil
1274 3848 1513 3916 unquam
1546 3848 1761 3915 proprie
1784 3849 2006 3913 dictum,

438 3920 579 3989 quod
607 3918 900 3972 lueresibus
932 3921 1271 3989 adversetur,
1304 3927 1411 3989 etc.

512 3992 687 4058 Atque
715 3992 826 4040 haec
850 3987 1118 4040 stilliciaut
1143 3989 1208 4039 ad
1244 3984 1702 4045 uiauifestaudam
1732 3987 2009 4050 Calvinia-

441 4073 634 4118 norum
664 4060 715 4111 in
741 4058 1137 4124 perverteudis,
1194 4058 1576 4125 depravandis,
1613 4058 2009 4113 adulterandis-

442 4142 546 4198 que
567 4129 741 4182 sacris
775 4128 1097 4198 Scripturis,
1147 4140 1405 4198 satiaque
1425 4129 1818 4194 corrumpenda
1854 4128 2010 4183 intel-

442 4196 683 4269 ligentia,
709 4198 1034 4254 diabolicam
1051 4197 1205 4269 plane
1219 4196 1502 4269 audaciam
1526 4205 1579 4253 et
1598 4198 2009 4269 impudentiam,

443 4267 506 4321 ιιῐ
539 4269 620 4321 vel
654 4269 751 4337 ipsi
808 4270 1022 4320 laudent
1076 4267 1143 4318 ab
1194 4280 1257 4337 ea
1300 4268 1655 4337 resipiscam;
1695 4269 1778 4320 vel
1820 4268 2010 4321 saltem

442 4339 533 4409 qui
565 4336 801 4409 nondum
832 4338 899 4390 ab
928 4337 1017 4409 his
1039 4344 1170 4389 sunt
1197 4336 1477 4409 fascinati,
1502 4336 1788 4409 diligenter
1812 4337 2014 4409 alritn-

442 4406 681 4478 posmris
712 4408 928 4478 illorum
958 4407 1056 4463 sibi
1091 4417 1342 4459 caveant.
1367 4406 1539 4478 Quod
1585 4408 1631 4460 si
1666 4418 1771 4460 tam
1803 4406 2010 4460 nefaria

444 4462 495 4533 ῖιι
524 4492 834 4545 expressum
862 4475 952 4528 Dei
994 4462 1210 4530 verbum
1236 4462 1545 4539 adiuitTuut,
1570 4479 1841 4546 quomodo
1883 4479 2007 4531 abs-
2046 4462 2090 4518 Ῐ)

444 4551 691 4602 tinebuut
727 4564 753 4599 a
802 4559 1110 4600 sanctorum
1156 4546 1374 4608 l’atrum
1426 4550 1677 4615 scriptis,
1728 4562 1863 4616 quos
1907 4558 2010 4600 tam

444 4620 646 4671 diserte
698 4626 1120 4684 constanterque
1184 4619 1298 4669 suis
1363 4620 1641 4671 erroribus
1716 4633 2015 4686 repugnare

445 4689 865 4758 haudquaquam
891 4687 1170 4758 ignorare,
1194 4688 1459 4754 possunt?
1498 4688 1602 4741 Sed
1648 4689 1712 4741 de
1746 4690 1828 4741 his
1861 4688 2009 4742 alibi.

444 4759 596 4812 Nunc
616 4756 691 4813 ad
714 4756 889 4813 sancti
922 4756 1111 4809 Irenaei
1150 4757 1448 4825 fragmenta
1487 4759 1788 4811 redeamus.

441 4829 529 4883 Ea:
550 4830 711 4884 Joan.
740 4826 953 4881 Ernesti
972 4825 1152 4878 Crabii
1180 4828 1608 4881 adnotationibus
1636 4830 1691 4880 in
1719 4827 2010 4885 clausulam

966 4898 1085 4948 libri
1117 4898 1186 4950 De
1207 4898 1479 4961 Ugdoade.

512 4970 645 5041 Pag.
666 4970 791 5024 559.
835 4965 1071 5038 Ὁρκίζω
1087 4983 1178 5021 σε.
1209 4969 1470 5021 Eusebius
1497 4968 1615 5021 loco
1641 4968 1827 5041 citato,
1868 4969 2008 5023 facta

443 5043 568 5098 libri
598 5040 670 5095 De
702 5042 955 5110 Ogdoade
982 5042 1250 5091 mentione
1269 5078 1282 5101 ,
1330 5040 1752 5110 reeitatam_cjus
1772 5042 2010 5110 ,clausu-

442 5114 548 5185 lam
582 5104 1029 5185 transcripturus,
1058 5111 1128 5161 ita
1158 5111 1413 5185 praefatur
1436 5109 1584 5185 :M’Ev
1699 5109 1800 5185 καὶ.
1819 5112 2012 5185 ἐπιση-

489 5183 695 5236 αίνεται
724 5178 829 5254 ap
859 5178 1088 5254 νπρώξηγ
1120 5178 1228 5231 τῶν
1248 5249 1259 5254 _
1277 5178 1587 5254 ἀποςτόλῳν
1632 5178 2012 5253 κατειληφένὰι

444 5201 695 5306 raverat
724 5201 821 5254 την
868 5201 1088 5250 πρωτην
1120 5201 1228 5231 των
1277 5201 1587 5232 αποστοΛων
1632 5201 2011 5253 κατειληφεναι

477 5254 635 5324 oro-coit
659 5253 929 5322 διαδοχήν.
968 5250 1134 5324 Ἔνθα
1163 5249 1304 5324 πρὸς
1344 5250 1422 5324 τῷ
1457 5250 1549 5303 τοῦ
1579 5254 2011 5324 ,συγγράμματος

443 5321 607 5396 τέλει,
632 5325 990 5396 χαριεστάτην
1025 5321 1188 5396 αὐτοῤ
1216 5323 1509 5396 σημείοισιν
1535 5321 1812 5396 εὑρόντὲς,
1844 5321 2012 5394 ἀναγ-

446 5392 768 5467 καίωςηκὰὶ
821 5392 1025 5464 ταύτην
1074 5392 1203 5464 τῇδε
1260 5392 1628 5465 καταλέξομεὺ
1673 5398 1737 5466 τῇ
1794 5392 2003 5469 amatr/ﬁ,

523 5544 567 5576 “
584 5542 718 5597 Luc.
757 5558 811 5606 Χ,
836 5541 926 5594 24.

449 5616 489 5645 ³⁸
518 5615 671 5671 Joan.
703 5628 742 5677 ι,
776 5612 863 5664 14.

446 5686 556 5757 2U.”
616 5684 658 5716 ιδ
691 5684 911 5757 Summa
940 5681 1365 5757 Christianismi,
1394 5702 1517 5757 pag.
1555 5689 1644 5749 ι’ῐ1
1680 5681 1880 5749 81⁷178.

449 5758 491 5786 ³⁸
520 5756 656 5813 Gen.
696 5768 734 5823 ι,
788 5753 876 5814 at.
955 5752 998 5782 ”
1034 5752 1162 5821 Sap.
1196 5769 1253 5823 ti,
1289 5755 1380 5812 ⁸21.

1003 5539 1201 5612 “ALuc.
1228 5557 1291 5605 ιι,
1325 5540 1411 5599 11.
1493 5544 1533 5575 ¹¹
1566 5545 1686 5602 Gal.
1727 5564 1798 5612 iv,
1828 5548 1882 5604 1.

1960 5691 2000 5720 ³⁸
2027 5689 2166 5745 l’sal.
2206 5706 2256 5758 v,
2291 5689 2343 5744 5.

2093 1825 2260 1878 dissct
2295 1823 2592 1879 Lutherutn
2618 1824 3041 1878 vociferantem?
3066 1843 3083 1874 ‹
3116 1822 3231 1876 Non
3259 1822 3393 1876 euro
3427 1825 3473 1877 si
3519 1828 3670 1878 mille

2090 1894 2374 1961 Augustini
2407 1934 2421 1953 .
2487 1896 2631 1949 mille
2662 1896 2941 1964 Cypriani.
2994 1894 3140 1948 mille
3179 1894 3441 1947 Ecclesiae
3472 1906 3666 1947 contra

2092 1978 2177 2018 me
2200 1965 2439 2017 starent?
2469 1983 2488 2016 ι

2160 2031 2277 2085 Ista
2304 2037 2548 2103 dogmata
2592 2051 2654 2088 ne
2679 2035 2911 2104 ltwretici
2961 2035 3193 2104 quidem.
3254 2032 3418 2104 Certe
3463 2034 3670 2101 Carpo-

2092 2112 2269 2156 crates
2324 2114 2376 2157 et
2406 2104 2641 2158 Marcion
2693 2103 2996 2163 maluerunt
3041 2104 3221 2172 plures
3254 2103 3388 2158 deos
3437 2105 3673 2157 camini-

2094 2172 2260 2234 nisci,
2291 2188 2450 2241 quam
2477 2176 2568 2227 uni
2594 2183 2649 2227 et
2687 2188 2813 2226 vero
2853 2174 2962 2227 Deo
2998 2173 3270 2227 ascribere
3293 2188 3521 2227 causam
3552 2173 3670 2224 elli-

2095 2243 2459 2312 cientiainque
2494 2256 2879 2312 peccatorum;
2928 2259 2957 2295 a
3012 2260 3115 2311 qua
3167 2252 3346 2295 tamen
3388 2244 3667 2309 impietate

2096 2327 2237 2365 nunc
2268 2311 2386 2365 non,
2420 2316 2713 2367 abhorrent
2744 2311 3076 2377 Calviuiani,
3119 2312 3580 2380 quemadmodbm
3618 2312 3671 2363 iu

2097 2380 2321 2448 dialogis
2349 2383 2685 2437 ostendimus
2709 2393 2762 2435 et
2799 2382 3217 2435 confutavimus.
3262 2380 3418 2447 Quod
3457 2397 3527 2433 ne
3572 2396 3673 2448 pm

2097 2461 2356 2521 consueta
2388 2452 2715 2521 impudentia
2752 2466 2951 2521 negare
2973 2453 3245 2513 audeant,
3288 2466 3418 2505 ecce
3450 2465 3671 2503 rursum

2100 2520 2204 2572 alia
2232 2522 2374 2573 Petri
2404 2520 2643 2574 Verinil-ii
2661 2520 2847 2575 eorum
2868 2522 3161 2590 symmista:
3183 2532 3372 2575 contra
3397 2535 3673 2573 summam

2100 2591 2193 2644 Dei
2227 2591 2520 2644 bonitatem
2570 2604 2625 2643 et
2656 2594 3000 2644 sanctitatem
3053 2593 3424 2658 pronuntiata.
3484 2590 3539 2641 lu
3576 2590 3670 2642 lib.

2099 2660 2349 2713 Ιιεάίιτιιιιῑ
2386 2677 2502 2728 pag.
2533 2661 2636 2714 5‘2:
2674 2680 2691 2710 ι
2757 2662 2897 2717 Deus
2946 2664 3324 2729 quoquomodo
3374 2672 3460 2714 est
3504 2676 3675 2713 causa

2102 2732 2331 2799 peccati.
2363 2750 2381 2782 ι
2447 2731 2575 2783 ltem
2608 2749 2620 2783 :
2682 2750 2700 2781 ι
2739 2730 2877 2784 Deus
2913 2731 3290 2799 quoquomodo
3334 2731 3447 2783 vult
3482 2744 3674 2797 pecca-

2105 2808 2238 2851 tum.
2273 2816 2292 2851 >
2325 2800 2468 2853 Idem
2502 2802 2554 2854 in
2585 2801 2781 2854 librum
2810 2817 2826 2853 ι
2857 2800 3146 2863 Samuelis,
3183 2816 3304 2868 pag.
3340 2799 3407 2852 2|
3434 2816 3446 2851 :
3485 2816 3504 2849 ι
3536 2801 3674 2851 Deus

2105 2884 2210 2922 non
2262 2880 2468 2924 tantum
2518 2871 2818 2937 permittit,
2873 2870 3177 2938 sedictiam
3237 2879 3390 2922 certo
3433 2868 3673 2938 quodam

2107 2938 2266 2992 modo
2298 2940 2735 3007 vultpeceatum.
2773 2958 2791 2990 ι
2851 2941 2913 2993 Et
2959 2937 3363 2992 Commentariis
3396 2937 3463 2991 in
3496 2937 3671 3007 Epist.

2106 3008 2173 3062 ad
2224 3007 2379 3062 Rom.
2428 3006 2553 3080 pag.
2605 3010 2737 3062 $05:
2802 3029 2819 3059 ι
2856 3012 2993 3063 Deus
3048 3009 3238 3061 incitat
3286 3008 3563 3080 diabolum
3610 3006 3679 3057 ad

2111 3078 2557 3133 mentiendum.)
2627 3080 2847 3149 Pagina
2886 3080 2989 3134 106
3017 3096 3040 3149 εί
3104 3096 3122 3128 ι
3181 3080 3317 3132 Deus
3356 3091 3443 3132 est
3494 3078 3678 3149 aliquo

2110 3150 2269 3202 modo
2298 3166 2457 3202 causa
2483 3146 2725 3217 peccati:
2749 3168 2767 3200 ι
2828 3148 2957 3217 Pag.
2983 3148 3052 3201 58
3081 3166 3095 3203 :
3159 3167 3177 3198 ι
3214 3149 3351 3201 Deus
3375 3150 3490 3201 vult
3523 3146 3680 3199 illCli‘

2108 3234 2240 3273 nare
2296 3229 2351 3271 et
2394 3216 2671 3291 impellere
2717 3216 3018 3291 voluntates
3053 3219 3336 3291 impiorum
3384 3220 3451 3270 ad
3489 3216 3676 3291 gravia

2107 3299 2347 3356 peccata.
2383 3307 2402 3339 ι
2435 3290 2563 3358 l’ag.
2590 3289 2694 3342 40:
2752 3308 2769 3338 ι
2812 3289 2905 3343 Dei
2932 3289 3175 3342 voluntas
3208 3288 3391 3355 aliquo
3422 3287 3586 3340 tuodo
3613 3287 3678 3338 ad

2106 3368 2385 3426 peccaturo
2410 3362 2810 3429 producendqu
2830 3361 3128 3429 concurrit.
3164 3378 3181 3407 ι
3212 3359 3340 3425 Pagi
3361 3359 3459 3410 τις
3497 3377 3513 3406 ι
3542 3363 3681 3408 Deus

2108 3429 2222 3480 vult
2250 3428 2535 3496 impiorum
2565 3440 2805 3497 peccata.
2831 3449 2848 3479 ι
2917 3428 3052 3480 Deza
3085 3443 3295 3494 quo-ine
3335 3444 3457 3479 cum
3489 3444 3554 3478 eo
3582 3431 3679 3477 ad-

2107 3512 2297 3551 versus
2327 3516 2590 3551 summam
2634 3498 2727 3553 Dei
2772 3499 2939 3551 nostri
2971 3497 3237 3565 justitiam
3282 3508 3336 3549 et
3384 3498 3679 3564 puritatem

2110 3568 2345 3621 dilatatis
2371 3585 2432 3621 os
2462 3584 2614 3622 suum
2653 3569 2948 3622 vociferat:
2987 3566 3027 3617 ~r
3075 3568 3204 3632 Qua:
3238 3567 3375 3619 mala
3413 3576 3543 3619 sunt
3572 3606 3585 3625 ,
3619 3582 3681 3617 ac

2110 3637 2336 3705 proinde
2366 3639 2682 3690 detestanda
2709 3678 2722 3703 ,
2785 3655 2888 3691 nou
2927 3638 3041 3690 fieri
3067 3656 3107 3705 ,ιι
3137 3652 3417 3704 quoquam
3451 3650 3549 3688 seu
3582 3638 3680 3687 ho-

2109 3708 2276 3771 mine,
2304 3723 2395 3760 seu
2420 3708 2653 3769 diabolo,
2685 3711 2800 3761 sine
2830 3710 3047 3760 decreto
3078 3708 3165 3759 Det
3190 3708 3252 3757 η.
3279 3722 3295 3754 ι
3338 3706 3400 3758 Ει
3424 3721 3678 3757 rursum:

2116 3794 2134 3827 ι
2177 3775 2408 3844 Lapsum
2460 3779 2755 3845 primorum
2809 3786 3089 3847 parentum
3136 3778 3253 3830 sine
3305 3779 3586 3847 voluntate
3627 3784 3681 3828 et

2110 3848 2451 3901 ordinatione
2491 3849 2581 3898 Dei
2615 3845 2831 3901 evenire
2866 3863 2968 3899 non
3000 3849 3258 3913 potuisse.
3309 3863 3328 3895 ι
3367 3845 3432 3898 Et
3463 3847 3515 3897 in
3544 3845 3680 3898 libro

2112 3915 2309 3968 Contra
2336 3914 2660 3968 Heshusium
2687 3933 2704 3969 :
2740 3934 2756 3967 ι
2787 3914 2977 3970 Judatn
3005 3917 3226 3970 decreto
3244 3916 3362 3979 Dei,
3392 3924 3444 3968 et
3478 3915 3681 3967 idcirco

2112 3986 2460 4056 necessario,
2501 3986 2783 4039 Dominum
2808 3987 3126 4056 prodidisse.
3162 4004 3181 4037 ι
3232 3986 3362 4039 Item
3399 4008 3409 4039 :
3455 4003 3473 4035 ι
3515 3985 3682 4037 Hero-

2114 4056 2236 4110 dem
2255 4066 2309 4107 et
2334 4054 2565 4108 Pilatum
2594 4054 2908 4110 necessario
2926 4055 3201 4109 Christum
3223 4056 3637 4110 condemnasse.
3658 4074 3676 4107 ι

2113 4123 2158 4180 Ο
2184 4125 2229 4179 si
2265 4126 2568 4193 bujusmodi
2605 4137 2853 4193 portenta
2887 4125 3219 4194 Polyearpus
3250 4125 3517 4194 audisset.
3547 4140 3681 4192 quo-

2113 4195 2215 4249 ties
2241 4191 2523 4263 suspirans
2569 4191 2953 4264 ingeminasset
2983 4191 3343 4258 illud—suum:
3409 4212 3427 4245 ι
3456 4191 3517 4264 ,Θ
3548 4191 3684 4248 bene

2114 4264 2259 4319 Deus
2291 4304 2305 4329 ,
2360 4267 2412 4317 in
2451 4280 2570 4333 qua:
2602 4283 2686 4318 me
2717 4266 2999 4320 reservasti
3051 4267 3326 4332 tempora!
3359 4282 3377 4314 ι
3448 4263 3684 4319 Noverat

2114 4336 2260 4388 enim
2296 4338 2393 4388 hos
2426 4350 2642 4389 errores
2694 4351 2814 4391 esse
2864 4337 2916 4389 in
2952 4336 3120 4389 Deum
3156 4335 3495 4389 horribiliter
3558 4349 3684 4387 con-

2117 4405 2433 4458 tumeliosos
2456 4415 2509 4458 et
2533 4408 2716 4473 generi
2743 4408 2977 4467 humano
3002 4406 3518 4473 perniciosissimus.
3556 4404 3682 4457 Nam

2116 4479 2410 4529 secundum
2443 4477 2812 4543 hocquiututn
2854 4476 3232 4545 evangelium,
3270 4490 3375 4528 nou
3416 4475 3685 4538 diabolus,

2117 4547 2211 4599 sed
2249 4546 2388 4598 Deus
2417 4549 2524 4598 erit
2561 4552 2720 4599 verus
2751 4556 2905 4615 pater
2933 4546 3199 4599 mendacii
3232 4585 3246 4610 ,
3276 4549 3555 4606 seductor,
3594 4560 3688 4597 au—

2117 4625 2344 4683 ctorque
2376 4617 2541 4669 totius
2579 4619 2760 4669 mundi
2799 4615 3087 4669 scelerum.
3138 4615 3202 4668 Et
3255 4616 3371 4669 haec
3397 4618 3691 4685 prapheta-

2118 4700 2238 4738 rum
2266 4687 2484 4738 oracula
2522 4685 2654 4739 falsa
2680 4697 2871 4739 erunt:
2913 4705 2930 4737 ι
2970 4685 3085 4741 Non
3110 4685 3249 4739 Deus
3275 4685 3463 4739 Valens
3486 4686 3691 4754 iniqui-

2119 4766 2283 4833 tatem
2320 4766 2372 4817 tu
2403 4771 2462 4810 es
2481 4755 2555 4821 ”;
2601 4758 2724 4833 nolo
2758 4767 2983 4810 mortem
3010 4756 3313 4833 peccatoris
3333 4757 3400 4821 ’°;
3446 4756 3692 4833 Dei‘per-

2117 4825 2256 4880 fecta
2315 4835 2441 4879 sunt
2482 4842 2643 4895 Opera
2665 4826 2747 4893 a‘;
2801 4838 2993 4879 cuncta
3023 4825 3149 4895 qua:
3191 4827 3324 4880 facit
3377 4837 3505 4879 sunt
3538 4828 3690 4880 valde

2119 4897 2352 4963 bona";
2384 4897 2585 4950 invidia
2618 4897 2816 4952 diaboli
2847 4897 3239 4952 morsiutravit
3270 4898 3323 4951 in
3357 4900 3549 4951 orbem
3568 4897 3640 4961 ⁸³,
3667 4916 3684 4948 ι

2110 4978 2217 5022 etc.

2196 5037 2315 5093 Vidi
2360 5037 2495 5090 enim
2546 5047 2616 5093 te.
2675 5037 2812 5093 llinc
2863 5036 3022 5092 facile
3064 5036 3337 5106 colligitur
3363 5054 3530 5106 quam
3564 5039 3691 5099 vici-

2113 5124 2217 5165 nus
2262 5108 2635 5180 apostolorum
2670 5110 3001 5180 temporibus
3047 5111 3212 5161 fuerit
3242 5107 3507 5163 lrcuzeus.
3559 5109 3690 5161 Nam

2111 5179 2347 5235 Joannes
2370 5181 2646 5247 apostolus
2687 5196 2749 5232 ac
2780 5179 3111 5246 evangelista
3158 5195 3300 5233 anno
3337 5195 3367 5232 a
3403 5181 3691 5232 uativitatc

2115 5251 2318 5306 Christi
2371 5251 2468 5303 ltll
2517 5268 2581 5304 ex
2614 5249 2741 5304 Asia
2789 5251 2999 5302 minore
3049 5251 3300 5318 migravit
3345 5250 3400 5303 iu
3454 5251 3687 5311 caelum;

2120 5321 2447 5392 Polycarpus
2492 5323 2891 5389 nonagenarius
2944 5321 3239 5392 discipulus
3266 5320 3387 5388 ejus
3413 5336 3560 5373 anno
3595 5322 3690 5372 168

2114 5392 2481 5449 illustrissimo
2537 5394 2796 5461 martyrio
2845 5392 2970 5445 hinc
3001 5392 3066 5444 ad
3110 5391 3384 5445 Christum
3430 5394 3687 5445 excessit.

1963 5548 2004 5579 ¹³
2034 5546 2189 5603 Joan.
2220 5564 2331 5611 χιιι,
2360 5546 2459 5610 ‘28;
2494 5561 2646 5614 xvut,
2688 5547 2744 5601 ll
2773 5560 2786 5610 ;
2814 5544 3003 5598 Matth.
3040 5558 3173 5604 xvii,
3231 5542 3338 5614 ΞΟ,
3360 5555 3555 5614 utut,
3599 5541 3686 5593 Et).

941 5610 1207 5685 ’iMa'i‘h-
1245 5628 1337 5685 "li
1360 5615 1455 5678 Πς
1514 5632 1650 5682 xvu,
1678 5619 1744 5685 5;
1777 5610 1904 5674 Luc.
1935 5635 2011 5679 ix,
2048 5620 2136 5675 55.

2213 5620 2259 5651 ⁸⁸
2310 5619 2500 5672 Matth.
2533 5633 2645 5680 xxi,
2681 5618 2764 5672 ll.

2421 5689 2467 5721 ²⁰
2505 5689 2699 5747 limen.
2746 5702 2937 5751 xxxiii,
2972 5686 3056 5739 11.

2844 5617 2882 5645 ⁸⁷
2912 5615 3045 5669 Luc.
3096 5629 3241 5674 xxrv,
3276 5612 3385 5676 55;
3422 5611 3583 5665 Joau.
3618 5628 3689 5673 vr,

3134 5685 3173 5714 ³⁸
3232 5684 3387 5739 Deut.
3424 5696 3604 5749 xxxii,
3637 5682 3691 5733 1.
