3954 6372
305 315 445 373 1855

381 502 507 585 Pas.
536 502 662 585 ξω.
720 506 889 585 Atque
935 520 998 557 ea:
1036 506 1298 585 leo-loco.
1354 508 1628 585 Didicerat
1683 517 1880 585 quippe

302 572 490 652 verbis
519 582 573 625 et
593 572 866 652 exemplis
886 576 1223 652 sanctissimi
1268 580 1495 652 apostoli
1526 572 1879 652 prarce'ptor'is

302 643 388 696 sui
414 640 671 700 Joannis.
713 640 995 697 haereticos
1038 647 1184 701 velut
1209 640 1538 705 manifestos
1563 652 1654 705 Dei
1698 640 1880 712 hostes

302 726 408 766 nec
440 727 561 766 esse
617 712 670 765 in
723 714 930 767 antibus
981 714 1387 782 admittendos,
1440 735 1539 774 nec
1578 722 1880 781 salvatione

301 783 613 859 glirsuana
675 783 1121 859 conveniendus,
1158 786 1422 859 ‘Viderint
1473 806 1617 844 nunc
1658 794 1876 859 plurimi

301 850 669 930 l'jcelesi:i_rt_tin
696 854 998 930 praesules,
1034 857 1124 930 qui
1157 855 1209 907 in
1236 856 1428 930 Galliis
1453 859 1573 913 illos
1601 850 1874 930 iu'pretio,

299 920 354 993 iu
383 922 666 993 [ξιιιιιιιὶιὶο9
696 925 746 975 in
779 922 1006 976 consilio
1032 963 1047 989 ,
1078 926 1127 977 in
1156 941 1336 979 mensa
1367 969 1381 993 ,
1414 929 1465 981 in
1494 920 1692 984 intima.
1712 920 1875 986 fami;

297 990 543 1070 liaritate
567 991 802 1070 retinent
830 1032 855 1070 ._
890 996 1158 1070 quomodo
1205 990 1637 1070 beatissimorum
1666 1018 1877 1070 episco-

297 1075 490 1183 gOrurn
508 1060 813 1179 Poly'carpi,
840 1060 1055 1131 Iguatii,
1076 1062 1260 1119 Ireuwi
1295 1066 1483 1120 relicta
1501 1068 1601 1122 sibi
1622 1060 1870 1141 excmpla

340 1147 457 1183 occ:
493 1147 610 1183 nent
636 1142 746 1183 aut.

340 1147 457 1183 ()CCI
493 1142 746 1184 [ιιιιιιιιιιιι.

297 1148 457 1183 uocet
530 1148 701 1183 enuau
732 1170 746 1183 .

294 1199 386 1253 Ea:
417 1148 580 1257 loga.
607 1148 741 1255 Ernl.
765 1198 950 1276 Graiiii
982 1204 1410 1276 adnotationibus
1438 1206 1491 1259 in
1521 1205 1871 1276 fragmentum

737 1273 971 1340 epistola:
1003 1274 1070 1324 ad
1128 1273 1421 1330 Florinnm.

369 1338 497 1408 Pag.
532 1339 655 1394 359.
708 1338 899 1395 Ταῦτα
930 1342 1000 1396 τὰ
1028 1342 1310 1412 δώματα.
1356 1346 1620 1401 Eusebius
1651 1348 1771 1403 loco
1796 1351 1873 1404 ci-

294 1412 939 1507 93393151322999"?
960 1410 1283 1507 εηζξῖὲηῇᾔξ
1297 1421 1871 1507 anteactam?

292 1479 544 1561 πρὸς-*Ξὺν
580 1479 847 1561 Φζώρῖνον
898 1484 926 1534 ὁ
983 1479 1277 1561 Digni/side
1295 1479 1548 1559 ὲῖιτίστοὶξῇ
1580 1479 1735 1561 αὖθις
1771 1479 1869 1561 ῖτῆς

291 1548 412 1628 ἄνθ
440 1548 783 1628 ΠολΡκάΡάτφ
807 1548 1090 1628 ςυχρυςίοίς
1105 1548 1280 1628 ἀὗτρῦ
1320 1548 1647 1628 μνημονὲύει
1676 1548 1867 1628 λέγωνῖ

296 1637 316 1671 ι
358 1620 525 1699 Porro
555 1622 606 1699 in
632 1620 726 1699 .ea
854 1623 1132 1677 Florinum
1168 1620 1445 1699 epistola,
1484 1629 1551 1683 de
1604 1646 1708 1699 qua
1747 1620 1866 1698 'jant

287 1690 444 1769 prius
471 1690 606 1757 dixi,
632 1690 770 1746 idem
794 1692 1030 1748 lrenarus
1068 1709 1127 1748 se
1149 1690 1278 1769 cum
1305 1694 1599 1769 Polyearpo
1622 1690 1867 1754 'iamilia-

288 1761 424 1814 riter
457 1774 575 1813 esse
605 1776 877 1815 versatum
914 1775 1195 1827 memorat,
1229 1761 1454 1820 dicens:
1497 1761 1664 1825 i'etc.

360 1828 512 1908 Οὐδρ
535 1833 588 1884 υἱ
603 1829 718 1908 Effer
739 1830 856 1885 τῶν
878 1832 1211 1908 ἐκφενζηᾳζας
1224 1837 1501 1901 atpsttxol
1514 1839 1862 1908 ἐτόλμησαν

283 1898 717 1968 ἀποφήνασθαί
738 1918 899 1957 ποτε.
967 1898 1064 1957 Sic
1090 1898 1407 1960 Valentinus
1445 1923 1566 1963 cum
1614 1898 1863 1965 immanis

283 1973 449 2023 caedis
493 1981 548 2024 et
576 1972 827 2025 adulterii
884 1974 1213 2027 mentionem
1268 1975 1530 2041 fecisset,
1589 1995 1651 2033 ac
1696 1980 1859 2032 animi

282 2042 547 2107 penderet
591 2054 839 2118 quanam
892 2043 1082 2095 horum
1116 2044 1379 2118 malorum
1411 2058 1556 2101 esset
1584 2050 1736 2118 origo
1770 2058 1859 2101 al-

281 2124 393 2177 que
429 2124 619 2181 causa,
666 2126 697 2181 a
723 2111 830 2181 Deo
869 2122 1048 2165 tamen
1078 2130 1195 2165 cam
1224 2116 1444 2167 omnino
1477 2111 1747 2181 removet,
1780 2118 1862 2170 di-

282 2179 590 2268 rae}???
622 2179 887 2268 μέγηβεδγ
928 2182 1156 2268 erant
1196 2183 1398 2268 ῖούτιργ
1430 2185 1627 2268 λέγειν,
1658 2179 1861 2268 τολιέᾷν

282 2247 643 2329 (ερςθΑἱρξιιιιι
692 2247 1149 2329 Ireuteiverhuui)
1177 2248 1415 2329 sextio;
1444 2247 1639 2329 τέῆνζ
1688 2247 1863 2311 “caiisa.

282 2321 412 2407 erle-pl
428 2318 563 2371 Θεοῦ
605 2321 809 2407 siti/osi!
823 2338 837 2385 ;
861 2321 1006 2407 (ξμὲν
1171 2318 1407 2407 ἀγξιὶθρςέ
1426 2327 1521 2407 atat
1543 2318 1649 2379 ἐῶν
1676 2345 1860 2407 xpers-

277 2389 449 2470 eovuiv
470 2391 718 2470 ςποιτλτήςς
744 2391 850 2470 τῷν
875 2389 930 2443 δὲ
957 2389 1344 2470 (pastorem
1374 2399 1660 2470 πρόσεστιν
1684 2389 1855 2470 οὖδέν.

282 2495 350 2512 ...
383 2460 497 2539 Kal
524 2460 644 2522 πῶς
664 2460 763 2539 of»:
782 2460 978 2539 ἄξοπον
1000 2505 1012 2523 ,
1052 2464 1143 2515 τὸν
1168 2464 1299 2539 Θεὸν
1317 2460 1727 2539 λεούίτωνῖλέγειν
1768 2469 1860 2539 δη-

282 2530 540 2608 μιουργὸν
564 2569 578 2593 ,
629 2530 718 2608 τὸν
751 2531 920 2584 ταῦτα
974 2536 1405 2605 παραιτούμενον
1428 2553 1441 2601 ;
1468 2556 1484 2588 ι
1528 2530 1707 2594 Deum.
1737 2530 1859 2608 qui-

279 2605 411 2677 dem,
435 2602 618 2677 dicere
651 2603 843 2677 horuiu
892 2602 1193 2677 auctorem,
1229 2602 1333 2677 non
1360 2609 1558 2661 audere
1591 2602 1856 2677 poteram.

281 2707 346 2744 τ..
374 2670 643 2744 Quiettim
674 2672 741 2723 de
783 2672 890 2724 Deo
920 2674 1020 2725 ista
1055 2675 1297 2744 cogitari
1334 2688 1549 2744 possent
1572 2670 1603 2731 Τ
1646 2678 1856 2732 Etenim

279 2739 456 2793 bonus
480 2740 609 2817 _i_lle,_
633 2756 922 2817 rerumque
952 2739 1280 2817 optimarum
1323 2739 1539 2817 creator
1557 2759 1670 2808 est;
1705 2750 1855 2817 pravi

277 2809 573 2881 vero_nihi|
599 2810 697 2877 ipsi
738 2811 900 2864 inest.
1043 2812 1388 2881 Eequomodo
1418 2809 1719 2871 absurdum
1748 2834 1853 2872 non

278 2880 351 2932 sit
408 2879 573 2955 [lcum
622 2882 961 2955 conditorem
995 2879 1223 2955 istorum
1266 2884 1446 2939 dicere
1474 2925 1489 2947 ,
1541 2888 1631 2955 qui
1664 2888 1853 2941 eadem

279 2949 487 3018 respuit
512 2949 535 3003 ἲ
570 2967 607 3020 »Α
652 2950 781 3015 Qua:
810 2959 864 3003 el
886 2952 1039 3019 plura
1066 2951 1167 3004 alia
1193 2954 1331 3007 hanc
1364 2956 1415 3007 in
1448 2949 1857 3020 rem—Valentini,

276 3017 442 3072 verba
475 3034 541 3073 ex
575 3017 827 3090 Origenis
872 3017 1084 3090 dialogo
1113 3034 1303 3083 contra
1357 3022 1706 3087 Marcionitas
1762 3017 1855 3080 de?

1484 324 1546 383 IN
1583 326 2013 393 FRAGMENTA
2053 333 2110 389 S.
2143 334 2411 396 IRENAL‘L

303 428 755 517 Ire'umus_porro‘
777 431 939 517 hujus
985 437 1202 517 auditor
1226 446 1281 493 et
1315 440 1596 517 convictor
1645 446 1877 500 exstitit.
1907 453 1953 510 Α
1987 450 2126 503 diem
2162 492 2177 517 ,

1896 1786 1939 1841 Β
1971 1780 2058 1824 tur
2084 1772 2224 1826 Beda
2278 1772 2371 1825 lib.

3410 339 3544 400 1854

2228 449 2566 529 velutsacra‘.
2603 449 2791 529 syria-si
2824 459 2879 505 et
2911 450 3233 507 beatissimce
3255 468 3542 529 ressurre-

1983 521 2178 574 ctionis
2193 520 2393 574 Christi
2421 520 2693 573 memoria:
2719 520 2953 573 dicatum
2986 523 3342 575 commendet.
3374 523 3543 588 Quor-

1982 604 2100 660 sum
2130 592 2273 645 enim
2313 590 2448 643 alias
2478 588 2792 660 Dominicrrs
2830 591 3289 660 appellaretur"?
3342 592 3542 647 Deinde

1980 657 2222 728 Ignatius
2275 659 2623 712 Autioeheuae
2666 656 2921 714 Ecclesiae
2978 662 3045 713 ab
3102 662 3360 728 apostolis
3407 676 3542 728 pra:-

1982 727 2179 794 iectus,
2211 730 2300 798 qui
2332 729 2463 781 nihil
2493 728 2637 781 aliud
2666 732 2901 783 servavit
2924 740 2977 782 et
3007 727 3189 784 docuit
3218 772 3231 793 ,
3268 731 3365 784 uisi
3397 727 3540 798 quod

1978 800 2047 852 ab
2081 799 2184 854 illis
2218 799 2481 853 didicerat
2509 838 2525 861 ,
2584 808 2901 852 constanter
2931 799 3157 852 docebat
3204 800 3541 853 Christianos

1980 883 2085 922 non
2121 869 2358 937 quolibet
2386 866 2793 937 quartodecimo
2829 869 2967 922 lunte
2999 869 3103 931 die,
3136 870 3228 922 sed
3263 870 3541 923 Dominico

1978 939 2313 991 solummodo
2342 978 2356 999 ,
2404 937 2609 990 Pascha
2643 938 3054 1001 celebrandum;
3106 954 3191 1001 ne,
3246 944 3415 992 moris
3448 937 3540 992 Ju-

1977 1006 2215 1076 tlaeornm
2253 1007 2546 1076 participes
2571 1047 2585 1071 ,
2642 1008 3107 1060 coninmnicarent
3142 1024 3261 1060 cum
3296 1009 3373 1061 eis
3400 1047 3414 1071 ,
3444 1008 3537 1076 qui

1975 1074 2266 1134 Dominum
2309 1088 2363 1130 et
2394 1078 2660 1144 apostolus
2702 1077 2817 1145 ejus
2841 1077 3231 1134 occiderant".
3290 1078 3369 1130 Ad
3403 1074 3535 1145 haec,

1975 1147 2064 1213 qui
2105 1147 2327 1200 llomam
2356 1184 2373 1207 .
2409 1157 2464 1199 et
2501 1147 2637 1199 alias
2660 1158 2839 1213 partes
2868 1144 3180 1199 Occidentis
3206 1144 3538 1209 incolebant,

1975 1217 2049 1269 ait
2078 1214 2440 1270 Socratcslih.
2468 1230 2499 1268 ν
2529 1213 2694 1279 Hist.,
2728 1231 2845 1285 cap.
2869 1216 2959 1280 21,
2997 1216 3212 1268 Petrum
3234 1226 3286 1269 et
3311 1215 3535 1285 Paulum

1974 1285 2254 1352 apostolos
2278 1285 2746 1349 consuetudinem,
2779 1284 2940 1352 Quam
2972 1285 3043 1337 illi
3068 1295 3251 1339 tenent
3275 1325 3289 1346 ,
3331 1284 3535 1338 Pascha

1974 1355 2059 1424 die
2088 1355 2365 1409 Dominico
2403 1365 2521 1421 post
2568 1354 2835 1424 “lunam
2863 1354 3198 1408 celebrantes
3227 1396 3241 1418 ,
3274 1356 3401 1424 ipsis
3451 1368 3539 1407 re-

1971 1422 2193 1491 liquisse
2220 1435 2542 1478 constanter
2572 1422 2911 1477 allirmabaut
2940 1435 2993 1476 et
3018 1422 3339 1477 retinebant.
3369 1424 3538 1489 Quin-

1972 1494 2134 1547 etiam
2163 1495 2376 1547 beatum
2410 1493 2647 1546 Marcum
2676 1494 2922 1546 eumdem
2961 1494 3143 1556 ritum,
3178 1496 3245 1546 ab
3280 1492 3537 1560 apostolis

1972 1574 2278 1631 acceptum,
2301 1564 2421 1632 suis
2452 1562 2831 1617 Alexandrinis
2861 1577 2923 1614 ac
2954 1561 3220 1632 [Egyptiis
3252 1563 3536 1623 tradidisse

1970 1632 2159 1686 scribit
2199 1634 2257 1686 S.
2296 1631 2616 1685 Protherins
2658 1633 2825 1699 episc.
2882 1631 3143 1686 Alexand.
3184 1637 3341 1699 epist.
3376 1633 3440 1685 ad
3470 1631 3534 1684 S.

1968 1700 2204 1755 Leonem
2241 1702 2400 1758 Rotn.
2428 1702 2763 1769 pontiﬁcem,
2798 1703 3244 1769 quemadmodum
3278 1701 3536 1755 testiﬁca-

2475 1788 2500 1823 e
2531 1772 2735 1824 ratione
2759 1781 3045 1839 temiiornm
3073 1813 3086 1835 ,
3119 1787 3239 1839 cap.
3279 1772 3369 1824 42.
3428 1771 3532 1823 Ita-

1966 1856 2071 1909 que
2110 1858 2178 1895 ne
2208 1851 2428 1910 propter
2471 1842 2712 1895 diversos
2756 1842 2853 1895 hos
2891 1842 3027 1895 ritus
3069 1842 3409 1895 scinderetur
3435 1840 3535 1893 Ec-

1966 1906 2128 1964 clesia
2160 1951 2173 1975 ,
2202 1906 2331 1965 Pius
2352 1911 2625 1964 Romanus
2640 1912 2901 1979 pontifex,
2921 1927 3078 1979 quem
3099 1912 3533 1964 antecessoribus

1965 1980 2179 2049 sibique
2231 1997 2261 2035 a
2322 1981 2446 2033 divo
2477 1980 2639 2033 Petro
2696 1982 2951 2033 traditum
3014 1982 3375 2049 relictumque
3412 1995 3533 2033 esse

1963 2047 2247 2105 Paschalis
2306 2051 2392 2105 die
2438 2049 2717 2102 Dominico
2784 2050 3090 2103 celebrandi
3148 2047 3309 2102 rituui
3366 2052 3533 2117 probe

1965 2130 2191 2173 noverat
2217 2160 2231 2183 ,
2266 2120 2512 2171 eumdem
2546 2118 2749 2187 ubique
2786 2119 3111 2173 servandum
3143 2119 3361 2173 decreto
3386 2124 3532 2173 san-

1962 2188 2122 2251 civit;
2168 2191 2252 2243 cui
2287 2203 2480 2243 oumes
2528 2186 2834 2241 Occidentis
2890 2204 2953 2240 ac
2986 2187 3222 2241 Meridiei
3274 2189 3531 2243 Ecclesiae

1964 2269 2283 2327 paruerunt,
2320 2274 2382 2313 ac
2408 2258 2571 2311 etiam
2609 2259 2770 2312 totius
2793 2258 3033 2312 Orientis
3060 2259 3367 2327 ;_Asiaticis
3396 2273 3530 2325 pau-

1962 2324 2043 2380 cis
2075 2330 2318 2397 exceptis
2340 2366 2356 2393 ,
2392 2343 2510 2396 qiue
2543 2342 2710 2396 usque
2736 2330 2799 2382 ad
2826 2327 3040 2382 concilii
3075 2324 3273 2385 Nicmui
3304 2324 3533 2395 genera-

1963 2398 2066 2450 lem
2100 2400 2163 2451 de
2195 2400 2294 2452 hac
2333 2414 2389 2451 re
2432 2398 2872 2452 constitutionem
2929 2399 2979 2450 in
3021 2397 3135 2451 suis
3181 2398 3374 2451 ritibus
3402 2414 3532 2450 cou-

1966 2470 2192 2521 tcntiose
2218 2474 2714 2537 perseveraverant.

2035 2538 2270 2611 Quidam
2299 2552 2539 2606 namque.
2572 2536 2719 2611 _llanc
2753 2545 2863 2611 tam
2905 2536 3527 2611 diversamyjejuniorum

1961 2604 2363 2661 observantiam
2395 2644 2410 2669 ,
2434 2604 2441 2606 ⁷
2462 2606 2618 2675 paulo
2650 2615 2768 2677 post
2791 2606 2992 2677 diserte
3031 2604 3216 2677 tribuli
3268 2622 3529 2677 quorum-

1962 2679 2085 2729 dam
2119 2677 2485 2745 simplicitati,
2541 2676 2741 2743 qnique
2789 2676 2930 2727 nulla
2976 2676 3177 2743 aliquid
3215 2676 3430 2746 publice
3461 2678 3528 2729 de

1961 2746 2048 2809 liis
2078 2748 2440 2800 constituendi
2478 2746 2684 2814 praediti
2718 2754 2901 2798 essent
2931 2754 3196 2813 potestate
3223 2748 3301 2797 vel
3338 2756 3528 2799 aucto-

1960 2816 2142 2870 ritate.
2178 2816 2319 2869 Nihil
2352 2830 2480 2885 ergo
2504 2815 2957 2885 lluguosticorum
2981 2825 3169 2875 contra
3191 2815 3526 2884 jejuniorum

1959 2887 2409 2961 quadragesimae,
2428 2884 2643 2961 quarta:
2670 2895 2723 2938 et
2746 2893 2915 2938 sexta:
2942 2884 3222 2949 feriarum,
3248 2886 3522 2961 autetiam

1959 2954 2307 3010 sabbatorum
2359 2956 2667 3017 rationem,
2715 2969 2932 3007 errores
2974 2963 3029 3007 et
3061 2954 3525 3008 contradictiones

1959 3025 2049 3089 hic
2075 3025 2435 3092 locusjuvare
2468 3029 2683 3094 potest‘:
2737 3025 3036 3094 praesertim
3085 3040 3203 3077 cum
3248 3040 3314 3077 ex
3348 3025 3525 3077 Evan-

276 3090 502 3170 scripta,
525 3106 631 3170 ac_e
650 3088 1855 3170 uisa.codicibusDodleianis212emendala
1881 3111 1924 3170 ε
1958 3096 2138 3165 geliis,
2195 3088 2344 3149 Actis
2385 3104 2443 3148 et
2467 3088 2719 3162 Epistolis
2738 3088 3113 3170 apostolorum
3148 3105 3209 3170 et_
3230 3096 3525 3170 discipulu-

276 3161 400 3214 dedi
431 3170 560 3235 toni.
594 3158 614 3215 Ι
643 3157 908 3235 Spicilegii
939 3160 1306 3235 Itwreticoram
1331 3157 1606 3235 safu—n—u,
1638 3179 1759 3235 pag.
1784 3166 1852 3219 56

277 3245 397 3298 seq.
440 3228 537 3303 Ubi
566 3228 859 3303 tandeni_in
883 3231 1232 3303 conclusione
1254 3232 1411 3299 hujus
1435 3228 1851 3303 disquisitionis,

277 3302 523 3371 materiae
560 3338 574 3363 ,
626 3315 746 3366 qua:
774 3299 888 3356 Deo
932 3301 1209 3354 ccexstitit
1268 3312 1325 3356 et
1377 3318 1408 3357 e
1445 3299 1550 3371 qua
1593 3299 1849 3363 mundum

274 3370 545 3433 condidit,
580 3371 845 3437 originem
873 3379 1035 3491 atq’ue
1066 3385 1287 3423 causam
1320 3370 1586 3427 malorum
1614 3376 1853 3438 lribueu-

275 3442 399 3491 dam
427 3442 655 3491 nutavil.
687 3440 910 3491 Contra.
991 3439 1291 3491 tolemzeus.
1324 3442 1615 3491 hierelicus
1650 3444 1851 3491 Valen-

275 3442 399 3492 dam
426 3442 655 3508 putavit.
687 3440 910 3501 Contra,
944 3439 1291 3505 Ptolemzeus,
1324 3442 1615 3501 haereticus
1650 3444 1851 3499 Valen-

279 3510 545 3583 tinianus,
572 3509 835 3583 Marcion,
868 3510 1089 3578 aliique,
1116 3512 1223 3563 duo
1251 3515 1331 3565 vel
1362 3514 1466 3566 tria
1495 3514 1757 3583 principia
1785 3530 1849 3571 ac

275 3580 499 3652 numina
525 3581 817 3652 commenti
843 3590 991 3642 sunt,
1022 3595 1369 3652 uesummum
1398 3580 1628 3652 eumque
1649 3580 1846 3640 bonum

273 3648 442 3701 Deum
477 3650 744 3702 tnalorum
770 3660 1048 3703 auctorem
1076 3651 1337 3707 facerent.
1381 3648 1586 3718 Quibus
1611 3655 1849 3709 deterior

275 3721 379 3773 hac
408 3720 459 3772 iii
492 3730 645 3785 parte
676 3718 927 3773 Floriuus
948 3758 964 3783 ,
996 3720 1162 3789 Deum
1193 3721 1455 3775 malorum
1486 3726 1844 3789 conditorem,

270 3790 324 3844 id
349 3798 434 3843 est
489 3803 704 3843 causam
736 3791 942 3856 peccati
974 3829 991 3854 ,
1034 3788 1215 3843 facere
1247 3791 1386 3843 haud
1419 3802 1503 3845 est
1536 3794 1758 3855 veritus,
1789 3788 1847 3847 ut

272 3861 326 3912 iu
366 3858 766 3927 prolegomeuis
819 3857 1137 3922 declaravi,
1188 3874 1464 3927 exponens
1522 3862 1735 3914 titulum
1781 3878 1845 3917 ac

269 3944 540 4001 summam
570 3930 751 4001 Ahujus
809 3928 876 4001 ad
934 3927 1211 4001 Floriiunu
1242 3931 1482 4001 cpistolzc
1512 3949 1526 4001 ξ
1556 3931 1693 4001 Περὶ
1724 3948 1848 4000 μον-

267 3998 463 4079 αρχίςς
492 4037 507 4061 ,
561 3992 766 4122 Etiam
802 3996 911 4049 τῶν
945 3996 1033 4077 μὴ
1091 3992 1229 4060 εἶναι
1276 3992 1365 4052 rev
1441 3998 1570 4057 Θεὸν
1617 3992 1843 4081 non}qu

270 4085 480 4122 κακων.
516 4087 534 4119 ι
617 4085 647 4122 e
674 4068 1017 4122 monarclua.
1047 4083 1139 4121 seu
1164 4072 1309 4122 uuod
1334 4070 1472 4122 Deus
1496 4086 1600 4122 non
1627 4082 1843 4122 sitcon-

270 4068 480 4130 κακῶν,
516 4087 534 4119 ι
572 4068 647 4123 De
674 4068 1017 4133 monarcbia,
1047 4083 1139 4121 seu
1164 4072 1309 4137 quod
1334 4070 1472 4123 Deus
1496 4086 1600 4123 non
1627 4068 1843 4126 sitcon-

268 4142 414 4193 ditor
440 4138 729 4193 malorum.
761 4157 779 4189 ι

265 4208 646 4263 Adnotationes
661 4206 760 4263 Fr.
782 4206 1210 4280 It‘euardentiiin
1237 4207 1467 4274 primum
1489 4208 1838 4280 fragmentum

740 4278 976 4348 epistolte
1014 4279 1083 4330 ad
1126 4275 1405 4348 Victgrem.

336 4348 468 4419 Pag.
496 4348 622 4403 340.
654 4345 958 4414 Nanctum.
991 4348 1207 4409 Festum
1238 4345 1519 4401 Paschalis
1560 4348 1627 4402 ab
1661 4352 1837 4405 omni-

264 4419 369 4475 bus
390 4420 719 4473 Christianis
744 4419 1126 4489 celebrandum
1159 4455 1173 4479 ,
1202 4430 1263 4469 ac
1298 4419 1463 4471 multa
1487 4433 1608 4471 cum
1636 4420 1835 4489 pietate

266 4491 669 4543 observandum
692 4504 835 4554 esse,
869 4486 1049 4540 nullus
1077 4524 1091 4550 ,
1126 4488 1267 4554 quod
1290 4489 1477 4551 sciam,
1541 4486 1717 4542 adhuc
1748 4506 1837 4544 ne-

264 4560 447 4629 gavit;
512 4562 605 4614 sed
651 4573 757 4627 quo
788 4571 971 4629 mense
1020 4572 1084 4629 a_c
1115 4560 1236 4620 die,
1292 4558 1442 4610 varie
1474 4566 1527 4610 et
1573 4561 1833 4626 graviter,

262 4626 431 4699 etiam
461 4631 529 4682 ah
585 4626 701 4699 ipso
731 4627 1001 4699 nascentis
1040 4626 1298 4680 Ecclesia:
1341 4629 1566 4680 exordio
1598 4630 1838 4699 disputa-

263 4708 378 4752 tum
404 4697 614 4752 fuit".’
646 4698 834 4752 Asiani
884 4712 1119 4765 namque
1170 4713 1235 4750 ex
1282 4699 1571 4751 traditione
1605 4697 1833 4755 Joannis

260 4770 635 4839 evangelistac,
668 4769 759 4836 qui
793 4771 935 4839 inter
959 4782 1055 4839 eos
1081 4780 1461 4832 consenuerat,
1493 4767 1617 4821 luna
1669 4785 1833 4837 quar-

263 4838 531 4893 tadec’ima
586 4848 705 4908 post
758 4838 1421 4908 aequinoctium“vernum
1452 4875 1466 4901 ,
1505 4851 1831 4907 quocunque

258 4910 348 4963 die
375 4906 661 4973 incideret,
698 4910 1083 4962 celebrandum
1128 4906 1257 4961 iilud
1278 4909 1499 4961 omnino
1522 4906 1786 4963 ’volebaut
1814 4928 1828 4964 :

257 4978 423 5047 inque
445 4982 711 5033 acerrime
735 4978 1206 5047 propugnantibus
1227 4978 1541 5047 l'olycarpo,
1563 4977 1827 5045 Thrasea,

258 5046 487 5117 δυάδι-ι,
551 5046 843 5113 Melitone,
908 5056 963 5100 et
1012 5046 1135 5109 aliis
1184 5046 1425 5116 ejusdem
1488 5048 1548 5101 Β.
1603 5048 1830 5111 Joannis

257 5121 625 5191 auditoribus,
665 5134 803 5189 quos
843 5117 1071 5191 cpistola
1107 5133 1205 5170 sua
1232 5118 1297 5169 ad
1332 5117 1607 5191 _V'iclorem
1636 5135 1830 5191 papam

256 5190 451 5244 beatus
492 5187 805 5261 Polycrates
850 5187 1209 5261 Ephesiorum
1261 5187 1543 5261 episcopus
1593 5187 1833 5261 cunilae-

256 5269 456 5328 iuoral.
522 5258 752 5313 Et'sane
784 5258 1237 5328 veri’siuiillimum
1286 5268 1416 5320 est,
1479 5258 1609 5313 illud
1659 5261 1830 5328 ipsum

254 5327 523 5386 Joannem
549 5331 878 5383 Christianis
904 5344 968 5391 ex
998 5324 1278 5381 Judaismo
1308 5342 1497 5381 recens
1526 5324 1829 5393 conversis.

254 5402 443 5454 Asiam
466 5400 828 5469 incolentibus
856 5399 1142 5454 indulsisse
1169 5436 1187 5464 ,
1220 5400 1335 5464 pari
1379 5400 1584 5453 ratione
1606 5415 1708 5469 qua
1737 5400 1829 5455 Ja-

254 5473 427 5529 cobus
452 5467 921 5540 Jerosolyiuitauis
946 5469 1059 5522 suis
1086 5469 1264 5520 adhuc.
1288 5484 1340 5522 ιιι
1375 5467 1827 5540 pliiriiiiisjudai-

253 5556 379 5595 zare
412 5539 763 5610 permittebat
783 5539 861 5606 ³⁸;
924 5555 1045 5593 cum
1102 5548 1283 5593 tamen
1324 5542 1438 5610 ipse
1491 5539 1824 5596 Doiuinieutu

325 5689 375 5759 ’ξ
402 5688 601 5745 Euseb.
631 5687 726 5743 lib.
762 5705 793 5743 v
838 5689 1006 5754 llisl.,
1050 5704 1172 5759 cap.
1217 5691 1308 5757 22,
1338 5691 1428 5755 25,
1455 5688 1546 5747 ‘2‘.

252 5763 317 5822 ad
357 5757 556 5833 Philip.
635 5760 678 5791 ⁸⁸
712 5760 830 5827 Lib.
860 5776 951 5815 vni
988 5757 1175 5819 Const.
1212 5776 1386 5835 apost.

1627 5692 1669 5723 "
1721 5697 1839 5751 Act.
1900 5708 2009 5750 χχι.

1959 3164 2077 3217 rum
2115 3181 2179 3219 ac
2206 3178 2583 3233 successorum
2616 3166 2929 3216 earumdem
2963 3165 3137 3233 sacris
3180 3164 3524 3233 dogmatibus

1952 3249 2018 3288 ac
2043 3233 2277 3289 decretis
2328 3232 2551 3287 omnino
2608 3242 2862 3295 constet,
2917 3232 3005 3292 illa
3054 3232 3521 3286 diviua’censura

1952 3306 2269 3378 prieseripta
2308 3300 2570 3378 esse.nDe
2626 3303 2710 3378 his
2744 3302 3121 3378 copiosissime
3161 3304 3524 3378 disseruimus

1953 3369 2233 3444 superiore
2273 3388 2418 3426 anno
2449 3369 2651 3444 Comm.
2684 3375 2737 3426 in
2766 3369 2962 3426 librum
2990 3372 3208 3438 Esther,
3241 3373 3434 3427 deinde
3469 3376 3521 3426 in

1955 3440 2149 3497 librum
2188 3440 2338 3497 Jonas
2372 3442 2667 3511 propheta).

2026 3511 2326 3581 Presbyteri
2372 3510 2493 3564 ante
2520 3510 2778 3566 Soterem.
2842 3512 2977 3565 Cum
3032 3511 3377 3582 presbyteros
3429 3527 3524 3581 ap-

1951 3582 2116 3659 pellat
2165 3583 2436 3659 ltomauos
2481 3584 2768 3659 pontiﬁces
2796 3619 2813 3645 ,
2874 3598 2977 3659 non
3027 3592 3185 3650 negat
3213 3582 3353 3659 .illus
3396 3598 3521 3636 vere

1948 3654 2235 3721 episcopos
2266 3693 2279 3716 ,
2332 3652 2574 3719 adeoque
2603 3653 2844 3705 omnium
2882 3652 3108 3704 aliorum
3140 3652 3517 3721 episcoporum

1947 3733 2003 3778 el
2030 3720 2464 3775 Christianorum
2497 3723 2784 3788 episcopos
2814 3730 2867 3773 et
2903 3721 3177 3773 antistites
3200 3720 3369 3773 fuiSse
3392 3758 3407 3784 ,
3464 3731 3520 3774 ut

1948 3807 2016 3845 ex
2042 3793 2161 3843 libri
2191 3792 2334 3845 tertii
2362 3806 2483 3858 cap.
2509 3791 2541 3841 5
2571 3793 2860 3843 manifeste
2886 3799 3112 3857 apparet
3138 3827 3153 3851 ,
3200 3802 3254 3842 et
3277 3805 3376 3842 nos
3409 3791 3519 3845 illic

1946 3862 2393 3924 observavimus;
2446 3859 2541 3913 sed
2575 3870 2784 3911 tantum
2830 3860 3033 3911 iudicat
3063 3873 3251 3911 omnes
3299 3860 3515 3926 quidem

1945 3931 2230 3997 episcopos
2276 3944 2402 3982 esse
2459 3930 2845 3998 presbyteros,
2908 3929 2999 3998 sed
3049 3943 3153 3980 non
3184 3931 3513 3982 econtrario.

1944 3996 2171 4055 Constat
2204 4013 2437 4065 namque
2464 3996 2530 4051 ex
2560 3996 2760 4051 divinis
2812 3996 3032 4050 Litteris
3065 4007 3119 4050 et
3156 3998 3515 4052 conciliorum

1943 4069 2363 4133 sanctionibus,
2435 4083 2719 4138 episcopos
2789 4067 3126 4135 simplicibus
3182 4070 3515 4138 presbyteris

1944 4140 2254 4201 superiores
2275 4153 2397 4192 esse
2424 4181 2438 4204 ,
2484 4148 2593 4190 tum
2625 4138 2834 4190 ordinis
2862 4148 3127 4204 potestate
3156 4177 3170 4202 ,
3215 4148 3322 4190 tum
3349 4139 3513 4191 etiam

1939 4208 2361 4278 jnrisdictione;
2414 4212 2748 4278 contrarium
2773 4218 2954 4259 autem
2985 4208 3189 4261 sentire
3218 4247 3232 4273 ,
3264 4209 3511 4261 hazresim

1942 4276 2062 4331 esse
2090 4277 2448 4339 Aerianorum
2504 4287 2559 4331 et
2604 4276 3016 4338 Waldensium,
3066 4293 3229 4344 quam
3280 4283 3380 4330 hoc
3409 4294 3508 4331 δεε-

1942 4349 2064 4403 culo
2096 4349 2392 4403 Luthcrani
2448 4360 2503 4401 et
2533 4348 2832 4401 Calviuiaui
2873 4347 2943 4401 ab
2970 4346 3111 4401 Orco
3144 4362 3401 4402 revocare
3432 4348 3513 4402 iii-

1944 4426 2147 4472 luutur.

2012 4488 2143 4556 Pag.
2176 4486 2303 4541 5M.
2340 4486 2731 4541 Eucharistiam
2763 4486 3038 4544 miserunt.
3074 4485 3151 4539 Ex
3194 4486 3510 4543 hocilluslri

1943 4575 2075 4613 sane
2106 4570 2170 4611 ac
2200 4560 2535 4611 memorabili
2569 4560 2712 4620 loco,
2736 4561 2968 4626 primum
2995 4558 3248 4622 observa,
3271 4559 3509 4626 priscum

1942 4634 2188 4697 adeoque
2252 4630 2602 4695 apostolicum
2656 4626 2916 4681 Ecclesia:
2966 4626 3222 4697 Romanae
3281 4642 3508 4693 morem,

1942 4716 2049 4774 quo
2088 4696 2329 4774 pontifex
2349 4698 2835 4774 _ad_cocpisCOpos,
2856 4767 2865 4774 _
2889 4701 2980 4774 qui
3032 4696 3099 4748 ab
3124 4699 3238 4766 ejus
3262 4714 3500 4774 commu~

1942 4767 2103 4823 nioue
2136 4785 2239 4822 non
2275 4768 2620 4833 defecissent,
2647 4767 3031 4821 eucharistiam
3060 4769 3456 4820 transmitteret
3492 4786 3503 4819 :

1942 4840 2064 4893 aliis
2095 4855 2200 4893 non
2224 4839 2399 4911 item,
2455 4847 2639 4911 utpote
2687 4840 2979 4911 amystico
3009 4838 3253 4905 ejusdem
3306 4838 3507 4911 Christi

1939 4923 2167 4978 corpore
2200 4908 2413 4965 alienis.
2466 4908 2669 4961 Deinde
2709 4908 2821 4976 jani
2874 4910 2943 4961 ab
2972 4911 3102 4978 ipsis
3138 4910 3505 4973 apostolorum

1939 4980 2274 5048 temporibus
2302 4979 2688 5032 eucharistiam
2734 4982 2853 5034 loco
2886 4978 3067 5047 aliquo
3096 4980 3321 5030 honesto
3358 4988 3505 5034 certe

1934 5062 1986 5103 et
2017 5047 2217 5103 mundo
2237 5050 2443 5103 serrari
2467 5051 2679 5103 solitam
2704 5088 2719 5113 ,
2769 5062 2880 5103 tum
2906 5056 2970 5102 ad
3014 5047 3216 5101 cultum
3254 5050 3505 5101 intranti-

1932 5118 2032 5173 bus
2057 5119 2109 5172 in
2141 5119 2356 5189 templa,
2391 5129 2499 5171 tum
2529 5121 2867 5175 iulirmorum
2902 5120 3361 5189 communionem,
3392 5127 3503 5172 tum

1934 5189 2168 5257 denique
2190 5188 2259 5243 ad
2289 5190 2640 5258 coepiscopos
2698 5194 3053 5245 adventantes
3103 5188 3347 5241 mittendi
3380 5204 3503 5256 gra-

1935 5261 2027 5313 tia.
2061 5261 2118 5313 ld
2142 5260 2287 5314 enim
2322 5274 2428 5312 non
2453 5264 2612 5312 modo
2641 5261 2844 5315 evincit
2883 5262 2984 5314 iste
3016 5261 3165 5311 locus
3191 5296 3204 5319 ,
3237 5271 3422 5309 verum
3449 5267 3506 5313 et

1934 5332 2231 5399 apostolica
2263 5369 2280 5396 ,
2310 5343 2430 5397 qua:
2462 5346 2491 5383 a
2533 5331 2589 5383 S.
2622 5329 2901 5385 Clemente
2934 5328 3164 5383 refertur
3191 5364 3208 5392 ,
3239 5328 3341 5380 ista
3370 5342 3500 5382 cou-

1934 5402 2188 5457 st'itutio:
2274 5417 2292 5449 ι
2331 5401 2620 5469 Postquam
2701 5418 2889 5456 omnes
2954 5400 3496 5464 communicaverunt,

1933 5470 2170 5528 inferant
2199 5471 2414 5526 diaconi
2452 5473 2712 5539 reliquias
2737 5510 2754 5537 ,
2799 5486 2917 5538 quae
2946 5480 3282 5536 supersunt,
3322 5471 3373 5522 in
3406 5485 3499 5537 pa-

1935 5540 2337 5614 st0pborion".
2376 5558 2394 5592 ι
2456 5546 2510 5597 td
2551 5557 2676 5597 vero
2711 5544 2863 5596 locus
2911 5550 3033 5596 erat
3060 5554 3213 5593 sacer
3249 5552 3301 5595 et
3332 5541 3499 5593 hone-

2090 5701 2133 5730 ’⁵
2186 5700 2351 5771 Apoc.
2387 5710 2423 5765 I,
2465 5694 2549 5750 lO.
2630 5697 2669 5729 "’
2711 5689 2881 5765 Epist.
2926 5696 2990 5751 ad
3021 5689 3420 5760 illatgucsiauos.L
3444 5702 3497 5746 ct

3624 6208 3924 6315 ΑΙ
