3954 6372
445 402 583 461 1885

517 517 575 570 P.
605 514 721 569 121.
765 514 933 568 Extra
988 514 1220 585 pl‘eroma
1264 513 1460 565 dicunt.

446 587 616 640 Editt.
643 588 835 639 dicent.

521 655 741 723 Pr0pter
764 654 1133 706 necessitatem.
1156 652 1308 705 Eras.
1328 650 1465 707 Call.

445 735 499 782 et
523 725 653 780 Feu.
686 741 775 788 per
805 724 1181 775 necessitatmt.

521 795 643 848 122.
678 794 1096 848 Continereutur.
1132 792 1286 845 Eras.
1329 791 1465 846 Call.

444 874 500 920 et
535 882 666 920 mss.
695 863 850 925 Angl.
888 864 1235 915 rontinentur.

521 936 641 987 Nisi
696 932 855 984 Ειιίιι.Δ
891 932 991 985 nisi
1015 935 1081 985 si.

518 1002 780 1067 125.Qute
807 1018 1018 1053 sursum
1037 1011 1132 1064 est,
1152 1000 1468 1054 emissionis.

445 1074 678 1129 Clarotn.
717 1087 771 1124 et
806 1070 958 1123 Voss.
992 1072 1225 1127 emissio.

517 1143 789 1210 Ignoraeit
817 1152 989 1194 autent
1008 1152 1053 1193 et
1079 1157 1161 1194 ea.
1188 1142 1242 1194 lu
1268 1139 1471 1194 Arund.

446 1213 595 1267 deest
628 1222 821 1263 autem.

523 1281 627 1346 Qui
658 1291 775 1334 sunt
800 1282 937 1332 intra
960 1279 1211 1348 pleroma.
1233 1280 1469 1334 Claram.

445 1351 652 1404 Aruml.
681 1366 734 1402 et
770 1351 921 1403 Voss.
952 1366 1070 1417 qua:
1101 1368 1199 1417 pro
1234 1352 1344 1417 qui.

519 1421 697 1473 Libro.
745 1412 981 1473 Clarom'.
1026 1431 1079 1471 et
1101 1412 1259 1472 Voss;
1294 1412 1469 1471 Liber.

518 1488 680 1543 Parte
693 1490 1475 1556 eorum.Etlilt.parteipsorum.

522 1561 644 1613 124.
686 1559 897 1611 Natura
927 1558 1119 1615 malos.
1148 1561 1304 1613 Erus.
1334 1558 1477 1613 Gall.

445 1640 499 1684 el
534 1630 664 1683 lt‘eu.
689 1639 737 1681 et
767 1643 959 1680 natura
992 1629 1179 1681 malus.

521 1701 584 1754 Et
658 1701 977 1767 reliquorum
1068 1700 1475 1767 corrumpentia.

447 1771 689 1824 Clarum.
739 1780 793 1821 et
842 1767 995 1821 Pass.
1036 1769 1353 1836 reliquorum
1381 1809 1395 1833 ,
1432 1782 1477 1819 et

445 1840 854 1899 corrumpentia.

521 1910 584 1963 Et
610 1908 835 1961 JEonas.
867 1904 930 1958 Et
953 1906 1210 1959 omissum
1240 1906 1293 1959 in
1318 1906 1474 1960 Erus.

446 1974 585 2033 Gall.
612 1979 817 2030 Aruml.
851 1987 901 2031 et
925 1974 1087 2027 Mere.
1116 1977 1172 2029 2.

520 2048 702 2115 Imago
770 2048 861 2101 sit.
916 2046 1152 2099 Clatom.
1208 2055 1263 2100 et
1323 2046 1478 2103 Vos'S.

449 2121 622 2186 itnago
659 2128 757 2172 est.

518 2183 599 2239 Ad
676 2201 921 2255 quorum.
980 2183 1112 2237 Feu.
1191 2183 1243 2237 in
1303 2200 1478 2254 marg.

447 2256 591 2311 Clar.
623 2267 675 2311 et
708 2256 858 2308 Pass.
892 2255 960 2305 ad
982 2255 1300 2320 aliquorum.

523 2326 670 2380 Nisi.
703 2325 868 2377 Edill.
894 2323 995 2375 nisi
1018 2323 1084 2376 si.

518 2394 720 2461 Qua'...
766 2406 907 2446 sunt.
959 2391 1103 2446 Clar.
1159 2391 1368 2447 Arund.
1425 2401 1480 2447 et

450 2463 613 2519 Mere.
645 2466 700 2518 2.
727 2464 886 2534 qui...
913 2471 1054 2517 sunt.

520 2534 586 2588 In
614 2528 1109 2593 circumscriptione.
1142 2528 1210 2584 In
1244 2532 1396 2584 deest
1426 2532 1476 2585 in

447 2604 603 2659 editt.
640 2606 793 2657 Eras.
831 2612 885 2656 et
924 2602 1064 2655 Gall.
1094 2615 1158 2655 ac
1199 2617 1330 2656 mss.
1356 2602 1479 2655 Cla-

451 2690 589 2727 rom.
623 2684 677 2728 et
709 2672 865 2726 Pass.
1248 2718 1251 2723 λ

520 2745 643 2798 125.
683 2744 795 2796 lloc
842 2741 1003 2810 quod.
1052 2740 1106 2792 In
1156 2740 1364 2793 Arund.
1424 2751 1478 2794 et

449 2812 612 2867 Merc.
632 2814 685 2867 2.
710 2815 861 2866 deest
883 2814 1021 2880 quod
1046 2827 1065 2876 ;
1097 2810 1149 2863 in
1169 2810 1325 2865 Eras.
1353 2827 1480 2865 vero

448 2892 502 2937 et
525 2884 659 2937 Gall.
694 2885 807 2935 hoc.

522 2951 889 3007 Obumbretur.
924 2950 1077 3004 Voss.
1116 2949 1403 3003 umbratur.

519 3021 775 3089 Separata
803 3022 928 3075 sint.
963 3020 1130 3073 Edill.
1172 3036 1299 3073 cum
1327 3020 1479 3074 Pass.

450 3094 657 3146 Aruud.
682 3101 736 3144 et
771 3091 935 3144 Merc.
975 3092 1029 3143 2.
1066 3102 1308 3156 separata
1333 3100 1479 3143 sunt.

522 3159 718 3215 Utine.
751 3160 807 3214 lu
838 3162 1045 3215 Arund.
1080 3170 1166 3225 ut;
1220 3160 1274 3213 in
1327 3160 1479 3215 Voss.

452 3248 562 3286 nec.

525 3301 732 3367 Itaque.
759 3298 915 3355 Voss.
943 3300 1018 3351 ita
1042 3299 1202 3368 quod.

527 3366 649 3422 126.
698 3370 934 3423 Simone.
970 3366 1211 3423 Clarum.
1244 3366 1399 3423 Voss.
1432 3379 1487 3424 et

460 3440 625 3493 Merc.
660 3439 714 3490 2.
747 3451 792 3491 et
825 3440 1060 3492 Simone.

528 3508 782 3560 lt'tlmicis.
810 3506 962 3561 Eras.
989 3506 1129 3561 (λιιι.
1160 3516 1216 3561 et
1239 3505 1402 3561 Mere.
1429 3508 1479 3561 2.

452 3588 499 3630 et
534 3578 771 3629 ethnicis.

528 3646 628 3710 Qui
669 3663 771 3698 non
832 3655 948 3697 sunt
1000 3644 1096 3696 dii.
1159 3646 1368 3698 Arund.
1433 3654 1489 3700 et

457 3716 619 3770 Merc.
647 3716 701 3768 2.
735 3731 852 3784 qua:
884 3731 984 3784 non
1007 3726 1125 3767 sunt
1145 3716 1242 3767 dii.

530 3780 875 3838 Adinventus.
908 3780 1063 3836 Voss.
1090 3787 1352 3839 iuventus.

531 3854 1487 3924 Transﬁgurantes.Glaromdutranso

454 3926 765 3995 ﬁgurantes.

531 3995 652 4047 127.
718 3994 1055 4047 Deciderunt.
1114 3993 1279 4047 Editl.
1360 4009 1483 4049 cum

457 4064 616 4117 Voss.
643 4067 851 4118 Aruud.
883 4075 938 4117 et
972 4065 1136 4118 Merc.
1190 4064 1243 4115 2.
1286 4067 1486 4118 cecide-

457 4146 599 4187 runt.

526 4204 801 4259 lrrisione.
841 4203 995 4257 Eras.
1022 4203 1161 4258 Call.
1196 4204 1407 4259 Arund.
1434 4212 1488 4258 et

458 4273 621 4327 Merc.
656 4276 708 4326 2.
744 4276 953 4327 risione.

531 4343 608 4397 Is.
634 4343 799 4396 EJitt.
831 4344 932 4395 Itic.

534 4413 687 4465 llnuc
744 4415 1151 4469 universitatem.
1199 4416 1254 4469 la
1326 4415 1483 4468 Voss.

459 4484 609 4537 deest
645 4484 800 4535 hanc.

549 4553 788 4605 Veritai.
832 4554 995 4609 Edilt.
1027 4564 1073 4607 et
1110 4555 1342 4609 veritati.

532 4623 783 4674 Arbitrati
819 4641 1018 4677 sumus.
1074 4625 1284 4678 Aruttd.
1341 4626 1488 4679 arbi-

460 4703 679 4755 trantes,
718 4695 919 4760 absque
946 4710 1163 4747 sumus-

533 4760 780 4816 Tantum.
810 4764 965 4818 Deest
995 4766 1046 4816 in
1071 4764 1274 4817 Arund.

533 4832 655 4887 128.
698 4830 1036 4886 Enumerari.
1075 4834 1227 4889 Eras.
1259 4832 1396 4887 Gall.
1436 4844 1491 4887 et

461 4900 694 4955 Feuartl.
722 4907 1081 4956 annumerari.

536 4970 1129 5026 TriacontademJiditt.
1146 4988 1262 5025 cum
1280 4976 1487 5027 Aruml.

461 5053 510 5095 et
538 5041 708 5096 Mere.
740 5042 795 5096 2.
824 5044 1174 5095 triacontada.

535 5112 659 5166 Sine
685 5114 809 5166 ullo.
830 5112 981 5168 Eras.
1014 5112 1154 5167 Gall.
1174 5124 1227 5167 et
1255 5115 1490 5168 Clarum.

463 5184 574 5235 sine
588 5182 711 5247 διιο.

538 5252 661 5305 129.
696 5252 797 5306 Sed
833 5262 921 5305 aut
949 5251 1128 5322 Sigea.
1160 5252 1217 5305 In
1250 5253 1490 5308 (llarom.

466 5320 617 5373 deest
645 5323 756 5375 sed.

538 5388 910 5446 Enumeratur.
932 5392 1084 5446 Eras.
1119 5392 1256 5447 Gall.
1287 5402 1339 5447 et
1357 5391 1489 5446 Feu.

466 5473 603 5509 anna
614 5472 774 5513 mera!
783 5480 811 5513 u
822 5479 863 5515 r.

496 5529 786 5606 ,151ηιιι
856 5533 1081 5606 aliquid.
1130 5532 1301 5606 Etlill.
1370 5547 1492 5585 cum

470 5591 622 5670 Voss.
658 5603 751 5653 Ar.
782 5612 831 5654 el
852 5591 1014 5656 Merc.
1038 5606 1092 5654 2.
1123 5604 1176 5654 in
1201 5604 1430 5670 aliquod.

545 5668 735 5722 Dicunt
784 5688 925 5724 eum.
980 5672 1148 5726 Mere.
1205 5668 1495 5727 2.'dtcunt

468 5750 604 5788 eum.

539 5806 762 5861 lladium
779 5810 979 5865 dicant.
1010 5812 1173 5867 liditt.
1198 5826 1320 5866 cum
1339 5810 1495 5867 Voss.

1714 381 1936 455 mm
1975 397 2384 457 LECTIONES.

1536 511 1631 565 Ar.
1666 524 1719 566 et
1761 512 1926 567 Mere.
1952 514 2008 568 2.
2042 516 2247 567 dicunt.

1603 581 1663 635 P.
1713 584 1835 636 151.
1889 583 2174 648 Quidnam.
2234 584 2473 638 Claram.
2526 588 2579 635 et

1548 651 1700 705 Voss.
1730 656 1874 720 quid.

1610 722 1981 775 Illumdicant.
2009 723 2162 776 Eras.
2188 719 2332 777 Call.
2357 730 2411 777 et
2429 720 2575 777 Clar.

1538 790 1688 842 illum
1723 793 1918 844 dicent.

1608 860 1712 924 Qui
1733 870 1829 912 est.
1856 861 1948 914 Est
1976 862 2232 915 omittunt
2259 862 2411 916 Eras.
2433 858 2575 916 Gall.

1540 928 1671 982 Fett.
1699 941 1751 983 ct
1794 930 1949 985 Voss.

1617 999 1962 1067 Ignorabunt.
2002 1000 2136 1055 Cod.
2194 1000 2401 1054 Arttnd.
2451 1015 2577 1055 cum

1541 1068 1774 1139 Fettard.
1812 1072 1943 1123 edit.
1978 1070 2140 1133 1576,
2173 1073 2505 1139 ignorabant.

1612 1137 1743 1190 Ha'c
1770 1140 2023 1193 dixerint.
2050 1137 2291 1195 Clarom.
2329 1149 2382 1193 et
2421 1138 2574 1195 Voss.

1541 1210 1635 1260 hoc
1661 1208 1910 1261 dixerint.

1614 1276 1678 1328 Et
1708 1279 2138 1332 circumdantent.
2172 1278 2224 1330 In
2247 1279 2401 1332 Voss.
2428 1280 2579 1333 deest

1544 1355 1615 1401 et.
1643 1346 1696 1398 la
1732 1349 1968 1403 (llatotn.
2002 1364 2098 1415 pro
2128 1361 2174 1401 et
2210 1349 2400 1415 legitur
2432 1366 2571 1403 eum.

1621 1416 1711 1467 Est
1753 1414 2028 1482 spiritalis.
2055 1420 2110 1471 Ia
2146 1419 2307 1471 codd.
2337 1414 2574 1473 Clarum.

1545 1495 1601 1540 et
1631 1487 1781 1540 Voss.
1802 1488 2149 1541 desideratur
2176 1497 2273 1541 est.

1548 1625 1579 1679 ά
1624 1556 1747 1673 17:2.
1799 1556 2079 1613 Accidunt.
2145 1556 2383 1611 Clarum.
2430 1574 2581 1611 acce-

1590 1644 1656 1677 μη
1688 1664 1703 1677 .

1590 1636 1703 1677 1⁸111.

1622 1695 1741 1748 155.
1784 1691 1852 1746 Ει
1917 1697 1970 1747 lii
2020 1695 2140 1761 ipsi.
2200 1696 2257 1750 1η
2307 1697 2471 1751 Merc.
2523 1696 2577 1749 2.

1549 1764 1699 1836 deest
1733 1776 1816 1836 et;
1848 1765 1897 1817 in
1930 1765 2083 1819 Voss.
2118 1766 2193 1819 hi.

1618 1832 1881 1895 Ima/nues
1933 1850 2134 1888 eorum.

1550 1904 1701 1957 deest
1738 1920 1937 1965 eorum.

1620 1973 1740 2027 151.
1802 1970 1871 2024 Et
1925 1974 2047 2025 hoc.
2104 1972 2257 2027 Et'as.
2324 1974 2463 2030 Call.
2532 1986 2585 2030 et

1558 2042 1699 2095 Fetta
1712 2043 1789 2094 rd.
1811 2044 2068 2095 omittunt
2092 2054 2161 2094 et.

1624 2112 1745 2164 155.
1767 2112 1869 2175 Qui
1897 2112 2293 2178 prtedictisunt.
2325 2110 2413 2167 Er.
2440 2114 2580 2169 Gall.

1548 2190 1601 2236 et
1630 2180 1758 2234 Feu.
1792 2183 2071 2234 omittunt.
2096 2183 2184 2249 qui
2204 2192 2259 2234 et
2289 2194 2431 2237 sunt.

1624 2250 1935 2322 t‘Vumquid.
1963 2251 2196 2322 Clarottt.
2225 2270 2291 2305 an
2310 2255 2579 2322 numquid.

1586 2390 1597 2401 .
1619 2310 1739 2373 Non
1759 2310 2081 2388 cognovisse.
2100 2320 2247 2374 Clar.
2279 2339 2381 2375 non
2414 2310 2581 2391 a'gno-

1547 2406 1698 2443 υιιεε.

1622 2458 1985 2526 Monogenem.
2011 2458 2167 2513 Eras.
2188 2458 2328 2514 Gall.
2364 2468 2417 2513 et
2450 2458 2581 2514 Feu.

1546 2538 1592 2581 et
1622 2526 1984 2596 Monogenem.

1620 2597 1795 2650 Libro.
1836 2598 2072 2653 Clarum.
2124 2598 2281 2654 Voss.
2337 2599 2489 2654 Eras.
2527 2606 2581 2653 et

1548 2666 1687 2721 Call.
1723 2670 1871 2721 liber.

1624 2738 1747 2791 156.
1830 2735 2037 2791 Harant
2088 2739 2360 2807 imagines.
2420 2737 2578 2795 Eras.

1546 2805 1684 2879 Ga_!_l.
1726 2818 1779 2879 et
1811 2808 2043 2879 Fettard.
2079 2805 2257 2879 eorum
2300 2811 2577 2873 imagines.

1624 2875 1796 2929 Talia.
1824 2878 2059 2931 (llarom.
2088 2890 2142 2930 et
2175 2875 2326 2931 Voss.
2352 2879 2481 2933 alia,

1609 2946 1746 3010 Quid
1806 2949 1928 3015 quia
1969 2963 2034 3001 ex
2086 2946 2249 3015 Lago.
2304 2947 2395 3001 Er.
2441 2946 2580 3002 Gall.

1547 3016 1672 3085 quid
1694 3017 1780 3085 qui
1803 3034 1831 3067 a
1857 3014 2016 3083 Lago.

1618 3085 1740 3138 Sex.
1782 3086 1936 3139 Voss.
1977 3098 2188 3155 septem.

1624 3155 1743 3208 157.
1776 3154 1946 3220 Supra
1978 3158 2232 3223 pleroma.
2254 3155 2411 3211 Eras.
2437 3156 2581 3211 Gall.

1551 3236 1603 3278 et
1628 3225 1758 3277 Feu.
1789 3241 1945 3289 super
1973 3227 2230 3293 pleroma.

1626 3294 1693 3348 In
1717 3312 1775 3348 eo
1808 3294 1936 3347 Deo.
1972 3296 2029 3348 lu
2065 3296 2219 3350 Voss.
2250 3299 2401 3350 deest
2433 3312 2515 3350 eo.

1626 3366 1798 3433 Super
1848 3380 1929 3417 ea.
1958 3366 2193 3419 Claram.
2241 3376 2298 3420 et
2347 3366 2480 3421 Feu.
2530 3368 2585 3421 in

1554 3449 1728 3503 marg.
1756 3451 1916 3497 supra
1936 3451 2015 3487 ea.

1622 3504 1779 3576 Alius
1799 3503 1959 3576 Deus.
1994 3504 2135 3558 Deus
2170 3506 2510 3576 nonrlegitur
2534 3506 2586 3559 in

1554 3572 1710 3626 Eras.
1743 3572 1887 3627 Gall.
1922 3575 2132 3627 Aruud.
2168 3585 2223 3628 et
2260 3572 2425 3630 Mer'c.
2458 3577 2514 3630 2.

1632 3641 1744 3695 Iloc
1782 3643 1936 3695 idem.
1983 3644 2040 3697 In
2088 3644 2258 3699 Mere.
2318 3646 2373 3700 2.
2437 3649 2589 3701 deest

1557 3713 1712 3765 idem.

1601 3782 1805 3863 .Super
1840 3784 2035 3836 omnia.
2073 3783 2241 3838 Edilt.
2273 3800 2435 3853 supra
2473 3800 2588 3838 om-

1558 3867 1669 3904 uta.

1630 3922 1761 3985 Quir
1793 3933 1911 3976 sunt
1950 3924 2215 3977 deorsum.
2254 3924 2309 3977 lu
2349 3924 2583 3979 Clarom.

1558 3992 1659 4043 sint
1690 4007 1786 4057 pro
1818 4003 1958 4045 sunt.

1629 4061 1752 4116 158.
1772 4062 2060 4125 Quatritur.
2081 4063 2327 4137 Clarom.
2353 4074 2407 4117 et
2430 4063 2586 4117 Voss.

1556 4144 1833 4200 qua'retur.

1630 4201 1751 4253 159.
1802 4203 1992 4257 Omnes
2039 4213 2208 4256 erant.
2262 4203 2417 4257 Eras.
2451 4201 2588 4258 Gall.

1557 4280 1613 4325 et
1648 4274 1782 4322 alter
1819 4273 1983 4326 Merc.
2019 4273 2139 4326 cod.
2173 4283 2343 4326 erunt.

1629 4339 1970 4403 Sapientiam.
2019 4344 2168 4398 Voss.
2224 4355 2278 4397 et
2320 4343 2463 4397 Merc
2530 4344 2588 4397 2.

1561 4410 1853 4471 Sapieuixt.

1630 4477 1925 4545 Profunda.
1980 4482 2131 4536 Eras.
2186 4480 2323 4535 thl.
2384 4482 2588 4537 Aruttd.

1560 4549 1750 4606 Ottol).
1778 4562 1829 4603 et
1866 4551 2033 4605 Merc.
2058 4554 2110 4604 2.
2142 4553 2482 4620 profundum.

1635 4620 1755 4672 Ml.
1812 4620 2035 4689 Propter
2072 4625 2188 4674 ltoc.
2252 4623 2306 4674 In
2359 4622 2588 4677 Feuard.

1564 4705 1736 4757 marg.
1773 4691 1927 4745 Voss.
1952 4702 2006 4744 et
2032 4693 2268 4743 Clarum.
2296 4704 2589 4759 prapterea.

1636 4760 1758 4813 142.
1791 4759 1858 4813 Et
1888 4763 1994 4830 qui.
2028 4761 2185 4814 Eras.
2214 4760 2356 4815 Gali.
2385 4774 2438 4816 et
2460 4762 2589 4815 Feu.

1564 4807 1630 4882 Et
1662 4832 1713 4882 at
1739 4833 1851 4882 aui.

1616 4840 1630 4880 ι
1662 4832 1713 4882 Iti
1739 4833 1851 4885 aui.

1662 4848 1677 4880 I
1835 4870 1851 4885 ο

1636 4848 1900 4969 ρἰἒαῗιὲἷ-ςα
1917 4900 2169 4965 pleroma.
2188 4900 2333 4954 Clar.
2352 4902 2464 4969 qui,
2483 4913 2586 4956 etc.

1641 4971 1762 5041 144.
1797 4971 2122 5041 Quicumque
2145 4972 2384 5038 accipiet.
2417 4972 2472 5023 In
2500 4972 2589 5025 Er.

1566 5038 1707 5107 Gall.
1767 5052 1819 5095 et
1883 5038 2108 5095 Feu/et
2151 5043 2481 5110 quicumque.
2535 5042 2592 5095 lu

1564 5110 1713 5164 Clar.
1740 5121 1794 5165 et
1824 5110 1976 5166 Voss.
2013 5114 2220 5178 accipit.

1638 5179 1922 5234 Liberabit.
1946 5183 2092 5236 Clar.
2123 5181 2277 5235 Voss.
2307 5179 2513 5236 Gallas.
2538 5190 2593 5236 et

1565 5249 1696 5303 Feu.
1725 5251 1983 5304 liberauit.

1633 5318 1713 5389 Ea
1749 5336 1886 5384 quae.
1932 5322 1986 5373 In
2024 5318 2185 5372 Merc.
2220 5320 2276 5372 2.
2312 5321 2421 5373 Ita'c
2453 5338 2589 5389 quae.

1567 5390 1620 5442 In
1653 5388 1803 5442 Voss.
1826 5406 1927 5459 neq
1952 5391 2142 5453 teluuc,
2164 5405 2337 5458 neque
2359 5408 2419 5443 eu
2450 5408 2595 5444 cotu-

1606 5471 1738 5512 arei.

1606 5476 1738 5512 aret.

1569 5476 1603 5530 Ρ
1644 5529 2089 5583 Ileminoratione.
2172 5532 2317 5584 (llar.
2385 5532 2591 5585 Aruml.

1570 5608 1623 5654 el
1655 5600 1820 5660 Merc.
1852 5600 1908 5655 2.
1938 5602 2307 5655 deminutione.
2492 5659 2501 5667 ο

1639 5667 1720 5723 Ne
1741 5687 1773 5722 a
1803 5670 1985 5724 Putre.
2012 5672 2217 5724 Aruud.
2237 5686 2326 5723 nec
2347 5687 2375 5721 a
2410 5668 2590 5726 Patre.

1644 5738 1754 5792 Nec
1784 5739 1973 5795 Mater.
2008 5742 2241 5795 Clarum.
2283 5756 2442 5809 neque
2472 5741 2593 5795 ,11η-

1571 5825 1663 5866 ter.
1692 5812 1827 5879 Alii,
1868 5821 1957 5864 aut
1986 5824 2168 5864 mater.

2209 1836 2265 1889 ltt
2338 1835 2579 1890 Claram.

2726 508 2787 564 P.
2823 508 2946 565 151.
2995 508 3395 565 Converterunt.
3449 510 3708 568 Claram.

2652 578 2861 633 Arand.
2884 590 2934 633 et
2965 578 3128 633 Merc.
3158 580 3212 634 2.
3247 590 3596 634 com-ertunt.

2725 650 2849 702 H5.
2876 652 3062 703 Autem
3112 661 3304 703 noster.
3359 649 3421 704 In
3453 650 3615 705 Clar.
3645 662 3706 706 et

2654 720 2811 774 Voss.
2838 720 2993 772 deest
3024 728 3219 775 noster.

2719 787 2785 841 In
2821 789 3285 854 incorruptionem.
3335 788 3408 843 In
3449 790 3618 846 deest
3651 792 3709 847 ἰ

2650 858 2805 912 Erus.
2832 868 2885 911 et
2910 858 3051 913 Gall.

2727 923 2909 997 [Seque
2944 929 3307 982 duodecimus.
3345 928 3507 984 Eras.
3546 928 3703 987 G311.

2650 1008 2705 1053 et
2728 996 2861 1050 Fett.
2890 1015 2983 1050 nec
3008 1000 3373 1052 duodecimae.

2724 1067 2845 1121 146.
2898 1066 2965 1119 Et
3003 1070 3340 1121 tricenarius.
3386 1067 3447 1123 In
3480 1070 3702 1125 Aruud.

2652 1148 2705 1192 et
2735 1136 2898 1190 Merc.
2925 1137 2978 1188 2.
3012 1140 3165 1191 deest
3198 1148 3262 1190 et.

2720 1207 2841 1259 H7.
2898 1206 3132 1261 Credttnt
3184 1209 3251 1260 ei.
3317 1204 3387 1261 Ei
3444 1207 3609 1264 deest
3646 1209 3701 1264 in

2654 1276 2809 1329 Voss.
2842 1286 2895 1329 et
2932 1277 3094 1330 Merc.
3126 1277 3183 1331 2.

2722 1346 2902 1416 Fiunt.
2935 1346 3168 1401 Clarom.
3202 1349 3352 1416 fiant.

2725 1415 2825 1469 Ubi
2854 1428 2950 1470 est.
2984 1417 3220 1472 Clarum.
3245 1418 3450 1471 omittit
3481 1426 3593 1473 eu.

2724 1486 2849 1539 147.
2875 1484 3243 1555 Subsequitur.
3307 1486 3465 1542 Voss.
3513 1488 3706 1559 sequi-

2659 1566 2766 1608 ΙαΓ.

2656 1694 2696 1749 G
2726 1624 2858 1745 (ante
2916 1639 3010 1684 est.
3052 1628 3257 1683 Desunt
3302 1628 3360 1680 in
3416 1627 3579 1683 Erus.
3650 1638 3709 1685 et

2705 1714 2730 1747 'd
2780 1732 2793 1745 .

2705 1714 2793 1747 'dll.

2729 1764 3013 1818 Convenire
3084 1768 3137 1819 in
3192 1763 3550 1821 Hierusalem.
3632 1767 3702 1821 In

2658 1834 2811 1886 deest
2844 1835 2895 1888 iu
2934 1836 3086 1888 liras.
3113 1836 3251 1889 Call.
3285 1848 3339 1889 et
3366 1836 3607 1890 Feuard.

2740 1918 2967 1959 xxxrttt.
2987 1907 3224 1960 Clarum.
3252 1914 3307 1959 et
3335 1906 3703 1969 Merc.2,ux

2657 1983 2703 2025 et
2737 1988 2853 2026 VIII;

2732 2042 2927 2096 lterum
3001 2043 3144 2098 inde.
3219 2044 3375 2098 Eras.
3437 2043 3583 2099 Call.
3644 2054 3702 2099 et

2657 2111 2823 2164 Mere.
2858 2115 2911 2167 2.
2938 2118 3195 2169 omittunt
3220 2116 3449 2180 iterant;
3476 2116 3625 2169 Clar.
3644 2123 3706 2169 et

2658 2182 2817 2235 Voss.
2844 2184 2981 2236 inde.

2727 2248 2972 2306 Satiaeit.
3008 2253 3246 2309 Clarum.
3278 2254 3466 2307 satiat.

2725 2321 3041 2377 Ascendens.
3082 2324 3238 2379 Voss.
3266 2325 3530 2377 ascendit.

2695 2459 2707 2469 .
2731 2388 2863 2444 Cum
2892 2395 3101 2447 veniret.
3120 2392 3288 2449 Mere.
3311 2394 3369 2447 2.
3396 2410 3518 2447 cum
3548 2410 3702 2450 reu-

2660 2469 2729 2511 ftl

2731 2528 2838 2583 Sed
2860 2540 2907 2583 et
2941 2532 3245 2585 secundum.
3276 2533 3431 2587 Eras.
3464 2533 3615 2590 Gall.
3647 2543 3707 2588 et

2662 2597 2799 2651 Feu.
2830 2603 3089 2653 omittunt
3127 2614 3195 2655 et.

2730 2668 2850 2722 HS.
2906 2670 3107 2724 Contra
3154 2673 3480 2737 semetipsos.
3546 2672 3701 2725 Clar.

2659 2736 2817 2817 Voss.
2856 2749 2907 2793 et
2950 2740 3115 2794 Merc.
3161 2741 3215 2794 2.
3266 2736 3454 2797 contra
3509 2754 3706 2795 senm-

2660 2823 2852 2871 ipsum.

2873 2877 2981 2946 Ipsi
3001 2882 3113 2949 qui.
3148 2880 3318 2937 Edill.
3334 2898 3459 2936 cum
3486 2883 3702 2939 Arttud.

2658 2955 2713 3000 et
2741 2946 2904 3001 Merc.
2942 2949 2994 3004 5.
3014 2946 3134 3017 ipsi
3161 2962 3339 3005 autent
3366 2953 3478 3020 qui.

2732 3020 2919 3071 Autem
2947 3037 3163 3072 annum.
3200 3022 3422 3078 lttClar.
3454 3033 3511 3077 et
3539 3021 3701 3077 Voss.

2661 3086 2811 3139 deest
2844 3106 3059 3141 annum.

2727 3155 2935 3229 Attigit.
2971 3156 3123 3213 Voss.
3157 3160 3343 3229 tetigit.

2722 3227 2972 3282 A'bsistat.
3032 3227 3264 3286 Aruudf
3302 3239 3357 3284 et
3422 3229 3600 3287 Merc.
3648 3232 3672 3287 l

2661 3296 2887 3349 absistit.
2921 3299 3046 3363 Alii,
3079 3302 3305 3355 abstitit.

2733 3365 2854 3420 149.
2890 3364 3139 3442 Omnino.
3174 3368 3403 3442 euard.
3445 3370 3497 3423 in
3520 3386 3676 3442 marg

2662 3434 2902 3489 Clarom.
2940 3449 2993 3489 et
3022 3440 3232 3493 Aruud.
3260 3441 3591 3493 omnimodo.

2735 3506 2858 3559 150.
2894 3504 3159 3560 Numerus
3203 3524 3406 3561 eorum.
3452 3510 3605 3564 Clar.
3646 3519 3704 3564 et

2666 3572 2824 3628 Voss.
2863 3592 3107 3629 nuttterus
3137 3586 3307 3630 autem
3333 3592 3538 3630 eorum.

2739 3644 3040 3698 Secundum
3081 3663 3236 3698 eutm.
3272 3648 3430 3700 liras.
3468 3648 3614 3701 Gall.
3648 3659 3705 3702 et

2666 3711 2799 3767 Feu.
2830 3718 3112 3767 secundum
3143 3727 3339 3769 autem.

2739 3781 2973 3839 Corruit.
3018 3788 3226 3838 Arund.
3280 3784 3447 3840 Merc.
3496 3787 3552 3841 2.
3605 3780 3699 3843 Et.

2667 3851 2811 3907 Gali.
2846 3864 2897 3907 et
2921 3854 3049 3907 Feu.
3079 3857 3203 3907 ruit.

2738 3923 2859 3976 151.
2892 3925 2972 3976 Ait
3000 3926 3259 3980 habere...
3287 3924 3504 3991 fratres.
3528 3926 3696 3981 Ειιὶιι.

2666 3991 2920 4048 habere...
2958 3995 3150 4061 fratres
3182 3996 3340 4049 dixit.

2741 4062 2803 4113 Et
2831 4068 2957 4131 ipse.
2989 4065 3041 4117 lu
3072 4065 3161 4116 Er.
3196 4066 3316 4119 Gal.
3342 4077 3397 4119 et
3420 4064 3558 4122 Feu.
3592 4084 3698 4123 non

2670 4131 2868 4199 legitur
2891 4142 2962 4187 et.

2742 4202 2863 4256 152.
2899 4205 2964 4257 Et
2994 4219 3158 4257 renes.
3188 4203 3244 4257 In
3272 4200 3522 4260 Clarom.
3549 4207 3700 4261 deest

2672 4280 2743 4324 et.

2741 4337 2868 4393 Post
2901 4341 3020 4395 ltoc.
3049 4341 3214 4396 E.lilt.
3246 4355 3358 4408 post
3382 4347 3521 4397 Ita'c.

2735 4409 3010 4465 Scilicet...
3039 4424 3104 4467 et.
3134 4412 3187 4465 lu
3228 4411 3379 4466 Voss.
3404 4425 3458 4466 et
3491 4418 3697 4469 Aruml.

2670 4480 2822 4533 deest
2855 4483 3089 4544 scilicet;
3126 4485 3176 4535 in
3206 4484 3445 4535 Clat'om.
3484 4494 3556 4536 et.

2669 4618 2696 4669 ὑ
2731 4548 3037 4669 bllabebant.
3072 4552 3166 4605 Er.
3194 4551 3313 4607 Gal.
3346 4564 3400 4606 et
3435 4552 3570 4608 Feu.
3602 4556 3701 4608 lia-

2701 4636 2726 4669 e
2764 4638 2791 4669 a
2823 4659 2837 4669 .
2971 4656 2979 4665 .

2701 4631 2837 4673 eoat.

2741 4686 2906 4753 Quasi
2936 4700 3012 4746 ut.
3054 4690 3205 4747 Voss.
3234 4692 3387 4760 quasi
3412 4693 3572 4745 sicut.

2744 4760 3122 4815 Delirumenta.
3152 4763 3303 4814 Eras.
3320 4760 3463 4814 Gall.
3486 4764 3698 4818 Arund.

2669 4838 2725 4882 et
2760 4828 2924 4881 Merc.
2958 4830 3011 4883 2.
3043 4833 3344 4884 liratnenta.

2748 4897 2935 4966 Typos.
2974 4898 3130 4955 Voss.
3168 4911 3341 4969 typus.

2740 4970 2783 5022 Ε
2817 4970 3032 5038 triginta
3057 4968 3257 5024 diebus.
3308 4968 3463 5026 Voss.
3508 4984 3559 5026 ct
3607 4976 3704 5025 tri-

2667 5043 2813 5110 ginta
2841 5041 2969 5110 dtes.
3008 5048 3015 5053 '

2740 5110 2862 5163 155.
2906 5109 3066 5164 Serva
3095 5120 3217 5164 tute.
3260 5108 3415 5164 Voss.
3449 5121 3662 5166 seruato
3688 5149 3704 5176 .

2667 5180 2784 5234 sine
2818 5190 2942 5247 tute.

2737 5246 2859 5303 151.
2885 5246 2953 5301 Et
2976 5248 3159 5300 multa.
3194 5247 3267 5302 Id.
3306 5258 3355 5302 et
3384 5250 3635 5304 multum.

2740 5317 3053 5371 Numerum.
3122 5318 3175 5371 In
3232 5317 3467 5372 Feuard.
3527 5319 3698 5375 Graii.

2670 5389 2908 5444 Clarom.
2931 5399 2988 5442 et
3019 5388 3173 5443 Voss.
3204 5398 3251 5443 et
3279 5404 3580 5443 numerum.

2741 5458 2825 5511 Ea:
2859 5476 3025 5527 (equo.
3064 5457 3220 5514 Voss.
3251 5474 3394 5527 aqua

2740 5532 2799 5582 Si
2830 5546 2965 5597 quis.
2996 5527 3227 5583 Feuard.
3262 5530 3411 5582 addit
3442 5530 3625 5583 ctiam.

2744 5598 2896 5651 Tanti
2920 5602 3043 5652 sint.
3069 5600 3219 5651 (ηπ.
3250 5598 3386 5651 tanti
3410 5609 3553 5651 sunt.

2741 5670 2872 5732 Qua:
2896 5669 3054 5738 ﬁunt.
3082 5670 3135 5721 In
3157 5669 3449 5738 plerisque.
3471 5667 3625 5728 ﬁant.

2738 5742 2971 5807 Accepit.
3004 5741 3255 5803 Quidam,
3277 5738 3488 5805 accipit.

2740 5806 2934 5864 155.13:
2953 5807 3615 5864 ammm.Ediluotmttuut
3630 5816 3703 5861 et.
