3954 6372
251 463 394 520 1865

327 578 387 632 Ρ.
413 579 535 633 155.
560 577 628 632 Se
648 588 817 646 putat.
837 577 903 632 Se
929 577 1144 634 deestin
1168 575 1292 632 Cla-

254 665 398 705 l'OtIl.
438 647 592 702 Voss.
628 658 682 700 el.
707 649 869 703 Merc.
910 649 964 701 £.

327 738 569 793 Mutat...
619 738 915 807 jaculatur.
981 737 1127 792 Clar.
1193 739 1290 793 Ar.

253 807 415 862 Voss.
451 818 506 862 et
534 808 698 862 Merc.
735 808 790 861 2.
817 817 1060 862 mutet...
1081 809 1294 877 jacule-

253 889 364 931 tur.

323 978 621 1036 Aspectum.
653 969 900 1025 Er.Gall.
927 978 982 1026 et
1011 971 1142 1027 Feu.
1168 987 1294 1027 con-

249 1052 504 1108 spectum.

327 1132 716 1202 Relinquentes.
735 1134 900 1189 Editt.
925 1135 1292 1206 derelinquen-

253 1215 366 1257 tes.-

329 1274 450 1346 156.
474 1273 539 1346 In
572 1273 992 1346 charitate.Feu.
1030 1274 1082 1328 in
1117 1291 1292 1346 marg.

253 1353 308 1398 et
339 1345 483 1396 Clar.
520 1345 576 1396 in
607 1345 936 1396 charitatem.

332 1411 478 1467 Fecit
508 1424 554 1465 et
585 1413 733 1479 facit.
763 1413 930 1467 Editt.
961 1412 1115 1468 Eros.
1148 1413 1290 1470 Gall.

251 1492 309 1536 et
341 1482 470 1538 Feu.
505 1483 627 1547 facit
653 1492 700 1534 et
726 1482 868 1549 fecit.

328 1549 606 1605 Excidere.
645 1551 789 1603 Clar.
814 1551 1078 1607 excedere.

327 1621 399 1673 Et
425 1623 582 1674 idem.
621 1618 688 1672 Et
730 1621 879 1675 deest
927 1622 981 1674 in
1027 1623 1118 1676 Er.
1151 1622 1292 1681 Gall.

251 1702 310 1745 et.
339 1692 471 1744 Feu.

333 1760 665 1814 Volatilium.
726 1757 816 1812 Er.
870 1759 1011 1814 Gall.
1064 1771 1118 1815 et
1157 1759 1291 1816 Feu.

255 1831 568 1883 volantium.

327 1899 603 1951 Autumni.
654 1899 862 1952 Arund.
908 1908 965 1954 et
1013 1898 1181 1956 Merc.
1236 1899 1291 1954 2.

254 1969 546 2023 Autumno.

330 2037 552 2090 Pluvite.
621 2037 710 2092 Er.
768 2037 908 2094 Gall.
968 2040 1175 2093 Arund.
1237 2051 1292 2096 et

253 2107 422 2163 Herc.
450 2107 504 2158 2.
531 2108 726 2174 pluvia.

332 2177 673 2230 Emissiones.
704 2178 940 2232 Claram.
982 2187 1037 2232 et
1078 2179 1286 2234 Arund.

261 2245 636 2300 immissiones.

327 2316 728 2370 Absolvimus...
839 2319 1284 2374 commendamus.

255 2385 410 2439 Eras.
441 2382 583 2436 Gall.
647 2395 702 2438 et
763 2385 1001 2440 Feuard.
1043 2387 1287 2444 absolva-

255 2471 441 2510 mus...
474 2456 913 2508 commendemus.

327 2523 392 2593 In
439 2523 639 2593 futuro.
674 2524 906 2576 Claram.
941 2524 992 2576 in
1027 2524 1288 2593 futurum.

325 2592 448 2646 £57.
480 2590 774 2661 Diligamus
795 2609 934 2650 eum.
965 2590 1132 2647 E'iilt.
1165 2611 1288 2649 eum

251 2661 464 2715 Aruud.
525 2673 583 2715 et
635 2661 802 2716 Merc.
878 2666 932 2718 2.
1006 2665 1289 2733 diligamus

252 2729 441 2782 Deum.

305 2746 441 2783 eum.

338 2798 467 2853 Vere
509 2816 731 2870 semper.
779 2801 836 2856 In
889 2801 1100 2857 Arund.
1135 2804 1291 2860 deest

251 2884 390 2921 υεη.

325 2939 366 2989 Α
403 2937 530 2992 Deo.
564 2940 773 2996 Arund.
810 2943 873 2994 ab
907 2957 990 2996 eo.

332 3006 436 3078 Per
459 3010 576 3062 hoc.
605 3011 844 3065 Claram.
875 3028 968 3078 pro
1003 3011 1124 3067 hoc.

327 3075 522 3132 Putas.
550 3079 703 3134 Eras.
752 3075 890 3136 Gall.
952 3093 1004 3136 et
1053 3081 1285 3137 Feuard.

251 3158 419 3216 putes.

326 3217 533 3272 Sciant.
584 3219 746 3274 Editt.
781 3235 903 3274 cum
942 3218 1183 3275 Claram.
1233 3231 1289 3278 et

254 3285 408 3339 Voss.
440 3290 634 3342 sciunt.

329 3356 561 3411 Dehinc.
615 3359 822 3414 Arund.
871 3369 926 3414 et
985 3357 1152 3414 Merc.
1227 3360 1284 3415 2.

251 3426 393 3478 hinc.

324 3495 392 3547 tn
421 3511 592 3564 quem.
646 3497 700 3551 lu
731 3497 969 3553 Claram.
1020 3509 1075 3553 et.
1128 3500 1281 3558 Voss.

251 3564 406 3618 deest
440 3568 514 3618 in.

321 3632 606 3691 Discimus.
632 3636 870 3691 Claram.
899 3640 1210 3693 didicimus.

327 3704 552 3775 Lingua.
584 3706 716 3775 Ejus
754 3708 900 3761 addit
933 3709 1142 3762 Arund.

321 3774 444 3828 £58.
509 3773 585 3829 De
627 3773 780 3831 die...
847 3780 963 3833 illa.
1036 3777 1280 3833 Claram.

247 3845 457 3897 omittit
491 3844 604 3899 illa.

249 3983 284 4033 ά
319 3913 441 3967 159.
481 3912 545 3967 Ut
571 3917 619 3969 ei
641 3915 724 3968 de.
766 3915 1001 3972 Claram.
1037 3927 1093 3973 ut
1119 3920 1284 3974 eidem

285 3997 335 4033 e.

285 3997 335 4038 ϐ.

326 4053 390 4104 Et
424 4062 588 4106 tanta.
627 4053 790 4108 Edilt.
814 4067 860 4110 et
882 4066 1106 4110 tantum.

325 4121 630 4189 Exponam.
688 4125 855 4179 Editt.
927 4143 1051 4180 cuin
1124 4129 1276 4184 Voss.

249 4189 458 4264 Animi.
485 4201 539 4264 et
566 4191 736 4248 Merc.
763 4195 816 4248 2.
846 4212 1016 4264 expon
1040 4209 1133 4250 tnt.

324 4260 589 4323 Quoniam
646 4273 789 4317 sunt.
843 4260 922 4318 ln'
951 4267 1191 4322 Claram.
1228 4277 1282 4322 et

249 4327 405 4383 Voss.
437 4333 564 4384 sint.

333 4399 454 4452 Non
479 4402 665 4456 saluet.
693 4403 929 4457 Claram.
963 4421 1064 4458 non
1086 4408 1276 4461 salvat.

323 4470 443 4522 £60.
457 4467 784 4525 Necessarie.
809 4474 967 4526 Deest
997 4475 1048 4527 in
1067 4483 1105 4528 A
1119 4482 1272 4529 rund.

289 4537 784 4619 .Participaverunt
811 4543 879 4596 ei.
935 4544 991 4598 In
1037 4546 1272 4601 Clarum.

261 4624 383 4676 tius.

317 4679 593 4735 Credimus
639 4697 752 4736 nos.
811 4681 1018 4739 Arum].
1081 4684 1280 4738 omittit

251 4763 365 4801 nos.

319 4816 680 4874 Resuscitans.
710 4819 782 4875 Id.
804 4823 1086 4876 suscitans.

317 4886 665 4956 Relinquitur.
696 4892 857 4944 Edilt.
890 4908 1013 4945 cum
1041 4893 1190 4949 Voss.
1224 4903 1278 4948 et

251 4955 416 5028 Merc.
448 4958 499 5014 2.
541 4959 883 5028 relinquetur.

315 5026 520 5080 Animte
541 5026 855 5085 sunt.'l£ras.
875 5030 1012 5085 Gall.
1041 5031 1272 5084 Fenard.

249 5107 370 5146 cum
422 5097 629 5150 Arund.
679 5111 734 5152 et
772 5096 938 5155 Merc.
995 5102 1052 5156 2.
1096 5103 1272 5154 anima

249 5176 387 5215 sunt.

316 5232 534 5305 Reliqua
568 5239 808 5293 materia.
837 5237 893 5293 In
921 5235 1082 5295 Voss.
1110 5241 1270 5294 unica

250 5315 372 5375 vos,
412 5309 632 5375 reliquo.

317 5370 384 5424 Et
416 5370 600 5432 Deum.
630 5376 683 5430 In
713 5378 867 5433 editt.
895 5389 948 5433 ct
972 5378 1177 5434 Arund.
1206 5394 1270 5435 ac

249 5437 410 5495 Herc.
443 5443 495 5495 2.
526 5455 573 5496 et
599 5446 902 5499 Dominum.

317 5509 632 5568 Sententias.
663 5515 758 5569 lid.
791 5517 1124 5570 sententiam.

319 5579 438 5634 161.
486 5580 596 5636 Per
635 5587 963 5649 sapientium.
1007 5587 1170 5642 Editl.
1211 5596 1268 5642 et

247 5647 450 5722 Arund.
482 5647 762 5722 sapientia.

314 5717 652 5790 Ipsi-hujus.
703 5724 937 5778 Claram.
998 5734 1055 5780 et
1115 5723 1265 5782 Voss.

249 5785 353 5874 imi
364 5787 399 5868 ,ἡ
407 5790 434 5874 ί,
446 5791 478 5841 ’⁸
487 5785 628 5874 Eifo

314 5855 456 5913 Sint.
487 5855 652 5917 Editt.
682 5877 804 5917 cum
831 5862 986 5919 Voss.
1013 5875 1068 5919 et
1100 5865 1264 5922 Merc.

563 5954 834 6016 ΡΑτιιοι.
869 5959 984 6019 Gn.
1027 5958 1158 6019 VII.

1520 444 1754 513 unus
1796 453 2200 514 LECTIONES.

1365 574 1417 626 2.
1447 585 1589 628 sunt.

1436 645 1780 699 Faciendum.
1830 646 1995 700 Edilt.
2047 659 2171 700 cum
2231 641 2387 696 Voss.

1363 715 1682 781 faciendum.

1434 784 1632 854 Eorum
1659 784 2038 854 qute.Clarom.
2063 798 2388 854 rerumqutr.

1434 851 1932 910 HabeatﬁClarom.
1963 851 2115 908 Voss.
2141 864 2194 906 et
2225 852 2391 908 Merc.

1361 922 1416 975 2.
1451 924 1626 976 habet.

1446 992 1598 1048 Velit.
1627 995 1779 1050 Eras.
1821 992 1960 1049 Call.
2013 1002 2068 1049 et
2114 991 2283 1048 Merc.
2333 994 2390 1047 2.

1365 1063 1534 1116 vellet.

1429 1133 1548 1187 £62.
1594 1133 2018 1195 Principatuum.
2069 1132 2306 1187 Claram.
2339 1143 2394 1187 el

1364 1201 1525 1256 Merc.
1555 1204 1607 1256 2.
1641 1203 1960 1269 Principum.

1436 1270 1686 1341 Perfecit.
1727 1274 1881 1325 liras.
1911 1273 2049 1326 Gall.
2077 1271 2312 1326 Feuard.
2339 1283 2394 1329 el.

1366 1341 1529 1395 Merc.
1562 1343 1616 1395 2.
1643 1343 1868 1409 perﬁcit.

1433 1412 1503 1462 Et
1541 1412 1919 1478 prohibuisset,
1961 1412 2113 1464 nihil.
2155 1411 2390 1467 Feunrd.

1362 1480 1728 1545 prohibuisset,
1752 1491 1797 1533 et
1831 1483 1986 1536 nihil.
2019 1482 2074 1535 In
2107 1483 2316 1536 Arund.
2342 1492 2396 1536 et

1363 1549 1526 1604 Merc.
1563 1551 1617 1603 2.
1649 1552 1799 1604 deest
1825 1558 1896 1604 et.

1435 1619 1566 1673 Sunt
1621 1619 1857 1687 perfecti.
1927 1620 1984 1674 In
2039 1619 2284 1675 Claram.
2339 1628 2394 1676 et

1365 1689 1533 1744 Merc.
1567 1690 1622 1743 2.
1660 1691 1784 1742 sint.

1438 1760 1560 1812 £65.
1593 1757 1907 1826 Semetipsos
1955 1777 2085 1814 esse.
2132 1761 2185 1813 In
2238 1760 2395 1817 Erus.

1361 1827 1501 1883 Gall.
1531 1829 1824 1882 Feuartl.et
1853 1831 2060 1882 Arund.
2087 1831 2235 1883 deest
2263 1848 2392 1884 esse.

1435 1897 1790 1952 Concludetur
1833 1909 1878 1951 et
1913 1901 2390 1953 circumscribetur.

1363 1967 1519 2022 Voss.
1551 1968 1888 2020 concluditur
1922 1979 1971 2022 et
2005 1971 2397 2022 circumscribi-

1360 2050 1468 2091 tur.

1439 2108 1563 2162 164.
1614 2105 1684 2162 Et
1713 2107 1928 2162 Simone
1965 2118 2012 2161 et
2072 2108 2386 2163 Menandro.

1357 2179 1564 2232 Arund.
1601 2190 1646 2231 et
1666 2197 1694 2230 a
1712 2176 1923 2230 Simone
1941 2188 1987 2230 et
2011 2194 2042 2228 a
2070 2177 2387 2232 Menandro.

1429 2249 1699 2312 Aptatunt.
1745 2247 1956 2301 Arund.
2003 2244 2170 2302 Merc.
2225 2248 2278 2303 2.
2337 2259 2391 2304 et

1356 2317 1512 2371 edilt.
1545 2318 1878 2380 adoptatum.

1429 2385 1496 2439 Et
1527 2385 1777 2440 Basilide.
1812 2385 1976 2439 Editt.
1997 2401 2117 2440 cum
2142 2386 2388 2455 pluribus

1358 2470 1492 2512 mss.
1524 2467 1570 2510 et
1611 2473 1642 2508 a
1679 2455 1932 2508 Basilide.

1431 2525 1884 2580 Deminoratione.
1995 2525 2161 2580 Editt.
2261 2544 2386 2582 cum

1357 2595 1566 2650 Arund.
1601 2605 1654 2650 et
1676 2593 1844 2650 Merc.
1885 2593 2387 2651 2.deminorationi-

1357 2665 1473 2717 bus.

1432 2732 1748 2788 Utilitatem.
1779 2731 1935 2787 Voss.
1984 2735 2038 2788 in
2082 2735 2386 2789 utilitatem.

1432 2802 1659 2855 Tantum
1687 2815 1880 2856 autem.
1908 2803 1961 2855 In
1987 2805 2142 2860 Erus.
2166 2805 2309 2860 Gall.
2337 2817 2390 2863 et

1358 2869 1591 2924 Feiiard.
1625 2875 1776 2927 deest
1801 2882 1999 2927 autem.

1430 2941 1553 2996 165.
1593 2940 1725 2994 Reus
1748 2945 1868 2995 erit.
1896 2943 2105 2998 Arund.
2144 2959 2263 2997 reus
2289 2953 2386 2998 est.

1429 3010 1736 3083 l’erjnrare.
1776 3010 2011 3083 Feuard.
2045 3014 2098 3066 in
2129 3028 2300 3083 marg.
2333 3024 2389 3070 et

1357 3080 1568 3148 Anglic.
1601 3082 1757 3135 cadd.
1792 3081 2054 3148 pejerare.

1431 3149 1766 3202 Tractentur.
1805 3150 1954 3206 Erus.
1986 3148 2128 3207 Gali.
2175 3159 2230 3207 et
2266 3152 2388 3207 Cla-

1357 3235 1496 3273 rom.
1530 3229 1837 3272 tractentur.

1429 3287 1763 3356 Magistrum.
1793 3289 1948 3342 Eras.
1984 3288 2123 3344 Gall.
2149 3289 2384 3350 Feuard.

1356 3367 1410 3412 et
1439 3356 1604 3427 Merc.
1635 3360 1687 3410 2.
1715 3370 1760 3411 et
1788 3360 2120 3427 magistrum.

1427 3426 1857 3495 Confuudantur.
1892 3428 2128 3485 Claram.
2179 3439 2233 3485 et
2278 3431 2388 3485 Διι-

1355 3497 1482 3568 glia.
1517 3499 2123 3568 coddrconfunduntur.

1424 3565 1638 3620 Dicunt.
1663 3567 1829 3620 Editt.
1853 3583 1976 3620 cum
1997 3567 2150 3624 Voss.
2177 3570 2387 3624 Arund.

1354 3647 1408 3690 et
1439 3635 1604 3690 Merc.
1638 3639 1691 3688 2.
1727 3639 1927 3689 dicant.

1424 3705 1900 3760 Libidinemllras.
1923 3707 2062 3761 Gall.
2080 3720 2130 3763 et
2148 3707 2382 3762 Feuard.

1355 3775 1616 3829 libidines.

1426 3843 1470 3895 Α
1510 3845 1824 3912 semetipsis.
1853 3844 2017 3900 Iidem
2053 3848 2389 3915 praemittunt

1355 3924 1425 3968 et.

1428 3982 1782 4037 Firmitatem.
1814 3983 2050 4038 Claram.
2103 3995 2157 4039 et
2214 3984 2380 4040 Merc.

1352 4055 1407 4108 2.
1440 4056 1733 4120 ﬁrmitates,
1765 4068 1862 4124 pro
1891 4069 1999 4123 quo
2026 4056 2079 4110 in
2110 4053 2262 4110 Voss.
2287 4055 2386 4123 ﬁ:-

1355 4124 1572 4178 mitatis.

1363 4262 1372 4271 _
1425 4195 1548 4246 166.
1598 4192 1988 4264 Cujuscunque.
2023 4193 2258 4249 Claram.
2291 4211 2385 4248 cu-

1345 4279 1614 4332 jusquam.

1426 4335 1546 4387 167.
1602 4333 1732 4398 Qua:
1780 4343 1900 4385 ante
1939 4332 2080 4400 facta
2129 4342 2272 4388 sunt.
2327 4333 2383 4388 ln

1352 4402 1587 4472 Claram.
1618 4404 1867 4468 quoniam
1905 4420 2004 4472 pro
2032 4419 2169 4472 quae.

1419 4471 1762 4527 Laborarent.
1799 4471 1953 4528 Erus.
1983 4485 2038 4528 et
2065 4473 2200 4528 Gall.
2235 4473 2383 4527 labo-

1351 4553 1483 4594 rent.

1423 4610 1710 4681 Temporis.
1737 4610 1972 4666 Claram.
1999 4621 2218 4681 tempus.

1424 4679 1883 4735 Reminisceretnr.
1931 4679 2109 4736 Ertle
2137 4682 2273 4736 Gall.
2324 4693 2378 4738 et

3362 458 3498 515 1866

2535 566 2593 620 ι’.
2626 568 2746 624 169.
2782 571 3039 627 Ρε‹ϊυὺὲ1.
3067 574 3219 630 Erus.
3241 576 3377 632 Gali.
3401 581 3493 634 Ar.

2467 647 2522 691 et
2555 638 2718 694 Merc.
2749 642 2804 694 2.
2829 645 3078 707 peccavit.

2532 709 2654 763 £70.
2695 709 3120 766 Pra'dicaverint.
3157 713 3312 774 Eras.
3353 716 3492 774 Gall.

2463 787 2516 833 et
2540 779 2772 835 Feuartl.
2805 785 3245 848 prauiicaverunt.

2534 850 2655 904 £7l.
2686 849 2825 902 Dens
2867 858 3210 918 omnipotens.
3252 855 3491 914 Clamm.

2460 927 2513 973 et
2546 920 2716 990 Voss._
2739 919 2992 974 Dominus
3013 925 3209 990 omnip.

2500 989 2502 991 ’
2533 990 2654 1045 175.
2686 987 2946 1046 Postulet.
2968 987 3206 1046 Claram.
3242 999 3492 1056 i'ostulat.

2536 1059 2839 1113 Distribuit.
2859 1060 3096 1119 Claram.
3118 1071 3170 1115 et
3199 1064 3354 1122 Voss.
3384 1071 3494 1125 dis-

2466 1130 2676 1183 tribuet.

2529 1199 2700 1252 Dixit.
2733 1197 2970 1254 Claram.
3001 1203 3152 1257 dicit.

2536 1270 2660 1323 174.
2729 1268 2996 1324 Christum
3080 1272 3381 1334 Dominum.
3437 1279 3494 1336 In

2463 1340 2671 1391 Arnnd.
2706 1341 2854 1392 deest
2887 1338 3175 1395 Christum.

2526 1407 2894 1476 Unusquisque
2919 1426 3124 1465 eorum.
3169 1413 3223 1468 la
3254 1415 3490 1475 Claram.

2465 1481 2608 1533 deest
2636 1495 2832 1532 eorum.

2535 1549 2890 1604 Adinvenerit.
2924 1549 3089 1604 Edilt.
3131 1569 3253 1609 cum
3283 1555 3493 1616 Arund.

2463 1627 2516 1672 cl
2542 1617 2707 1671 Merc.
2732 1618 2786 1669 2.
2821 1619 3111 1674 adinvenit.

2537 1688 2656 1740 175.
2701 1687 2888 1740 Postea
2915 1690 3119 1742 deinde.
3156 1692 3312 1750 Eros.
3353 1697 3493 1755 Gall.

2463 1767 2516 1810 et
2543 1757 2773 1810 Ftaiard.
2804 1759 3060 1812 omittunt
3083 1774 3283 1828 postea.

2539 1828 2602 1878 Et
2634 1845 2688 1880 se
2714 1844 2849 1879 rem.
2897 1829 3059 1882 liditt.
3089 1833 3349 1889 omittunt
3382 1848 3456 1891 et.

2532 1896 2654 1952 £76.
2694 1895 2870 1963 Hujus
2898 1897 3039 1952 Lini.
3077 1902 3284 1959 Arum].
3331 1906 3498 1963 inter-

2465 1969 2604 2019 serit
2629 1978 2824 2018 autent.

2536 2035 2602 2088 Et
2663 2052 2781 2087 cum
2832 2036 3026 2090 adhuc.
3084 2038 3237 2094 Eros.
3271 2042 3409 2100 Gall.
3441 2055 3500 2102 et

2467 2104 2697 2157 Fenard.
2729 2105 2988 2157 omittunt
3015 2117 3086 2161 et.

2530 2173 2944 2241 Cataclysmum.
3004 2175 3161 2233 Voss.
3207 2197 3324 2236 eum
3349 2196 3500 2241 cata.

2463 2243 2738 2312 clysmum.

2534 2312 2932 2379 Disposuerit...
2992 2317 3218 2372 miserit.
3285 2323 3494 2380 Arund.

2462 2381 2756 2461 Ottliobon.
2807 2391 2860 2434 et
2911 2383 3074 2461 Merc.
3113 2387 3164 2441 2.
3216 2390 3502 2461 disposue-

2464 2463 2618 2507 rat...
2680 2454 2916 2504 miserat.
2977 2456 3262 2530 Ctmsenlit
3299 2454 3499 2530 'quoud

2462 2537 2792 2592 postremam
2823 2537 3011 2592 vocem
3043 2524 3282 2582 Claram.

2535 2591 2898 2667 Telesphorus.
2971 2591 3036 2667 lu
3092 2611 3223 2650 mss.
3285 2598 3496 2667 Anglic.

2464 2662 2860 2736 Telesiphgrus.
2880 2660 2932 2736 In
2961 2663 3200 2720 Claram.
3233 2660 3495 2736 scrip‘iam

2461 2733 2636 2807 fuerat
2691 2728 3111 2807 'I'elesiphoru_s_,_
3158 2738 3251 2790 sed
3311 2728 3502 2807 super.

2459 2803 2718 2873 scrijitum
2753 2800 2980 2873 videtur,
3021 2801 3352 2873 Telosporus.

2582 2869 2887 2923 teut/terius.
2942 2869 3181 2928 ArundX
3221 2886 3278 2929 et.
3338 2877 3497 2936 Voss.

2463 2937 2794 2993 Eleutherus.

2530 3008 2614 3062 Ea:
2655 3010 2751 3062 eis.
2805 3005 2859 3059 In
2893 3008 3133 3065 Claram.
3185 3012 3396 3074 Arund.
3444 3028 3500 3073 et

2457 3078 2622 3133 Merc.
2657 3080 2713 3131 2.
2744 3080 2893 3130 deest
2921 3095 3001 3131 ex.

2529 3150 2648 3203 177.
2694 3146 3092 3201 Testimonium.
3144 3152 3298 3208 Eras.
3355 3154 3496 3214 Gali.

2457 3219 2688 3273 Feuard.
2737 3216 2889 3276 Voss.
2923 3229 2975 3272 et
3002 3218 3210 3276 Aruud.
3259 3234 3309 3278 et
3347 3229 3496 3280 testi-

2458 3289 2710 3342 monium.

2499 3359 2848 3438 .Adt'enisset.
2885 3360 3036 3414 Voss.
3087 3371 3142 3416 et
3173 3363 3382 3421 Arund.
3412 3384 3502 3423 ve-

2457 3437 2638 3480 ιηεεει.

2529 3496 2648 3553 178.
2689 3495 2762 3550 lle
2795 3497 3072 3568 liquidum.
3111 3499 3184 3557 Re
3225 3503 3372 3562 deest
3445 3507 3499 3562 in

2458 3565 2622 3620 Merc.
2658 3567 2714 3620 £.

2511 3582 2622 3620 Cl‘t'.
2658 3582 2683 3620 1
2699 3605 2714 3620 ο

2530 3636 2733 3704 Aliquis
2787 3639 3205 3694 aununtiaverit.
3258 3643 3496 3699 Claram.

2459 3719 2515 3761 et
2559 3705 2726 3763 Merc.
2797 3706 2852 3758 2.
2911 3709 3076 3775 aliqui
3145 3715 3496 3768 annuntiavev

2463 3777 2590 3829 rint.

2537 3843 2656 3898 £79.
2683 3842 2786 3907 Qui
2804 3842 3166 3911 Evangelium.
3192 3847 3336 3902 Editt
3371 3866 3493 3907 cum

2464 3913 2666 3991 hrum].
2702 3923 2754 3967 et
2787 3911 2950 3966 Merc.
2982 3913 3035 3966 2.
3071 3917 3159 3982 qui
3187 3927 3234 3970 et
3269 3920 3498 3991 Evange.

2461 3983 2612 4038 lium.

2532 4051 3180 4121 Languorem.l£ras.Gall.
3196 4067 3248 4111 et
3264 4057 3497 4118 Feuartl.

2458 4121 2758 4190 languores.

2537 4188 2744 4262 Verior.
2779 4188 2943 4262 Merc.
2988 4192 3256 4262 Lmajor.

2530 4260 2854 4314 Invenietur.
2872 4260 3167 4317 Eras.Gall.
3185 4275 3238 4319 et
3261 4265 3493 4327 Feuat‘d.

2459 4330 2738 4382 invenitur.

2528 4397 2740 4452 Faciat.
2793 4399 2960 4453 Editt.
3016 4416 3138 4456 cum
3189 4403 3345 4461 Voss.
3408 4408 3494 4476 fa-

2454 4472 2571 4525 ciet.

2527 4539 2670 4594 Male
2729 4538 2934 4593 habent.
3005 4540 3157 4596 Eros.
3232 4544 3370 4600 Gall.
3435 4554 3507 4605 er

2455 4611 2686 4666 Feuard.
2718 4609 2854 4662 male
2881 4626 2936 4661 se
2965 4611 3175 4664 habent.

2525 4680 2644 4735 £80.
2691 4679 3023 4746 Acceptione.
3076 4683 3312 4738 Claram.
3365 4701 3492 4744 cum

1353 4749 1586 4805 Feuard.
1619 4765 1740 4805 cum
1772 4752 1936 4806 Merc.
1963 4753 2018 4808 2.
2055 4769 2109 4807 se
2135 4754 2377 4807 reminis-
2417 4749 2609 4825 ,ΕΙ-ξε.
2640 4760 2694 4803 et
2721 4748 2863 4825 Gell.
2896 4751 3276 4825 acceptatione.

1352 4833 1481 4873 ceret
1492 4837 1573 4873 ur.

1420 4890 1496 4962 Ab
1519 4907 1599 4942 ea.
1641 4889 1805 4944 Edilt.
1841 4905 1963 4946 cum
1996 4907 2126 4946 mss.
2163 4891 2370 4962 Anglic.

1348 4959 1481 5012 etab
1515 4975 1596 5011 ea.

1417 5028 1480 5080 Et
1556 5045 1636 5082 ea.
1706 5030 1855 5086 Eras.
1937 5033 2078 5088 Gall.
2136 5031 2371 5086 Feuard.

1347 5098 1554 5151 Arund.
1586 5112 1640 5151 et
1672 5099 1835 5155 Merc.
1870 5103 1920 5156 2.
1955 5106 2211 5156 amittunt
2242 5111 2315 5155 et.

1414 5167 1535 5222 168.
1563 5169 1808 5232 Corporis
1846 5173 2115 5227 tarditate.
2160 5172 2219 5224 Ili
2251 5173 2376 5226 Cla-

1346 5252 1485 5291 ram.
1523 5253 1576 5292 et
1617 5241 1771 5293 Voss.
1800 5245 2131 5294 tarditatem.

1412 5304 1481 5360 Ei
1506 5311 1918 5364 communicatis.
1945 5311 2000 5365 In
2030 5311 2180 5366 Voss.
2202 5324 2255 5362 se
2277 5323 2374 5377 pro

1338 5393 1406 5430 ει.

1409 5445 1622 5515 Scripti.
1656 5449 1813 5504 liras.
1848 5448 1997 5504 Gali.
2035 5460 2092 5505 et
2131 5448 2370 5505 Feuard.

1340 5517 1604 5584 descripti.

2519 4818 2912 4883 Constabiliret,
2936 4831 2981 4870 et
3013 4821 3084 4872 eis
3108 4836 3236 4873 esse.
3263 4823 3315 4874 lo
3333 4822 3492 4880 Eras.
3597 4857 3613 4867 η

2447 4888 2588 4945 Gall.
2619 4889 2824 4942 Arund.
2851 4899 2905 4942 et
2936 4887 3104 4943 Merc.
3140 4890 3193 4942 2.
3230 4895 3492 4948 constabi-

2449 4961 2573 5012 liter
2599 4960 2670 5013 eis
2699 4974 2829 5011 esse.
3499 4977 3501 4980 ί

2525 5028 2868 5096 Ρηινριιιέυηι.
2904 5025 2960 5080 In
2976 5026 3210 5082 Claram.
3248 5040 3303 5085 et
3327 5032 3484 5090 Voss.

2449 5098 2926 5169 pra'putiationem.

2521 5167 2586 5219 Et
2636 5167 2977 5242 constituens.
3021 5167 3182 5223 Editt.
3219 5183 3339 5224 cum
3375 5171 3489 5242 ple-

2450 5240 2632 5305 risque
2666 5249 2794 5288 mss.
2823 5236 3081 5290 omittunt
3112 5248 3180 5290 et.

2521 5307 2585 5361 In
2616 5307 2768 5358 domo
2814 5307 3018 5360 Arum].
3052 5308 3105 5358 in
3134 5313 3368 5362 domum.

2519 5376 2622 5441 Qui
2648 5374 2809 5426 dedit.
2847 5374 3008 5427 llditt.
3042 5390 3163 5428 cum
3186 5379 3392 5432 Aruud.
3431 5388 3484 5433 et

2449 5446 2614 5501 Merc.
2649 5444 2702 5496 2.
2739 5444 2827 5510 qui
2861 5456 2905 5494 et
2935 5445 3097 5497 dedit.

2516 5515 2598 5569 Ad
2628 5512 3022 5594 ‘judtcandam.
3048 5512 3282 5570 Claram.
3321 5516 3482 5586 adja-

1405 5585 1528 5662 ‘169.
1559 5586 1689 5662 Εξεε
1738 5590 2002 5658 εω,.ετίηι.
2052 5586 2182 5644 Esse
2207 5591 2372 5662 3deest
2445 5585 2680 5662 dic_an_di.

1343 5657 1396 5710 i‘n
1437 5659 1475 5708 A
1488 5659 1645 5713 runt].

1414 5725 1602 5779 Omnia
1698 5738 2024 5780 ornamenta.
2134 5731 2369 5784 Claram.

1340 5811 1492 5848 omne
1542 5805 1952 5866 ornamentum;
2007 5814 2124 5866 qua:
2180 5800 2369 5856 ultima

1342 5881 1446 5922 vox
1470 5867 1632 5923 etiam
1670 5869 1724 5920 in
1764 5865 1917 5922 Voss.
1952 5865 2169 5934 legitur.

2474 5654 2880 5724 'lniquitatem.
2933 5653 3144 5712 Amoti.
3221 5657 3481 5725 iniquita-

2446 5737 2635 5850 lu£8l.
2678 5790 2902 5849 Paulus.
2939 5793 3100 5850 Deest
3127 5795 3178 5849 in
3216 5795 3375 5849 Voss.

2517 5865 2667 5937 Ipse.
2701 5875 2894 5918 autent.
2959 5865 3015 5920 In
3071 5864 3279 5918 Arund.
3335 5865 3482 5920 deest

3129 5958 3206 6018 59
