  <div class='ocr_page' id='page_1' title='image "/cluster/home/n/w/nwhite01/storage/ocr_20150623/7/hvd.32044019206614/949.png"; bbox 0 0 3954 6372; ppageno 0'>
   <div class='ocr_carea' id='block_1_1' title="bbox 388 327 529 388">
    <p class='ocr_par' dir='ltr' id='par_1_1' title="bbox 388 327 529 388">
     <span class='ocr_line' id='line_1_1' title="bbox 388 327 529 388; baseline -0.014 0"><span class='ocrx_word' id='word_1_1' title='bbox 388 327 529 388; x_wconf 71' lang='grc'><strong>1378</strong></span> 
     </span>
    </p>
   </div>
   <div class='ocr_carea' id='block_1_2' title="bbox 387 448 854 505">
    <p class='ocr_par' dir='ltr' id='par_1_2' title="bbox 387 448 854 505">
     <span class='ocr_line' id='line_1_2' title="bbox 387 448 854 505; baseline -0.006 0"><span class='ocrx_word' id='word_1_2' title='bbox 387 460 443 505; x_wconf 86' lang='lat' dir='ltr'><strong>et</strong></span> <span class='ocrx_word' id='word_1_3' title='bbox 473 449 636 503; x_wconf 77' lang='lat' dir='ltr'><strong>Merc.</strong></span> <span class='ocrx_word' id='word_1_4' title='bbox 665 448 700 502; x_wconf 83' lang='lat'><strong>2</strong></span> <span class='ocrx_word' id='word_1_5' title='bbox 726 448 854 504; x_wconf 87' lang='lat' dir='ltr'><strong>sint.</strong></span> 
     </span>
    </p>
   </div>
   <div class='ocr_carea' id='block_1_3' title="bbox 456 517 1424 576">
    <p class='ocr_par' dir='ltr' id='par_1_3' title="bbox 456 517 1424 576">
     <span class='ocr_line' id='line_1_3' title="bbox 456 517 1424 576; baseline 0.002 -4"><span class='ocrx_word' id='word_1_6' title='bbox 456 517 519 573; x_wconf 91' lang='lat' dir='ltr'><strong>P.</strong></span> <span class='ocrx_word' id='word_1_7' title='bbox 537 518 665 576; x_wconf 88' lang='lat'><strong>288.</strong></span> <span class='ocrx_word' id='word_1_8' title='bbox 694 520 973 574; x_wconf 78' lang='lat' dir='ltr'><strong>Attendite.</strong></span> <span class='ocrx_word' id='word_1_9' title='bbox 1020 520 1175 574; x_wconf 84' lang='lat' dir='ltr'><strong>Enim</strong></span> <span class='ocrx_word' id='word_1_10' title='bbox 1220 518 1424 574; x_wconf 85' lang='lat' dir='ltr'><strong>addunt</strong></span> 
     </span>
    </p>
   </div>
   <div class='ocr_carea' id='block_1_4' title="bbox 386 588 1186 645">
    <p class='ocr_par' dir='ltr' id='par_1_4' title="bbox 386 588 1186 645">
     <span class='ocr_line' id='line_1_4' title="bbox 386 588 1186 645; baseline -0.003 0"><span class='ocrx_word' id='word_1_11' title='bbox 386 588 543 645; x_wconf 86' lang='lat' dir='ltr'><strong>editt.</strong></span> <span class='ocrx_word' id='word_1_12' title='bbox 582 604 703 642; x_wconf 80' lang='lat' dir='ltr'><strong>cun.</strong></span> <span class='ocrx_word' id='word_1_13' title='bbox 732 589 825 643; x_wconf 81' lang='lat' dir='ltr'><strong>Ar.</strong></span> <span class='ocrx_word' id='word_1_14' title='bbox 854 600 907 643; x_wconf 90' lang='lat' dir='ltr'><strong>et</strong></span> <span class='ocrx_word' id='word_1_15' title='bbox 936 588 1098 645; x_wconf 83' lang='lat' dir='ltr'><strong>Merc.</strong></span> <span class='ocrx_word' id='word_1_16' title='bbox 1131 590 1186 643; x_wconf 93' lang='lat'><strong>2.</strong></span> 
     </span>
    </p>
   </div>
   <div class='ocr_carea' id='block_1_5' title="bbox 461 659 1419 727">
    <p class='ocr_par' dir='ltr' id='par_1_5' title="bbox 461 659 1419 727">
     <span class='ocr_line' id='line_1_5' title="bbox 461 659 1419 727; baseline 0.004 -18"><span class='ocrx_word' id='word_1_17' title='bbox 461 659 819 712; x_wconf 80' lang='lat' dir='ltr'><strong>Abscesseriut</strong></span> <span class='ocrx_word' id='word_1_18' title='bbox 971 660 1165 727; x_wconf 82' lang='lat' dir='ltr'><strong>fuerint</strong></span> <span class='ocrx_word' id='word_1_19' title='bbox 1197 697 1212 713; x_wconf 94' lang='lat'><strong>.</strong></span> <span class='ocrx_word' id='word_1_20' title='bbox 1243 700 1256 713; x_wconf 94' lang='lat'><strong>.</strong></span> <span class='ocrx_word' id='word_1_21' title='bbox 1290 698 1306 714; x_wconf 97' lang='lat'><strong>.</strong></span> <span class='ocrx_word' id='word_1_22' title='bbox 1330 669 1419 713; x_wconf 86' lang='lat' dir='ltr'><strong>stt.</strong></span> 
     </span>
    </p>
   </div>
   <div class='ocr_carea' id='block_1_6' title="bbox 388 724 1417 798">
    <p class='ocr_par' dir='ltr' id='par_1_6' title="bbox 388 724 1417 798">
     <span class='ocr_line' id='line_1_6' title="bbox 388 724 1417 798; baseline 0.001 -17"><span class='ocrx_word' id='word_1_23' title='bbox 388 724 557 791; x_wconf 83' lang='lat' dir='ltr'><strong>Editt.</strong></span> <span class='ocrx_word' id='word_1_24' title='bbox 600 724 1058 784; x_wconf 68' lang='lat' dir='ltr'><strong>abscesserunt...</strong></span> <span class='ocrx_word' id='word_1_25' title='bbox 1090 728 1303 798; x_wconf 87' lang='lat' dir='ltr'><strong>fuerunt</strong></span> 
     </span>
    </p>
   </div>
   <div class='ocr_carea' id='block_1_7' title="bbox 388 807 485 851">
    <p class='ocr_par' dir='ltr' id='par_1_7' title="bbox 388 807 485 851">
     <span class='ocr_line' id='line_1_7' title="bbox 388 807 485 851; baseline 0 0"><span class='ocrx_word' id='word_1_26' title='bbox 388 807 485 851; x_wconf 71' lang='grc' dir='ltr'><strong>ιιι.</strong></span> 
     </span>
    </p>
   </div>
   <div class='ocr_carea' id='block_1_8' title="bbox 459 864 1422 922">
    <p class='ocr_par' dir='ltr' id='par_1_8' title="bbox 459 864 1422 922">
     <span class='ocr_line' id='line_1_8' title="bbox 459 864 1422 922; baseline 0.001 -3"><span class='ocrx_word' id='word_1_27' title='bbox 459 864 526 920; x_wconf 89' lang='lat' dir='ltr'><strong>In</strong></span> <span class='ocrx_word' id='word_1_28' title='bbox 558 867 754 921; x_wconf 87' lang='lat' dir='ltr'><strong>multis.</strong></span> <span class='ocrx_word' id='word_1_29' title='bbox 779 867 1021 921; x_wconf 87' lang='lat' dir='ltr'><strong>Priorem</strong></span> <span class='ocrx_word' id='word_1_30' title='bbox 1048 882 1234 922; x_wconf 86' lang='lat' dir='ltr'><strong>vocem</strong></span> <span class='ocrx_word' id='word_1_31' title='bbox 1260 867 1422 921; x_wconf 89' lang='lat' dir='ltr'><strong>omit-</strong></span> 
     </span>
    </p>
   </div>
   <div class='ocr_carea' id='block_1_9' title="bbox 390 934 1127 1004">
    <p class='ocr_par' dir='ltr' id='par_1_9' title="bbox 390 934 1127 1004">
     <span class='ocr_line' id='line_1_9' title="bbox 390 934 1127 1004; baseline 0.001 -16"><span class='ocrx_word' id='word_1_32' title='bbox 390 934 628 1004; x_wconf 58' lang='lat' dir='ltr'><strong>titglar.</strong></span> <span class='ocrx_word' id='word_1_33' title='bbox 660 948 944 1004; x_wconf 84' lang='lat' dir='ltr'><strong>utramque</strong></span> <span class='ocrx_word' id='word_1_34' title='bbox 971 938 1127 993; x_wconf 85' lang='lat' dir='ltr'><strong>Voss.</strong></span> 
     </span>
    </p>
   </div>
   <div class='ocr_carea' id='block_1_10' title="bbox 458 1002 1417 1071">
    <p class='ocr_par' dir='ltr' id='par_1_10' title="bbox 458 1002 1417 1071">
     <span class='ocr_line' id='line_1_10' title="bbox 458 1002 1417 1071; baseline 0.002 -14"><span class='ocrx_word' id='word_1_35' title='bbox 458 1002 527 1057; x_wconf 83' lang='lat' dir='ltr'><strong>Et</strong></span> <span class='ocrx_word' id='word_1_36' title='bbox 556 1006 624 1058; x_wconf 89' lang='lat' dir='ltr'><strong>ad</strong></span> <span class='ocrx_word' id='word_1_37' title='bbox 653 1002 939 1063; x_wconf 78' lang='lat' dir='ltr'><strong>veritatem.</strong></span> <span class='ocrx_word' id='word_1_38' title='bbox 975 1008 1144 1071; x_wconf 69' lang='lat' dir='ltr'><strong>Etlitt.</strong></span> <span class='ocrx_word' id='word_1_39' title='bbox 1169 1021 1291 1061; x_wconf 90' lang='lat' dir='ltr'><strong>cum</strong></span> <span class='ocrx_word' id='word_1_40' title='bbox 1322 1006 1417 1059; x_wconf 83' lang='lat' dir='ltr'><strong>Ar.</strong></span> 
     </span>
    </p>
   </div>
   <div class='ocr_carea' id='block_1_11' title="bbox 391 1074 1122 1139">
    <p class='ocr_par' dir='ltr' id='par_1_11' title="bbox 391 1074 1122 1139">
     <span class='ocr_line' id='line_1_11' title="bbox 391 1074 1122 1139; baseline 0.001 -11"><span class='ocrx_word' id='word_1_41' title='bbox 391 1084 445 1128; x_wconf 87' lang='lat' dir='ltr'><strong>et</strong></span> <span class='ocrx_word' id='word_1_42' title='bbox 482 1075 648 1139; x_wconf 80' lang='lat' dir='ltr'><strong>Merc.</strong></span> <span class='ocrx_word' id='word_1_43' title='bbox 685 1074 741 1139; x_wconf 78' lang='lat'><strong>2.</strong></span> <span class='ocrx_word' id='word_1_44' title='bbox 770 1078 1025 1137; x_wconf 85' lang='lat' dir='ltr'><strong>omittunt</strong></span> <span class='ocrx_word' id='word_1_45' title='bbox 1053 1086 1122 1130; x_wconf 90' lang='lat' dir='ltr'><strong>et.</strong></span> 
     </span>
    </p>
   </div>
   <div class='ocr_carea' id='block_1_12' title="bbox 457 1143 1416 1209">
    <p class='ocr_par' dir='ltr' id='par_1_12' title="bbox 457 1143 1416 1209">
     <span class='ocr_line' id='line_1_12' title="bbox 457 1143 1416 1209; baseline -0.001 -11"><span class='ocrx_word' id='word_1_46' title='bbox 457 1145 584 1198; x_wconf 76' lang='lat'><strong>289.</strong></span> <span class='ocrx_word' id='word_1_47' title='bbox 607 1143 785 1196; x_wconf 78' lang='lat' dir='ltr'><strong>Altero</strong></span> <span class='ocrx_word' id='word_1_48' title='bbox 809 1144 964 1199; x_wconf 84' lang='lat' dir='ltr'><strong>libro.</strong></span> <span class='ocrx_word' id='word_1_49' title='bbox 998 1146 1095 1200; x_wconf 89' lang='lat' dir='ltr'><strong>Iid.</strong></span> <span class='ocrx_word' id='word_1_50' title='bbox 1125 1145 1243 1201; x_wconf 87' lang='lat' dir='ltr'><strong>alio.</strong></span> <span class='ocrx_word' id='word_1_51' title='bbox 1262 1144 1416 1209; x_wconf 84' lang='lat' dir='ltr'><strong>libro.</strong></span> 
     </span>
    </p>
   </div>
   <div class='ocr_carea' id='block_1_13' title="bbox 456 1212 1417 1282">
    <p class='ocr_par' dir='ltr' id='par_1_13' title="bbox 456 1212 1417 1282">
     <span class='ocr_line' id='line_1_13' title="bbox 456 1212 1417 1282; baseline 0.003 -15"><span class='ocrx_word' id='word_1_52' title='bbox 456 1214 582 1267; x_wconf 81' lang='lat'><strong>292.</strong></span> <span class='ocrx_word' id='word_1_53' title='bbox 618 1212 936 1282; x_wconf 73' lang='lat' dir='ltr'><strong>Magistrum</strong></span> <span class='ocrx_word' id='word_1_54' title='bbox 966 1228 1221 1269; x_wconf 88' lang='lat' dir='ltr'><strong>nostrum.</strong></span> <span class='ocrx_word' id='word_1_55' title='bbox 1260 1215 1417 1270; x_wconf 87' lang='lat' dir='ltr'><strong>Eras.</strong></span> 
     </span>
    </p>
   </div>
   <div class='ocr_carea' id='block_1_14' title="bbox 387 1282 1209 1338">
    <p class='ocr_par' dir='ltr' id='par_1_14' title="bbox 387 1282 1209 1338">
     <span class='ocr_line' id='line_1_14' title="bbox 387 1282 1209 1338; baseline -0.001 -1"><span class='ocrx_word' id='word_1_56' title='bbox 387 1292 444 1338; x_wconf 87' lang='lat' dir='ltr'><strong>et</strong></span> <span class='ocrx_word' id='word_1_57' title='bbox 473 1282 613 1337; x_wconf 80' lang='lat' dir='ltr'><strong>Gali.</strong></span> <span class='ocrx_word' id='word_1_58' title='bbox 653 1284 915 1337; x_wconf 83' lang='lat' dir='ltr'><strong>omittunt</strong></span> <span class='ocrx_word' id='word_1_59' title='bbox 945 1296 1209 1338; x_wconf 90' lang='lat' dir='ltr'><strong>nostrum.</strong></span> 
     </span>
    </p>
   </div>
   <div class='ocr_carea' id='block_1_15' title="bbox 459 1351 1416 1419">
    <p class='ocr_par' dir='ltr' id='par_1_15' title="bbox 459 1351 1416 1419">
     <span class='ocr_line' id='line_1_15' title="bbox 459 1351 1416 1419; baseline 0.002 -14"><span class='ocrx_word' id='word_1_60' title='bbox 459 1351 712 1419; x_wconf 85' lang='lat' dir='ltr'><strong>Proprias</strong></span> <span class='ocrx_word' id='word_1_61' title='bbox 741 1351 959 1418; x_wconf 89' lang='lat' dir='ltr'><strong>faciens.</strong></span> <span class='ocrx_word' id='word_1_62' title='bbox 988 1354 1153 1408; x_wconf 86' lang='lat' dir='ltr'><strong>Grab.</strong></span> <span class='ocrx_word' id='word_1_63' title='bbox 1175 1368 1259 1408; x_wconf 66' lang='lat' dir='ltr'><strong>ex</strong></span> <span class='ocrx_word' id='word_1_64' title='bbox 1295 1353 1416 1408; x_wconf 86' lang='lat' dir='ltr'><strong>cod.</strong></span> 
     </span>
    </p>
   </div>
   <div class='ocr_carea' id='block_1_16' title="bbox 386 1423 1042 1477">
    <p class='ocr_par' dir='ltr' id='par_1_16' title="bbox 386 1423 1042 1477">
     <span class='ocr_line' id='line_1_16' title="bbox 386 1423 1042 1477; baseline -0.002 0"><span class='ocrx_word' id='word_1_65' title='bbox 386 1424 595 1477; x_wconf 79' lang='lat' dir='ltr'><strong>Arund.</strong></span> <span class='ocrx_word' id='word_1_66' title='bbox 625 1423 901 1476; x_wconf 87' lang='lat' dir='ltr'><strong>interserit</strong></span> <span class='ocrx_word' id='word_1_67' title='bbox 928 1440 1042 1476; x_wconf 89' lang='lat' dir='ltr'><strong>nos.</strong></span> 
     </span>
    </p>
   </div>
   <div class='ocr_carea' id='block_1_17' title="bbox 464 1492 1420 1566">
    <p class='ocr_par' dir='ltr' id='par_1_17' title="bbox 464 1492 1420 1566">
     <span class='ocr_line' id='line_1_17' title="bbox 464 1492 1420 1566; baseline 0.001 -22"><span class='ocrx_word' id='word_1_68' title='bbox 464 1492 713 1566; x_wconf 63' lang='lat' dir='ltr'><strong>Domino.</strong></span> <span class='ocrx_word' id='word_1_69' title='bbox 768 1494 824 1545; x_wconf 85' lang='lat' dir='ltr'><strong>In</strong></span> <span class='ocrx_word' id='word_1_70' title='bbox 871 1492 1105 1555; x_wconf 84' lang='lat' dir='ltr'><strong>Feuard.</strong></span> <span class='ocrx_word' id='word_1_71' title='bbox 1153 1507 1322 1566; x_wconf 89' lang='lat' dir='ltr'><strong>marg.</strong></span> <span class='ocrx_word' id='word_1_72' title='bbox 1367 1501 1420 1546; x_wconf 91' lang='lat' dir='ltr'><strong>et</strong></span> 
     </span>
    </p>
   </div>
   <div class='ocr_carea' id='block_1_18' title="bbox 390 1560 705 1615">
    <p class='ocr_par' dir='ltr' id='par_1_18' title="bbox 390 1560 705 1615">
     <span class='ocr_line' id='line_1_18' title="bbox 390 1560 705 1615; baseline 0.003 -1"><span class='ocrx_word' id='word_1_73' title='bbox 390 1560 543 1614; x_wconf 79' lang='lat' dir='ltr'><strong>Voss.</strong></span> <span class='ocrx_word' id='word_1_74' title='bbox 579 1560 705 1615; x_wconf 80' lang='lat' dir='ltr'><strong>Deo.</strong></span> 
     </span>
    </p>
   </div>
   <div class='ocr_carea' id='block_1_19' title="bbox 460 1629 1417 1693">
    <p class='ocr_par' dir='ltr' id='par_1_19' title="bbox 460 1629 1417 1693">
     <span class='ocr_line' id='line_1_19' title="bbox 460 1629 1417 1693; baseline 0.001 -10"><span class='ocrx_word' id='word_1_75' title='bbox 460 1631 583 1686; x_wconf 62' lang='lat'><strong>295.</strong></span> <span class='ocrx_word' id='word_1_76' title='bbox 599 1629 747 1683; x_wconf 87' lang='lat' dir='ltr'><strong>Venit</strong></span> <span class='ocrx_word' id='word_1_77' title='bbox 772 1633 825 1693; x_wconf 79' lang='lat' dir='ltr'><strong>in</strong></span> <span class='ocrx_word' id='word_1_78' title='bbox 856 1632 1052 1691; x_wconf 87' lang='lat' dir='ltr'><strong>aliena.</strong></span> <span class='ocrx_word' id='word_1_79' title='bbox 1073 1632 1129 1693; x_wconf 85' lang='lat' dir='ltr'><strong>In</strong></span> <span class='ocrx_word' id='word_1_80' title='bbox 1148 1632 1298 1688; x_wconf 90' lang='lat' dir='ltr'><strong>editt.</strong></span> <span class='ocrx_word' id='word_1_81' title='bbox 1322 1632 1417 1693; x_wconf 85' lang='lat' dir='ltr'><strong>Ar.</strong></span> 
     </span>
    </p>
   </div>
   <div class='ocr_carea' id='block_1_20' title="bbox 389 1700 963 1759">
    <p class='ocr_par' dir='ltr' id='par_1_20' title="bbox 389 1700 963 1759">
     <span class='ocr_line' id='line_1_20' title="bbox 389 1700 963 1759; baseline 0.005 -7"><span class='ocrx_word' id='word_1_82' title='bbox 389 1711 443 1752; x_wconf 87' lang='lat' dir='ltr'><strong>et</strong></span> <span class='ocrx_word' id='word_1_83' title='bbox 476 1700 637 1759; x_wconf 76' lang='lat' dir='ltr'><strong>Merc.</strong></span> <span class='ocrx_word' id='word_1_84' title='bbox 669 1701 704 1753; x_wconf 91' lang='lat'><strong>2</strong></span> <span class='ocrx_word' id='word_1_85' title='bbox 738 1703 963 1756; x_wconf 79' lang='lat' dir='ltr'><strong>advenit.</strong></span> 
     </span>
    </p>
   </div>
   <div class='ocr_carea' id='block_1_21' title="bbox 462 1768 1415 1840">
    <p class='ocr_par' dir='ltr' id='par_1_21' title="bbox 462 1768 1415 1840">
     <span class='ocr_line' id='line_1_21' title="bbox 462 1768 1415 1840; baseline 0.003 -18"><span class='ocrx_word' id='word_1_86' title='bbox 462 1768 832 1840; x_wconf 62' lang='lat' dir='ltr'><strong>Remissionem</strong></span> <span class='ocrx_word' id='word_1_87' title='bbox 876 1782 1229 1840; x_wconf 77' lang='lat' dir='ltr'><strong>peccatorum.</strong></span> <span class='ocrx_word' id='word_1_88' title='bbox 1262 1771 1415 1825; x_wconf 75' lang='lat' dir='ltr'><strong>Eros.</strong></span> 
     </span>
    </p>
   </div>
   <div class='ocr_carea' id='block_1_22' title="bbox 389 1837 1413 1911">
    <p class='ocr_par' dir='ltr' id='par_1_22' title="bbox 389 1837 1413 1911">
     <span class='ocr_line' id='line_1_22' title="bbox 389 1837 1413 1911; baseline -0.001 -18"><span class='ocrx_word' id='word_1_89' title='bbox 389 1837 529 1911; x_wconf 62' lang='grc' dir='ltr'><strong>θείῃ.</strong></span> <span class='ocrx_word' id='word_1_90' title='bbox 558 1838 687 1911; x_wconf 72' lang='lat' dir='ltr'><strong>Feu.</strong></span> <span class='ocrx_word' id='word_1_91' title='bbox 708 1837 1012 1911; x_wconf 81' lang='lat' dir='ltr'><strong>etMerc.2.</strong></span> <span class='ocrx_word' id='word_1_92' title='bbox 1039 1841 1325 1911; x_wconf 68' lang='lat' dir='ltr'><strong>praeﬁgunt</strong></span> <span class='ocrx_word' id='word_1_93' title='bbox 1344 1852 1413 1894; x_wconf 89' lang='lat' dir='ltr'><strong>et.</strong></span> 
     </span>
    </p>
   </div>
   <div class='ocr_carea' id='block_1_23' title="bbox 459 1906 1412 1976">
    <p class='ocr_par' dir='ltr' id='par_1_23' title="bbox 459 1906 1412 1976">
     <span class='ocr_line' id='line_1_23' title="bbox 459 1906 1412 1976; baseline 0.007 -16"><span class='ocrx_word' id='word_1_94' title='bbox 459 1906 528 1960; x_wconf 86' lang='lat' dir='ltr'><strong>Et</strong></span> <span class='ocrx_word' id='word_1_95' title='bbox 561 1910 643 1976; x_wconf 79' lang='lat' dir='ltr'><strong>ﬁt.</strong></span> <span class='ocrx_word' id='word_1_96' title='bbox 695 1910 848 1965; x_wconf 76' lang='lat' dir='ltr'><strong>Er‘as.</strong></span> <span class='ocrx_word' id='word_1_97' title='bbox 884 1906 1287 1965; x_wconf 50' lang='lat' dir='ltr'><strong>GaIICFeufet</strong></span> <span class='ocrx_word' id='word_1_98' title='bbox 1318 1916 1412 1967; x_wconf 82' lang='lat' dir='ltr'><strong>Ar.</strong></span> 
     </span>
    </p>
   </div>
   <div class='ocr_carea' id='block_1_24' title="bbox 390 1979 1103 2034">
    <p class='ocr_par' dir='ltr' id='par_1_24' title="bbox 390 1979 1103 2034">
     <span class='ocr_line' id='line_1_24' title="bbox 390 1979 1103 2034; baseline 0.001 -3"><span class='ocrx_word' id='word_1_99' title='bbox 390 1987 442 2031; x_wconf 86' lang='lat' dir='ltr'><strong>et</strong></span> <span class='ocrx_word' id='word_1_100' title='bbox 471 1979 633 2033; x_wconf 88' lang='lat' dir='ltr'><strong>Merc.</strong></span> <span class='ocrx_word' id='word_1_101' title='bbox 663 1980 719 2034; x_wconf 87' lang='lat'><strong>2.</strong></span> <span class='ocrx_word' id='word_1_102' title='bbox 745 1981 1002 2033; x_wconf 84' lang='lat' dir='ltr'><strong>omittunt</strong></span> <span class='ocrx_word' id='word_1_103' title='bbox 1033 1991 1103 2034; x_wconf 89' lang='lat' dir='ltr'><strong>et.</strong></span> 
     </span>
    </p>
   </div>
   <div class='ocr_carea' id='block_1_25' title="bbox 460 2047 1416 2106">
    <p class='ocr_par' dir='ltr' id='par_1_25' title="bbox 460 2047 1416 2106">
     <span class='ocr_line' id='line_1_25' title="bbox 460 2047 1416 2106; baseline 0.003 -5"><span class='ocrx_word' id='word_1_104' title='bbox 460 2049 587 2103; x_wconf 83' lang='lat'><strong>295.</strong></span> <span class='ocrx_word' id='word_1_105' title='bbox 631 2050 909 2104; x_wconf 82' lang='lat' dir='ltr'><strong>Aberrare.</strong></span> <span class='ocrx_word' id='word_1_106' title='bbox 939 2050 1094 2106; x_wconf 82' lang='lat' dir='ltr'><strong>Eras.</strong></span> <span class='ocrx_word' id='word_1_107' title='bbox 1120 2047 1259 2104; x_wconf 82' lang='lat' dir='ltr'><strong>Gail.</strong></span> <span class='ocrx_word' id='word_1_108' title='bbox 1286 2049 1416 2105; x_wconf 87' lang='lat' dir='ltr'><strong>Feu.</strong></span> 
     </span>
    </p>
   </div>
   <div class='ocr_carea' id='block_1_26' title="bbox 390 2120 870 2179">
    <p class='ocr_par' dir='ltr' id='par_1_26' title="bbox 390 2120 870 2179">
     <span class='ocr_line' id='line_1_26' title="bbox 390 2120 870 2179; baseline 0.006 -10"><span class='ocrx_word' id='word_1_109' title='bbox 390 2127 442 2179; x_wconf 73' lang='lat' dir='ltr'><strong>et</strong></span> <span class='ocrx_word' id='word_1_110' title='bbox 474 2120 568 2172; x_wconf 84' lang='lat' dir='ltr'><strong>Ar.</strong></span> <span class='ocrx_word' id='word_1_111' title='bbox 604 2120 870 2172; x_wconf 85' lang='lat' dir='ltr'><strong>aberrare.</strong></span> 
     </span>
    </p>
   </div>
   <div class='ocr_carea' id='block_1_27' title="bbox 462 2179 1421 2245">
    <p class='ocr_par' dir='ltr' id='par_1_27' title="bbox 462 2179 1421 2245">
     <span class='ocr_line' id='line_1_27' title="bbox 462 2179 1421 2245; baseline 0.001 -5"><span class='ocrx_word' id='word_1_112' title='bbox 462 2179 586 2242; x_wconf 84' lang='lat'><strong>297.</strong></span> <span class='ocrx_word' id='word_1_113' title='bbox 618 2188 887 2242; x_wconf 80' lang='lat' dir='ltr'><strong>Attributa</strong></span> <span class='ocrx_word' id='word_1_114' title='bbox 911 2189 1034 2243; x_wconf 78' lang='lat' dir='ltr'><strong>vita.</strong></span> <span class='ocrx_word' id='word_1_115' title='bbox 1058 2189 1115 2245; x_wconf 90' lang='lat' dir='ltr'><strong>In</strong></span> <span class='ocrx_word' id='word_1_116' title='bbox 1137 2190 1293 2244; x_wconf 87' lang='lat' dir='ltr'><strong>editt.</strong></span> <span class='ocrx_word' id='word_1_117' title='bbox 1325 2189 1421 2243; x_wconf 88' lang='lat' dir='ltr'><strong>tri-</strong></span> 
     </span>
    </p>
   </div>
   <div class='ocr_carea' id='block_1_28' title="bbox 391 2259 538 2310">
    <p class='ocr_par' dir='ltr' id='par_1_28' title="bbox 391 2259 538 2310">
     <span class='ocr_line' id='line_1_28' title="bbox 391 2259 538 2310; baseline 0.007 -1"><span class='ocrx_word' id='word_1_118' title='bbox 391 2259 538 2310; x_wconf 81' lang='lat' dir='ltr'><strong>bttltt.</strong></span> 
     </span>
    </p>
   </div>
   <div class='ocr_carea' id='block_1_29' title="bbox 462 2328 1416 2395">
    <p class='ocr_par' dir='ltr' id='par_1_29' title="bbox 462 2328 1416 2395">
     <span class='ocr_line' id='line_1_29' title="bbox 462 2328 1416 2395; baseline 0.005 -19"><span class='ocrx_word' id='word_1_119' title='bbox 462 2328 800 2395; x_wconf 71' lang='lat' dir='ltr'><strong>Atljtttorittm</strong></span> <span class='ocrx_word' id='word_1_120' title='bbox 831 2338 886 2383; x_wconf 91' lang='lat' dir='ltr'><strong>ut</strong></span> <span class='ocrx_word' id='word_1_121' title='bbox 926 2330 1125 2384; x_wconf 75' lang='lat' dir='ltr'><strong>vivant.</strong></span> <span class='ocrx_word' id='word_1_122' title='bbox 1172 2329 1227 2383; x_wconf 86' lang='lat' dir='ltr'><strong>in</strong></span> <span class='ocrx_word' id='word_1_123' title='bbox 1263 2328 1416 2384; x_wconf 74' lang='lat' dir='ltr'><strong>editi.</strong></span> 
     </span>
    </p>
   </div>
   <div class='ocr_carea' id='block_1_30' title="bbox 394 2398 1171 2468">
    <p class='ocr_par' dir='ltr' id='par_1_30' title="bbox 394 2398 1171 2468">
     <span class='ocr_line' id='line_1_30' title="bbox 394 2398 1171 2468; baseline 0.008 -20"><span class='ocrx_word' id='word_1_124' title='bbox 394 2398 488 2468; x_wconf 70' lang='lat' dir='ltr'><strong>Ar.</strong></span> <span class='ocrx_word' id='word_1_125' title='bbox 507 2400 579 2468; x_wconf 63' lang='grc' dir='ltr'><strong>⁸(ξι</strong></span> <span class='ocrx_word' id='word_1_126' title='bbox 608 2398 772 2451; x_wconf 78' lang='lat' dir='ltr'><strong>Merc.</strong></span> <span class='ocrx_word' id='word_1_127' title='bbox 805 2399 860 2451; x_wconf 94' lang='lat'><strong>2.</strong></span> <span class='ocrx_word' id='word_1_128' title='bbox 881 2398 1171 2468; x_wconf 84' lang='lat' dir='ltr'><strong>adjutorio.</strong></span> 
     </span>
    </p>
   </div>
   <div class='ocr_carea' id='block_1_31' title="bbox 460 2466 1417 2537">
    <p class='ocr_par' dir='ltr' id='par_1_31' title="bbox 460 2466 1417 2537">
     <span class='ocr_line' id='line_1_31' title="bbox 460 2466 1417 2537; baseline 0.002 -18"><span class='ocrx_word' id='word_1_129' title='bbox 460 2466 588 2521; x_wconf 85' lang='lat'><strong>298.</strong></span> <span class='ocrx_word' id='word_1_130' title='bbox 644 2466 1089 2537; x_wconf 78' lang='lat' dir='ltr'><strong>Assumptionem.</strong></span> <span class='ocrx_word' id='word_1_131' title='bbox 1138 2470 1229 2523; x_wconf 83' lang='lat' dir='ltr'><strong>Er.</strong></span> <span class='ocrx_word' id='word_1_132' title='bbox 1276 2466 1417 2522; x_wconf 78' lang='lat' dir='ltr'><strong>Call.</strong></span> 
     </span>
    </p>
   </div>
   <div class='ocr_carea' id='block_1_32' title="bbox 392 2534 1417 2606">
    <p class='ocr_par' dir='ltr' id='par_1_32' title="bbox 392 2534 1417 2606">
     <span class='ocr_line' id='line_1_32' title="bbox 392 2534 1417 2606; baseline 0.001 -18"><span class='ocrx_word' id='word_1_133' title='bbox 392 2534 523 2606; x_wconf 81' lang='lat' dir='ltr'><strong>Feu.</strong></span> <span class='ocrx_word' id='word_1_134' title='bbox 540 2538 635 2590; x_wconf 86' lang='lat' dir='ltr'><strong>Ar.</strong></span> <span class='ocrx_word' id='word_1_135' title='bbox 665 2547 714 2588; x_wconf 87' lang='lat' dir='ltr'><strong>ct</strong></span> <span class='ocrx_word' id='word_1_136' title='bbox 736 2534 902 2591; x_wconf 79' lang='lat' dir='ltr'><strong>Merc.</strong></span> <span class='ocrx_word' id='word_1_137' title='bbox 920 2538 976 2592; x_wconf 88' lang='lat'><strong>2.</strong></span> <span class='ocrx_word' id='word_1_138' title='bbox 999 2542 1417 2606; x_wconf 66' lang='lat' dir='ltr'><strong>prmmitumtet.</strong></span> 
     </span>
    </p>
   </div>
   <div class='ocr_carea' id='block_1_33' title="bbox 468 2604 1420 2686">
    <p class='ocr_par' dir='ltr' id='par_1_33' title="bbox 468 2604 1420 2686">
     <span class='ocr_line' id='line_1_33' title="bbox 468 2604 1420 2686; baseline 0.004 -29"><span class='ocrx_word' id='word_1_139' title='bbox 468 2604 738 2686; x_wconf 73' lang='lat' dir='ltr'><strong>l’rojectus</strong></span> <span class='ocrx_word' id='word_1_140' title='bbox 767 2618 864 2663; x_wconf 87' lang='lat' dir='ltr'><strong>est.</strong></span> <span class='ocrx_word' id='word_1_141' title='bbox 898 2604 1274 2678; x_wconf 39' lang='lat' dir='ltr'><strong>lid.&#39;(excepto</strong></span> <span class='ocrx_word' id='word_1_142' title='bbox 1303 2607 1420 2677; x_wconf 69' lang='lat' dir='ltr'><strong>At.)</strong></span> 
     </span>
    </p>
   </div>
   <div class='ocr_carea' id='block_1_34' title="bbox 388 2686 771 2730">
    <p class='ocr_par' dir='ltr' id='par_1_34' title="bbox 388 2686 771 2730">
     <span class='ocr_line' id='line_1_34' title="bbox 388 2686 771 2730; baseline 0.003 -1"><span class='ocrx_word' id='word_1_143' title='bbox 388 2686 646 2730; x_wconf 85' lang='lat' dir='ltr'><strong>omlltunt</strong></span> <span class='ocrx_word' id='word_1_144' title='bbox 675 2688 771 2730; x_wconf 84' lang='lat' dir='ltr'><strong>est.</strong></span> 
     </span>
    </p>
   </div>
   <div class='ocr_carea' id='block_1_35' title="bbox 460 2744 1424 2803">
    <p class='ocr_par' dir='ltr' id='par_1_35' title="bbox 460 2744 1424 2803">
     <span class='ocr_line' id='line_1_35' title="bbox 460 2744 1424 2803; baseline 0.003 -4"><span class='ocrx_word' id='word_1_145' title='bbox 460 2744 732 2799; x_wconf 67' lang='grc' dir='ltr'><strong>Αῑειξηιεε.</strong></span> <span class='ocrx_word' id='word_1_146' title='bbox 806 2747 973 2803; x_wconf 86' lang='lat' dir='ltr'><strong>Editt.</strong></span> <span class='ocrx_word' id='word_1_147' title='bbox 1035 2764 1156 2801; x_wconf 86' lang='lat' dir='ltr'><strong>cum</strong></span> <span class='ocrx_word' id='word_1_148' title='bbox 1219 2749 1314 2802; x_wconf 84' lang='lat' dir='ltr'><strong>Ar.</strong></span> <span class='ocrx_word' id='word_1_149' title='bbox 1368 2756 1424 2802; x_wconf 88' lang='lat' dir='ltr'><strong>et</strong></span> 
     </span>
    </p>
   </div>
   <div class='ocr_carea' id='block_1_36' title="bbox 391 2814 949 2883">
    <p class='ocr_par' dir='ltr' id='par_1_36' title="bbox 391 2814 949 2883">
     <span class='ocr_line' id='line_1_36' title="bbox 391 2814 949 2883; baseline 0.013 -19"><span class='ocrx_word' id='word_1_150' title='bbox 391 2814 565 2883; x_wconf 66' lang='lat' dir='ltr'><strong>Merc.</strong></span> <span class='ocrx_word' id='word_1_151' title='bbox 583 2817 637 2874; x_wconf 90' lang='lat'><strong>2.</strong></span> <span class='ocrx_word' id='word_1_152' title='bbox 671 2819 949 2875; x_wconf 75' lang='lat' dir='ltr'><strong>existimet.</strong></span> 
     </span>
    </p>
   </div>
   <div class='ocr_carea' id='block_1_37' title="bbox 475 2883 1330 2949">
    <p class='ocr_par' dir='ltr' id='par_1_37' title="bbox 475 2883 1330 2949">
     <span class='ocr_line' id='line_1_37' title="bbox 475 2883 1330 2949; baseline 0.008 -13"><span class='ocrx_word' id='word_1_153' title='bbox 475 2883 733 2944; x_wconf 77' lang='lat' dir='ltr'><strong>Ventrem.</strong></span> <span class='ocrx_word' id='word_1_154' title='bbox 768 2887 935 2943; x_wconf 83' lang='lat' dir='ltr'><strong>Merc.</strong></span> <span class='ocrx_word' id='word_1_155' title='bbox 967 2886 1022 2944; x_wconf 90' lang='lat'><strong>2.</strong></span> <span class='ocrx_word' id='word_1_156' title='bbox 1048 2899 1244 2943; x_wconf 82' lang='lat' dir='ltr'><strong>ventre.</strong></span> <span class='ocrx_word' id='word_1_157' title='bbox 1311 2933 1330 2949; x_wconf 91' lang='lat'><strong>.</strong></span> 
     </span>
    </p>
   </div>
   <div class='ocr_carea' id='block_1_38' title="bbox 462 2955 1421 3012">
    <p class='ocr_par' dir='ltr' id='par_1_38' title="bbox 462 2955 1421 3012">
     <span class='ocr_line' id='line_1_38' title="bbox 462 2955 1421 3012; baseline 0.005 -5"><span class='ocrx_word' id='word_1_158' title='bbox 462 2955 588 3009; x_wconf 88' lang='lat'><strong>299.</strong></span> <span class='ocrx_word' id='word_1_159' title='bbox 604 2956 915 3011; x_wconf 84' lang='lat' dir='ltr'><strong>Derelictus.</strong></span> <span class='ocrx_word' id='word_1_160' title='bbox 933 2957 1098 3011; x_wconf 82' lang='lat' dir='ltr'><strong>Merc.</strong></span> <span class='ocrx_word' id='word_1_161' title='bbox 1117 2958 1172 3012; x_wconf 92' lang='lat'><strong>2.</strong></span> <span class='ocrx_word' id='word_1_162' title='bbox 1190 2959 1421 3012; x_wconf 84' lang='lat' dir='ltr'><strong>relictus.</strong></span> 
     </span>
    </p>
   </div>
   <div class='ocr_carea' id='block_1_39' title="bbox 463 3024 1422 3094">
    <p class='ocr_par' dir='ltr' id='par_1_39' title="bbox 463 3024 1422 3094">
     <span class='ocr_line' id='line_1_39' title="bbox 463 3024 1422 3094; baseline 0.005 -16"><span class='ocrx_word' id='word_1_163' title='bbox 463 3024 590 3081; x_wconf 80' lang='grc'><strong>500.</strong></span> <span class='ocrx_word' id='word_1_164' title='bbox 650 3025 1183 3094; x_wconf 83' lang='lat' dir='ltr'><strong>Redintegrationem.</strong></span> <span class='ocrx_word' id='word_1_165' title='bbox 1257 3030 1422 3083; x_wconf 77' lang='lat' dir='ltr'><strong>Editt.</strong></span> 
     </span>
    </p>
   </div>
   <div class='ocr_carea' id='block_1_40' title="bbox 391 3094 1425 3154">
    <p class='ocr_par' dir='ltr' id='par_1_40' title="bbox 391 3094 1425 3154">
     <span class='ocr_line' id='line_1_40' title="bbox 391 3094 1425 3154; baseline 0.001 -4"><span class='ocrx_word' id='word_1_166' title='bbox 391 3111 512 3150; x_wconf 86' lang='lat' dir='ltr'><strong>cum</strong></span> <span class='ocrx_word' id='word_1_167' title='bbox 547 3094 709 3150; x_wconf 83' lang='lat' dir='ltr'><strong>Voss.</strong></span> <span class='ocrx_word' id='word_1_168' title='bbox 729 3100 822 3151; x_wconf 86' lang='lat' dir='ltr'><strong>Ar.</strong></span> <span class='ocrx_word' id='word_1_169' title='bbox 841 3098 1067 3154; x_wconf 90' lang='lat' dir='ltr'><strong>Otthob.</strong></span> <span class='ocrx_word' id='word_1_170' title='bbox 1087 3108 1139 3152; x_wconf 87' lang='lat' dir='ltr'><strong>et</strong></span> <span class='ocrx_word' id='word_1_171' title='bbox 1173 3096 1336 3153; x_wconf 84' lang='lat' dir='ltr'><strong>Merc.</strong></span> <span class='ocrx_word' id='word_1_172' title='bbox 1368 3099 1425 3151; x_wconf 89' lang='lat'><strong>2.</strong></span> 
     </span>
    </p>
   </div>
   <div class='ocr_carea' id='block_1_41' title="bbox 393 3167 875 3234">
    <p class='ocr_par' dir='ltr' id='par_1_41' title="bbox 393 3167 875 3234">
     <span class='ocr_line' id='line_1_41' title="bbox 393 3167 875 3234; baseline 0.006 -17"><span class='ocrx_word' id='word_1_173' title='bbox 393 3167 875 3234; x_wconf 86' lang='lat' dir='ltr'><strong>reintegrationem.</strong></span> 
     </span>
    </p>
   </div>
   <div class='ocr_carea' id='block_1_42' title="bbox 460 3235 1422 3293">
    <p class='ocr_par' dir='ltr' id='par_1_42' title="bbox 460 3235 1422 3293">
     <span class='ocr_line' id='line_1_42' title="bbox 460 3235 1422 3293; baseline 0.004 -5"><span class='ocrx_word' id='word_1_174' title='bbox 460 3237 855 3291; x_wconf 78' lang='lat' dir='ltr'><strong>Adunitionem.</strong></span> <span class='ocrx_word' id='word_1_175' title='bbox 888 3236 1052 3291; x_wconf 76' lang='lat' dir='ltr'><strong>Merc.</strong></span> <span class='ocrx_word' id='word_1_176' title='bbox 1076 3235 1128 3289; x_wconf 91' lang='lat'><strong>2.</strong></span> <span class='ocrx_word' id='word_1_177' title='bbox 1156 3238 1422 3293; x_wconf 87' lang='lat' dir='ltr'><strong>unionem.</strong></span> 
     </span>
    </p>
   </div>
   <div class='ocr_carea' id='block_1_43' title="bbox 463 3304 1423 3369">
    <p class='ocr_par' dir='ltr' id='par_1_43' title="bbox 463 3304 1423 3369">
     <span class='ocr_line' id='line_1_43' title="bbox 463 3304 1423 3369; baseline 0.003 -10"><span class='ocrx_word' id='word_1_178' title='bbox 463 3307 751 3368; x_wconf 78' lang='lat' dir='ltr'><strong>Corinthiis</strong></span> <span class='ocrx_word' id='word_1_179' title='bbox 779 3310 955 3361; x_wconf 89' lang='lat' dir='ltr'><strong>dicens</strong></span> <span class='ocrx_word' id='word_1_180' title='bbox 983 3307 1078 3369; x_wconf 84' lang='lat' dir='ltr'><strong>sic.</strong></span> <span class='ocrx_word' id='word_1_181' title='bbox 1104 3304 1255 3359; x_wconf 77' lang='lat' dir='ltr'><strong>Erus.</strong></span> <span class='ocrx_word' id='word_1_182' title='bbox 1283 3307 1423 3362; x_wconf 78' lang='lat' dir='ltr'><strong>Gall.</strong></span> 
     </span>
    </p>
   </div>
   <div class='ocr_carea' id='block_1_44' title="bbox 392 3374 1427 3443">
    <p class='ocr_par' dir='ltr' id='par_1_44' title="bbox 392 3374 1427 3443">
     <span class='ocr_line' id='line_1_44' title="bbox 392 3374 1427 3443; baseline 0.005 -18"><span class='ocrx_word' id='word_1_183' title='bbox 392 3375 526 3443; x_wconf 81' lang='lat' dir='ltr'><strong>Feu.</strong></span> <span class='ocrx_word' id='word_1_184' title='bbox 551 3385 604 3429; x_wconf 91' lang='lat' dir='ltr'><strong>et</strong></span> <span class='ocrx_word' id='word_1_185' title='bbox 638 3374 803 3428; x_wconf 75' lang='lat' dir='ltr'><strong>Merc.</strong></span> <span class='ocrx_word' id='word_1_186' title='bbox 836 3381 892 3429; x_wconf 78' lang='lat'><strong>2.</strong></span> <span class='ocrx_word' id='word_1_187' title='bbox 921 3377 990 3431; x_wconf 88' lang='lat' dir='ltr'><strong>ad</strong></span> <span class='ocrx_word' id='word_1_188' title='bbox 1015 3376 1313 3441; x_wconf 77' lang='lat' dir='ltr'><strong>Corinthios</strong></span> <span class='ocrx_word' id='word_1_189' title='bbox 1341 3379 1427 3430; x_wconf 85' lang='lat' dir='ltr'><strong>di-</strong></span> 
     </span>
    </p>
   </div>
   <div class='ocr_carea' id='block_1_45' title="bbox 390 3446 1185 3509">
    <p class='ocr_par' dir='ltr' id='par_1_45' title="bbox 390 3446 1185 3509">
     <span class='ocr_line' id='line_1_45' title="bbox 390 3446 1185 3509; baseline -0.001 -10"><span class='ocrx_word' id='word_1_190' title='bbox 390 3462 532 3509; x_wconf 84' lang='lat' dir='ltr'><strong>cens,</strong></span> <span class='ocrx_word' id='word_1_191' title='bbox 565 3446 768 3499; x_wconf 86' lang='lat' dir='ltr'><strong>omisso</strong></span> <span class='ocrx_word' id='word_1_192' title='bbox 801 3447 897 3498; x_wconf 86' lang='lat' dir='ltr'><strong>sic.</strong></span> <span class='ocrx_word' id='word_1_193' title='bbox 1172 3480 1185 3489; x_wconf 66' lang='lat'>~</span> 
     </span>
    </p>
   </div>
   <div class='ocr_carea' id='block_1_46' title="bbox 462 3513 1420 3579">
    <p class='ocr_par' dir='ltr' id='par_1_46' title="bbox 462 3513 1420 3579">
     <span class='ocr_line' id='line_1_46' title="bbox 462 3513 1420 3579; baseline 0.002 -12"><span class='ocrx_word' id='word_1_194' title='bbox 462 3514 754 3567; x_wconf 77' lang='lat' dir='ltr'><strong>Corinthiis</strong></span> <span class='ocrx_word' id='word_1_195' title='bbox 794 3517 941 3570; x_wconf 90' lang='lat' dir='ltr'><strong>dicit.</strong></span> <span class='ocrx_word' id='word_1_196' title='bbox 990 3513 1046 3567; x_wconf 85' lang='lat' dir='ltr'><strong>in</strong></span> <span class='ocrx_word' id='word_1_197' title='bbox 1078 3515 1236 3570; x_wconf 87' lang='lat' dir='ltr'><strong>Voss.</strong></span> <span class='ocrx_word' id='word_1_198' title='bbox 1269 3517 1420 3579; x_wconf 54' lang='lat' dir='ltr'><strong>dixit.</strong></span> 
     </span>
    </p>
   </div>
   <div class='ocr_carea' id='block_1_47' title="bbox 464 3584 1428 3647">
    <p class='ocr_par' dir='ltr' id='par_1_47' title="bbox 464 3584 1428 3647">
     <span class='ocr_line' id='line_1_47' title="bbox 464 3584 1428 3647; baseline 0.005 -12"><span class='ocrx_word' id='word_1_199' title='bbox 464 3586 595 3647; x_wconf 75' lang='lat' dir='ltr'><strong>Qua:</strong></span> <span class='ocrx_word' id='word_1_200' title='bbox 629 3588 935 3639; x_wconf 63' lang='lat' dir='ltr'><strong>resurrexit.</strong></span> <span class='ocrx_word' id='word_1_201' title='bbox 973 3584 1030 3639; x_wconf 87' lang='lat' dir='ltr'><strong>lu</strong></span> <span class='ocrx_word' id='word_1_202' title='bbox 1060 3585 1153 3640; x_wconf 87' lang='lat' dir='ltr'><strong>Er.</strong></span> <span class='ocrx_word' id='word_1_203' title='bbox 1185 3586 1325 3640; x_wconf 75' lang='lat' dir='ltr'><strong>Gali.</strong></span> <span class='ocrx_word' id='word_1_204' title='bbox 1371 3595 1428 3640; x_wconf 83' lang='lat' dir='ltr'><strong>et.</strong></span> 
     </span>
    </p>
   </div>
   <div class='ocr_carea' id='block_1_48' title="bbox 393 3653 907 3721">
    <p class='ocr_par' dir='ltr' id='par_1_48' title="bbox 393 3653 907 3721">
     <span class='ocr_line' id='line_1_48' title="bbox 393 3653 907 3721; baseline 0 -14"><span class='ocrx_word' id='word_1_205' title='bbox 393 3653 532 3721; x_wconf 71' lang='lat' dir='ltr'><strong>Feua</strong></span> <span class='ocrx_word' id='word_1_206' title='bbox 544 3654 622 3705; x_wconf 92' lang='lat' dir='ltr'><strong>rd.</strong></span> <span class='ocrx_word' id='word_1_207' title='bbox 655 3656 907 3707; x_wconf 73' lang='lat' dir='ltr'><strong>surrexit.</strong></span> 
     </span>
    </p>
   </div>
   <div class='ocr_carea' id='block_1_49' title="bbox 460 3721 1360 3792">
    <p class='ocr_par' dir='ltr' id='par_1_49' title="bbox 460 3721 1360 3792">
     <span class='ocr_line' id='line_1_49' title="bbox 460 3721 1360 3792; baseline 0.006 -19"><span class='ocrx_word' id='word_1_208' title='bbox 460 3721 541 3792; x_wconf 61' lang='lat' dir='ltr'><strong>Ad</strong></span> <span class='ocrx_word' id='word_1_209' title='bbox 575 3721 865 3779; x_wconf 86' lang='lat' dir='ltr'><strong>Romanos.</strong></span> <span class='ocrx_word' id='word_1_210' title='bbox 897 3724 1054 3780; x_wconf 91' lang='lat' dir='ltr'><strong>Voss.</strong></span> <span class='ocrx_word' id='word_1_211' title='bbox 1084 3723 1360 3778; x_wconf 77' lang='lat' dir='ltr'><strong>Romanis.</strong></span> 
     </span>
    </p>
   </div>
   <div class='ocr_carea' id='block_1_50' title="bbox 462 3793 1415 3862">
    <p class='ocr_par' dir='ltr' id='par_1_50' title="bbox 462 3793 1415 3862">
     <span class='ocr_line' id='line_1_50' title="bbox 462 3793 1415 3862; baseline 0.005 -17"><span class='ocrx_word' id='word_1_212' title='bbox 462 3793 539 3846; x_wconf 85' lang='lat' dir='ltr'><strong>De</strong></span> <span class='ocrx_word' id='word_1_213' title='bbox 562 3809 665 3862; x_wconf 84' lang='lat' dir='ltr'><strong>quo</strong></span> <span class='ocrx_word' id='word_1_214' title='bbox 695 3805 763 3847; x_wconf 90' lang='lat' dir='ltr'><strong>et.</strong></span> <span class='ocrx_word' id='word_1_215' title='bbox 791 3795 844 3847; x_wconf 86' lang='lat' dir='ltr'><strong>In</strong></span> <span class='ocrx_word' id='word_1_216' title='bbox 870 3796 1025 3849; x_wconf 86' lang='lat' dir='ltr'><strong>editt.</strong></span> <span class='ocrx_word' id='word_1_217' title='bbox 1049 3796 1145 3853; x_wconf 90' lang='lat' dir='ltr'><strong>Ar.</strong></span> <span class='ocrx_word' id='word_1_218' title='bbox 1170 3795 1415 3850; x_wconf 82' lang='lat' dir='ltr'><strong>et&#39;Mcrc.</strong></span> 
     </span>
    </p>
   </div>
   <div class='ocr_carea' id='block_1_51' title="bbox 391 3864 1417 3934">
    <p class='ocr_par' dir='ltr' id='par_1_51' title="bbox 391 3864 1417 3934">
     <span class='ocr_line' id='line_1_51' title="bbox 391 3864 1417 3934; baseline 0.005 -18"><span class='ocrx_word' id='word_1_219' title='bbox 391 3865 442 3917; x_wconf 81' lang='grc'><strong>1.</strong></span> <span class='ocrx_word' id='word_1_220' title='bbox 476 3864 631 3917; x_wconf 87' lang='lat' dir='ltr'><strong>etiam</strong></span> <span class='ocrx_word' id='word_1_221' title='bbox 668 3880 764 3934; x_wconf 89' lang='lat' dir='ltr'><strong>pro</strong></span> <span class='ocrx_word' id='word_1_222' title='bbox 789 3876 858 3919; x_wconf 92' lang='lat' dir='ltr'><strong>et.</strong></span> <span class='ocrx_word' id='word_1_223' title='bbox 894 3866 949 3919; x_wconf 83' lang='lat' dir='ltr'><strong>lu</strong></span> <span class='ocrx_word' id='word_1_224' title='bbox 988 3866 1142 3920; x_wconf 84' lang='lat' dir='ltr'><strong>Voss.</strong></span> <span class='ocrx_word' id='word_1_225' title='bbox 1172 3876 1225 3920; x_wconf 92' lang='lat' dir='ltr'><strong>et</strong></span> <span class='ocrx_word' id='word_1_226' title='bbox 1252 3866 1417 3921; x_wconf 79' lang='lat' dir='ltr'><strong>Merc.</strong></span> 
     </span>
    </p>
   </div>
   <div class='ocr_carea' id='block_1_52' title="bbox 387 3935 871 3989">
    <p class='ocr_par' dir='ltr' id='par_1_52' title="bbox 387 3935 871 3989">
     <span class='ocr_line' id='line_1_52' title="bbox 387 3935 871 3989; baseline 0.006 -3"><span class='ocrx_word' id='word_1_227' title='bbox 387 3935 562 3987; x_wconf 77' lang='lat' dir='ltr'><strong>altero</strong></span> <span class='ocrx_word' id='word_1_228' title='bbox 598 3946 871 3989; x_wconf 82' lang='lat' dir='ltr'><strong>neutrum.</strong></span> 
     </span>
    </p>
   </div>
   <div class='ocr_carea' id='block_1_53' title="bbox 460 4002 1416 4071">
    <p class='ocr_par' dir='ltr' id='par_1_53' title="bbox 460 4002 1416 4071">
     <span class='ocr_line' id='line_1_53' title="bbox 460 4002 1416 4071; baseline 0.006 -16"><span class='ocrx_word' id='word_1_229' title='bbox 460 4002 841 4071; x_wconf 86' lang='lat' dir='ltr'><strong>lncorporalis.</strong></span> <span class='ocrx_word' id='word_1_230' title='bbox 871 4004 1039 4060; x_wconf 83' lang='lat' dir='ltr'><strong>Merc.</strong></span> <span class='ocrx_word' id='word_1_231' title='bbox 1077 4005 1101 4058; x_wconf 86' lang='grc'><strong>1</strong></span> <span class='ocrx_word' id='word_1_232' title='bbox 1137 4005 1288 4059; x_wconf 86' lang='lat' dir='ltr'><strong>addit</strong></span> <span class='ocrx_word' id='word_1_233' title='bbox 1318 4016 1416 4062; x_wconf 89' lang='lat' dir='ltr'><strong>est.</strong></span> 
     </span>
    </p>
   </div>
   <div class='ocr_carea' id='block_1_54' title="bbox 459 4072 1419 4143">
    <p class='ocr_par' dir='ltr' id='par_1_54' title="bbox 459 4072 1419 4143">
     <span class='ocr_line' id='line_1_54' title="bbox 459 4072 1419 4143; baseline 0.003 -16"><span class='ocrx_word' id='word_1_234' title='bbox 459 4073 582 4127; x_wconf 79' lang='grc'><strong>501.</strong></span> <span class='ocrx_word' id='word_1_235' title='bbox 632 4072 699 4125; x_wconf 84' lang='lat' dir='ltr'><strong>Et</strong></span> <span class='ocrx_word' id='word_1_236' title='bbox 729 4085 899 4143; x_wconf 86' lang='lat' dir='ltr'><strong>putret</strong></span> <span class='ocrx_word' id='word_1_237' title='bbox 940 4079 992 4128; x_wconf 90' lang='lat' dir='ltr'><strong>in</strong></span> <span class='ocrx_word' id='word_1_238' title='bbox 1031 4086 1190 4129; x_wconf 88' lang='lat' dir='ltr'><strong>terra.</strong></span> <span class='ocrx_word' id='word_1_239' title='bbox 1237 4079 1331 4130; x_wconf 85' lang='lat' dir='ltr'><strong>Ar.</strong></span> <span class='ocrx_word' id='word_1_240' title='bbox 1366 4079 1419 4130; x_wconf 91' lang='lat' dir='ltr'><strong>iu</strong></span> 
     </span>
    </p>
   </div>
   <div class='ocr_carea' id='block_1_55' title="bbox 389 4146 1417 4215">
    <p class='ocr_par' dir='ltr' id='par_1_55' title="bbox 389 4146 1417 4215">
     <span class='ocr_line' id='line_1_55' title="bbox 389 4146 1417 4215; baseline 0.002 -19"><span class='ocrx_word' id='word_1_241' title='bbox 389 4157 552 4213; x_wconf 62' lang='lat' dir='ltr'><strong>terra,</strong></span> <span class='ocrx_word' id='word_1_242' title='bbox 576 4154 626 4197; x_wconf 92' lang='lat' dir='ltr'><strong>et</strong></span> <span class='ocrx_word' id='word_1_243' title='bbox 663 4148 824 4213; x_wconf 85' lang='lat' dir='ltr'><strong>putrit</strong></span> <span class='ocrx_word' id='word_1_244' title='bbox 860 4148 916 4199; x_wconf 88' lang='lat' dir='ltr'><strong>In</strong></span> <span class='ocrx_word' id='word_1_245' title='bbox 946 4146 1095 4200; x_wconf 79' lang='lat' dir='ltr'><strong>Clar.</strong></span> <span class='ocrx_word' id='word_1_246' title='bbox 1125 4146 1287 4200; x_wconf 83' lang='lat' dir='ltr'><strong>etiam</strong></span> <span class='ocrx_word' id='word_1_247' title='bbox 1320 4163 1417 4215; x_wconf 82' lang='lat' dir='ltr'><strong>pu-</strong></span> 
     </span>
    </p>
   </div>
   <div class='ocr_carea' id='block_1_56' title="bbox 388 4224 499 4275">
    <p class='ocr_par' dir='ltr' id='par_1_56' title="bbox 388 4224 499 4275">
     <span class='ocr_line' id='line_1_56' title="bbox 388 4224 499 4275; baseline -0.018 -8"><span class='ocrx_word' id='word_1_248' title='bbox 388 4224 499 4275; x_wconf 74' lang='lat' dir='ltr'><strong>ll&#39;ll,</strong></span> 
     </span>
    </p>
   </div>
   <div class='ocr_carea' id='block_1_57' title="bbox 459 4283 1449 4369">
    <p class='ocr_par' dir='ltr' id='par_1_57' title="bbox 459 4283 1449 4369">
     <span class='ocr_line' id='line_1_57' title="bbox 459 4283 1449 4369; baseline -0.014 -16"><span class='ocrx_word' id='word_1_249' title='bbox 459 4285 592 4369; x_wconf 43' lang='grc' dir='ltr'><strong>ζῆθιοῄ</strong></span> <span class='ocrx_word' id='word_1_250' title='bbox 613 4283 801 4369; x_wconf 77' lang='lat' dir='ltr'><strong>Carnis</strong></span> <span class='ocrx_word' id='word_1_251' title='bbox 834 4286 1085 4345; x_wconf 83' lang='lat' dir='ltr'><strong>serviunt.</strong></span> <span class='ocrx_word' id='word_1_252' title='bbox 1120 4285 1277 4351; x_wconf 86' lang='lat' dir='ltr'><strong>Voss.</strong></span> <span class='ocrx_word' id='word_1_253' title='bbox 1306 4284 1449 4351; x_wconf 80' lang='lat' dir='ltr'><strong>ser-&#39;</strong></span> 
     </span>
    </p>
   </div>
   <div class='ocr_carea' id='block_1_58' title="bbox 388 4367 618 4412">
    <p class='ocr_par' dir='ltr' id='par_1_58' title="bbox 388 4367 618 4412">
     <span class='ocr_line' id='line_1_58' title="bbox 388 4367 618 4412; baseline -0.013 -3"><span class='ocrx_word' id='word_1_254' title='bbox 388 4367 618 4412; x_wconf 80' lang='lat' dir='ltr'><strong>vteruttt.</strong></span> 
     </span>
    </p>
   </div>
   <div class='ocr_carea' id='block_1_59' title="bbox 462 4426 1413 4490">
    <p class='ocr_par' dir='ltr' id='par_1_59' title="bbox 462 4426 1413 4490">
     <span class='ocr_line' id='line_1_59' title="bbox 462 4426 1413 4490; baseline 0.005 -13"><span class='ocrx_word' id='word_1_255' title='bbox 462 4426 725 4490; x_wconf 75' lang='lat' dir='ltr'><strong>Quoniam</strong></span> <span class='ocrx_word' id='word_1_256' title='bbox 774 4429 924 4481; x_wconf 81' lang='lat' dir='ltr'><strong>nihil.</strong></span> <span class='ocrx_word' id='word_1_257' title='bbox 974 4429 1135 4484; x_wconf 88' lang='lat' dir='ltr'><strong>Edilt.</strong></span> <span class='ocrx_word' id='word_1_258' title='bbox 1168 4444 1291 4485; x_wconf 89' lang='lat' dir='ltr'><strong>cum</strong></span> <span class='ocrx_word' id='word_1_259' title='bbox 1321 4429 1413 4484; x_wconf 81' lang='lat' dir='ltr'><strong>Ar.</strong></span> 
     </span>
    </p>
   </div>
   <div class='ocr_carea' id='block_1_60' title="bbox 388 4495 976 4563">
    <p class='ocr_par' dir='ltr' id='par_1_60' title="bbox 388 4495 976 4563">
     <span class='ocr_line' id='line_1_60' title="bbox 388 4495 976 4563; baseline 0.012 -16"><span class='ocrx_word' id='word_1_260' title='bbox 388 4505 439 4557; x_wconf 81' lang='lat' dir='ltr'><strong>et</strong></span> <span class='ocrx_word' id='word_1_261' title='bbox 478 4495 642 4553; x_wconf 83' lang='lat' dir='ltr'><strong>Merc.</strong></span> <span class='ocrx_word' id='word_1_262' title='bbox 670 4499 794 4563; x_wconf 88' lang='lat' dir='ltr'><strong>quia</strong></span> <span class='ocrx_word' id='word_1_263' title='bbox 824 4500 976 4554; x_wconf 80' lang='lat' dir='ltr'><strong>nihil.</strong></span> 
     </span>
    </p>
   </div>
   <div class='ocr_carea' id='block_1_61' title="bbox 462 4565 1194 4632">
    <p class='ocr_par' dir='ltr' id='par_1_61' title="bbox 462 4565 1194 4632">
     <span class='ocr_line' id='line_1_61' title="bbox 462 4565 1194 4632; baseline 0.007 -14"><span class='ocrx_word' id='word_1_264' title='bbox 462 4565 728 4632; x_wconf 80' lang='lat' dir='ltr'><strong>Sentium.</strong></span> <span class='ocrx_word' id='word_1_265' title='bbox 759 4568 910 4625; x_wconf 83' lang='lat' dir='ltr'><strong>Voss.</strong></span> <span class='ocrx_word' id='word_1_266' title='bbox 944 4570 1194 4624; x_wconf 76' lang='lat' dir='ltr'><strong>sentiant.</strong></span> 
     </span>
    </p>
   </div>
   <div class='ocr_carea' id='block_1_62' title="bbox 460 4636 1416 4694">
    <p class='ocr_par' dir='ltr' id='par_1_62' title="bbox 460 4636 1416 4694">
     <span class='ocr_line' id='line_1_62' title="bbox 460 4636 1416 4694; baseline 0.003 -5"><span class='ocrx_word' id='word_1_267' title='bbox 460 4636 861 4694; x_wconf 87' lang='lat' dir='ltr'><strong>Irrationalem.</strong></span> <span class='ocrx_word' id='word_1_268' title='bbox 914 4640 1081 4693; x_wconf 85' lang='lat' dir='ltr'><strong>Editt.</strong></span> <span class='ocrx_word' id='word_1_269' title='bbox 1139 4654 1260 4694; x_wconf 85' lang='lat' dir='ltr'><strong>cum</strong></span> <span class='ocrx_word' id='word_1_270' title='bbox 1321 4640 1416 4693; x_wconf 84' lang='lat' dir='ltr'><strong>Ar.</strong></span> 
     </span>
    </p>
   </div>
   <div class='ocr_carea' id='block_1_63' title="bbox 387 4705 1415 4777">
    <p class='ocr_par' dir='ltr' id='par_1_63' title="bbox 387 4705 1415 4777">
     <span class='ocr_line' id='line_1_63' title="bbox 387 4705 1415 4777; baseline -0.002 -14"><span class='ocrx_word' id='word_1_271' title='bbox 387 4705 572 4777; x_wconf 78' lang='lat' dir='ltr'><strong>Ottol).</strong></span> <span class='ocrx_word' id='word_1_272' title='bbox 615 4718 670 4760; x_wconf 85' lang='lat' dir='ltr'><strong>et</strong></span> <span class='ocrx_word' id='word_1_273' title='bbox 713 4710 877 4763; x_wconf 74' lang='lat' dir='ltr'><strong>Merc.</strong></span> <span class='ocrx_word' id='word_1_274' title='bbox 905 4710 1415 4763; x_wconf 82' lang='lat' dir='ltr'><strong>2.irratiouabilem.</strong></span> 
     </span>
    </p>
   </div>
   <div class='ocr_carea' id='block_1_64' title="bbox 388 4776 1415 4903">
    <p class='ocr_par' dir='ltr' id='par_1_64' title="bbox 388 4776 1415 4903">
     <span class='ocr_line' id='line_1_64' title="bbox 388 4776 1415 4903; baseline -0.002 -71"><span class='ocrx_word' id='word_1_275' title='bbox 388 4848 429 4903; x_wconf 53' lang='grc' dir='ltr'><strong>γ</strong></span> <span class='ocrx_word' id='word_1_276' title='bbox 457 4776 583 4832; x_wconf 80' lang='lat'><strong>502.</strong></span> <span class='ocrx_word' id='word_1_277' title='bbox 613 4779 719 4835; x_wconf 84' lang='lat' dir='ltr'><strong>Aut</strong></span> <span class='ocrx_word' id='word_1_278' title='bbox 759 4790 1056 4850; x_wconf 77' lang='lat' dir='ltr'><strong>utrumque.</strong></span> <span class='ocrx_word' id='word_1_279' title='bbox 1082 4784 1183 4833; x_wconf 78' lang='lat' dir='ltr'><strong>Aut</strong></span> <span class='ocrx_word' id='word_1_280' title='bbox 1207 4780 1361 4833; x_wconf 77' lang='lat' dir='ltr'><strong>abest</strong></span> <span class='ocrx_word' id='word_1_281' title='bbox 1388 4794 1415 4830; x_wconf 85' lang='lat' dir='ltr'><strong>a</strong></span> 
     </span>
     <span class='ocr_line' id='line_1_65' title="bbox 436 4864 547 4903; baseline 0.009 -1"><span class='ocrx_word' id='word_1_282' title='bbox 436 4864 547 4903; x_wconf 84' lang='lat' dir='ltr'><strong>oss.</strong></span> 
     </span>
    </p>
   </div>
   <div class='ocr_carea' id='block_1_65' title="bbox 436 4864 547 4905">
    <p class='ocr_par' dir='ltr' id='par_1_65' title="bbox 436 4864 547 4905">
     <span class='ocr_line' id='line_1_66' title="bbox 436 4864 547 4905; baseline 0.027 -3"><span class='ocrx_word' id='word_1_283' title='bbox 436 4864 547 4905; x_wconf 72' lang='grc'><strong>058.</strong></span> 
     </span>
    </p>
   </div>
   <div class='ocr_carea' id='block_1_66' title="bbox 420 4916 1419 4993">
    <p class='ocr_par' dir='ltr' id='par_1_66' title="bbox 420 4916 1419 4993">
     <span class='ocr_line' id='line_1_67' title="bbox 420 4916 1419 4993; baseline 0.002 -22"><span class='ocrx_word' id='word_1_284' title='bbox 420 4916 421 4919; x_wconf 46' lang='grc'><em>“</em></span> <span class='ocrx_word' id='word_1_285' title='bbox 462 4916 734 4993; x_wconf 83' lang='lat' dir='ltr'><strong>Daplicem</strong></span> <span class='ocrx_word' id='word_1_286' title='bbox 758 4922 1029 4993; x_wconf 83' lang='lat' dir='ltr'><strong>ungulam.</strong></span> <span class='ocrx_word' id='word_1_287' title='bbox 1054 4921 1220 4976; x_wconf 84' lang='lat' dir='ltr'><strong>Editt.</strong></span> <span class='ocrx_word' id='word_1_288' title='bbox 1252 4918 1419 4993; x_wconf 82' lang='lat' dir='ltr'><strong>primi</strong></span> 
     </span>
    </p>
   </div>
   <div class='ocr_carea' id='block_1_67' title="bbox 387 4990 1417 5069">
    <p class='ocr_par' dir='ltr' id='par_1_67' title="bbox 387 4990 1417 5069">
     <span class='ocr_line' id='line_1_68' title="bbox 387 4990 1417 5069; baseline -0.002 -24"><span class='ocrx_word' id='word_1_289' title='bbox 387 4990 489 5045; x_wconf 81' lang='lat' dir='ltr'><strong>hoc</strong></span> <span class='ocrx_word' id='word_1_290' title='bbox 510 4991 627 5043; x_wconf 88' lang='lat' dir='ltr'><strong>loco</strong></span> <span class='ocrx_word' id='word_1_291' title='bbox 650 4990 982 5069; x_wconf 78' lang='lat' dir='ltr'><strong>interseruut</strong></span> <span class='ocrx_word' id='word_1_292' title='bbox 1001 4995 1232 5069; x_wconf 81' lang='lat' dir='ltr'><strong>quidem,</strong></span> <span class='ocrx_word' id='word_1_293' title='bbox 1256 4990 1417 5045; x_wconf 76' lang='lat' dir='ltr'><strong>Omit-</strong></span> 
     </span>
    </p>
   </div>
   <div class='ocr_carea' id='block_1_68' title="bbox 388 5065 1022 5133">
    <p class='ocr_par' dir='ltr' id='par_1_68' title="bbox 388 5065 1022 5133">
     <span class='ocr_line' id='line_1_69' title="bbox 388 5065 1022 5133; baseline 0.006 -19"><span class='ocrx_word' id='word_1_294' title='bbox 388 5072 509 5133; x_wconf 55' lang='lat' dir='ltr'><strong>tua}</strong></span> <span class='ocrx_word' id='word_1_295' title='bbox 542 5076 668 5116; x_wconf 87' lang='lat' dir='ltr'><strong>vero</strong></span> <span class='ocrx_word' id='word_1_296' title='bbox 697 5065 856 5132; x_wconf 83' lang='lat' dir='ltr'><strong>paulo</strong></span> <span class='ocrx_word' id='word_1_297' title='bbox 885 5065 1022 5133; x_wconf 78' lang='lat' dir='ltr'><strong>post.</strong></span> 
     </span>
    </p>
   </div>
   <div class='ocr_carea' id='block_1_69' title="bbox 458 5128 1436 5203">
    <p class='ocr_par' dir='ltr' id='par_1_69' title="bbox 458 5128 1436 5203">
     <span class='ocr_line' id='line_1_70' title="bbox 458 5128 1436 5203; baseline 0.005 -19"><span class='ocrx_word' id='word_1_298' title='bbox 458 5128 547 5184; x_wconf 86' lang='lat' dir='ltr'><strong>Sic</strong></span> <span class='ocrx_word' id='word_1_299' title='bbox 585 5128 824 5201; x_wconf 67' lang='lat' dir='ltr'><strong>spiritus.</strong></span> <span class='ocrx_word' id='word_1_300' title='bbox 873 5128 1038 5203; x_wconf 76' lang='lat' dir='ltr'><strong>Edilt.</strong></span> <span class='ocrx_word' id='word_1_301' title='bbox 1089 5147 1153 5187; x_wconf 84' lang='lat' dir='ltr'><strong>ac</strong></span> <span class='ocrx_word' id='word_1_302' title='bbox 1182 5131 1350 5188; x_wconf 84' lang='lat' dir='ltr'><strong>Merc.</strong></span> <span class='ocrx_word' id='word_1_303' title='bbox 1380 5132 1436 5189; x_wconf 94' lang='lat'><strong>2.</strong></span> 
     </span>
    </p>
   </div>
   <div class='ocr_carea' id='block_1_70' title="bbox 388 5201 814 5267">
    <p class='ocr_par' dir='ltr' id='par_1_70' title="bbox 388 5201 814 5267">
     <span class='ocr_line' id='line_1_71' title="bbox 388 5201 814 5267; baseline 0.012 -14"><span class='ocrx_word' id='word_1_304' title='bbox 388 5201 716 5267; x_wconf 79' lang='lat' dir='ltr'><strong>ittterseruut</strong></span> <span class='ocrx_word' id='word_1_305' title='bbox 745 5217 814 5267; x_wconf 90' lang='lat' dir='ltr'><strong>et.</strong></span> 
     </span>
    </p>
   </div>
   <div class='ocr_carea' id='block_1_71' title="bbox 457 5262 1415 5343">
    <p class='ocr_par' dir='ltr' id='par_1_71' title="bbox 457 5262 1415 5343">
     <span class='ocr_line' id='line_1_72' title="bbox 457 5262 1415 5343; baseline 0 -18"><span class='ocrx_word' id='word_1_306' title='bbox 457 5262 582 5325; x_wconf 62' lang='grc'><strong>504.</strong></span> <span class='ocrx_word' id='word_1_307' title='bbox 651 5266 889 5343; x_wconf 79' lang='lat' dir='ltr'><strong>Regnum</strong></span> <span class='ocrx_word' id='word_1_308' title='bbox 946 5275 1059 5331; x_wconf 90' lang='lat' dir='ltr'><strong>Dei.</strong></span> <span class='ocrx_word' id='word_1_309' title='bbox 1115 5274 1169 5331; x_wconf 90' lang='lat' dir='ltr'><strong>In</strong></span> <span class='ocrx_word' id='word_1_310' title='bbox 1216 5272 1315 5327; x_wconf 82' lang='grc' dir='ltr'><strong>ΔΓ.</strong></span> <span class='ocrx_word' id='word_1_311' title='bbox 1361 5282 1415 5327; x_wconf 86' lang='lat' dir='ltr'><strong>et</strong></span> 
     </span>
    </p>
   </div>
   <div class='ocr_carea' id='block_1_72' title="bbox 386 5340 1145 5417">
    <p class='ocr_par' dir='ltr' id='par_1_72' title="bbox 386 5340 1145 5417">
     <span class='ocr_line' id='line_1_73' title="bbox 386 5340 1145 5417; baseline 0.005 -21"><span class='ocrx_word' id='word_1_312' title='bbox 386 5340 629 5417; x_wconf 77' lang='lat' dir='ltr'><strong>Merc._2.</strong></span> <span class='ocrx_word' id='word_1_313' title='bbox 664 5340 755 5409; x_wconf 67' lang='lat' dir='ltr'><strong>Dei</strong></span> <span class='ocrx_word' id='word_1_314' title='bbox 790 5364 895 5401; x_wconf 86' lang='lat' dir='ltr'><strong>non</strong></span> <span class='ocrx_word' id='word_1_315' title='bbox 927 5348 1145 5417; x_wconf 69' lang='lat' dir='ltr'><strong>legitur.</strong></span> 
     </span>
    </p>
   </div>
   <div class='ocr_carea' id='block_1_73' title="bbox 458 5413 1418 5479">
    <p class='ocr_par' dir='ltr' id='par_1_73' title="bbox 458 5413 1418 5479">
     <span class='ocr_line' id='line_1_74' title="bbox 458 5413 1418 5479; baseline 0.007 -13"><span class='ocrx_word' id='word_1_316' title='bbox 458 5414 502 5466; x_wconf 85' lang='grc' dir='ltr'><em>Α</em></span> <span class='ocrx_word' id='word_1_317' title='bbox 541 5413 776 5479; x_wconf 77' lang='lat' dir='ltr'><strong>justitia.</strong></span> <span class='ocrx_word' id='word_1_318' title='bbox 829 5413 1007 5472; x_wconf 63' lang='lat' dir='ltr'><strong>Editt:</strong></span> <span class='ocrx_word' id='word_1_319' title='bbox 1052 5432 1171 5472; x_wconf 89' lang='lat' dir='ltr'><strong>cum</strong></span> <span class='ocrx_word' id='word_1_320' title='bbox 1216 5418 1312 5471; x_wconf 83' lang='lat' dir='ltr'><strong>Ar.</strong></span> <span class='ocrx_word' id='word_1_321' title='bbox 1363 5428 1418 5473; x_wconf 85' lang='lat' dir='ltr'><strong>et</strong></span> 
     </span>
    </p>
   </div>
   <div class='ocr_carea' id='block_1_74' title="bbox 387 5483 1008 5545">
    <p class='ocr_par' dir='ltr' id='par_1_74' title="bbox 387 5483 1008 5545">
     <span class='ocr_line' id='line_1_75' title="bbox 387 5483 1008 5545; baseline 0.01 -9"><span class='ocrx_word' id='word_1_322' title='bbox 387 5483 555 5545; x_wconf 71' lang='lat' dir='ltr'><strong>Merc.</strong></span> <span class='ocrx_word' id='word_1_323' title='bbox 582 5485 635 5539; x_wconf 88' lang='lat'><strong>2.</strong></span> <span class='ocrx_word' id='word_1_324' title='bbox 668 5490 927 5541; x_wconf 87' lang='lat' dir='ltr'><strong>omittunt</strong></span> <span class='ocrx_word' id='word_1_325' title='bbox 956 5506 1008 5543; x_wconf 92' lang='lat' dir='ltr'><strong>a.</strong></span> 
     </span>
    </p>
   </div>
   <div class='ocr_carea' id='block_1_75' title="bbox 456 5553 1098 5623">
    <p class='ocr_par' dir='ltr' id='par_1_75' title="bbox 456 5553 1098 5623">
     <span class='ocr_line' id='line_1_76' title="bbox 456 5553 1098 5623; baseline 0.019 -20"><span class='ocrx_word' id='word_1_326' title='bbox 456 5553 691 5623; x_wconf 61' lang='lat' dir='ltr'><strong>Inserta.</strong></span> <span class='ocrx_word' id='word_1_327' title='bbox 724 5558 817 5612; x_wconf 77' lang='lat' dir='ltr'><strong>Iid.</strong></span> <span class='ocrx_word' id='word_1_328' title='bbox 853 5562 1098 5615; x_wconf 84' lang='lat' dir='ltr'><strong>insertus.</strong></span> 
     </span>
    </p>
   </div>
   <div class='ocr_carea' id='block_1_76' title="bbox 456 5618 1417 5695">
    <p class='ocr_par' dir='ltr' id='par_1_76' title="bbox 456 5618 1417 5695">
     <span class='ocr_line' id='line_1_77' title="bbox 456 5618 1417 5695; baseline 0.007 -17"><span class='ocrx_word' id='word_1_329' title='bbox 456 5618 523 5678; x_wconf 85' lang='lat' dir='ltr'><strong>In</strong></span> <span class='ocrx_word' id='word_1_330' title='bbox 554 5641 613 5679; x_wconf 87' lang='lat' dir='ltr'><strong>ea</strong></span> <span class='ocrx_word' id='word_1_331' title='bbox 635 5620 872 5694; x_wconf 82' lang='lat' dir='ltr'><strong>epistola.</strong></span> <span class='ocrx_word' id='word_1_332' title='bbox 901 5631 1065 5686; x_wconf 78' lang='lat' dir='ltr'><strong>Editt.</strong></span> <span class='ocrx_word' id='word_1_333' title='bbox 1093 5647 1213 5687; x_wconf 91' lang='lat' dir='ltr'><strong>cum</strong></span> <span class='ocrx_word' id='word_1_334' title='bbox 1244 5632 1336 5695; x_wconf 84' lang='lat' dir='ltr'><strong>Ar.</strong></span> <span class='ocrx_word' id='word_1_335' title='bbox 1364 5641 1417 5695; x_wconf 84' lang='lat' dir='ltr'><strong>et</strong></span> 
     </span>
    </p>
   </div>
   <div class='ocr_carea' id='block_1_77' title="bbox 386 5696 1025 5769">
    <p class='ocr_par' dir='ltr' id='par_1_77' title="bbox 386 5696 1025 5769">
     <span class='ocr_line' id='line_1_78' title="bbox 386 5696 1025 5769; baseline 0.011 -20"><span class='ocrx_word' id='word_1_336' title='bbox 386 5696 553 5769; x_wconf 64' lang='lat' dir='ltr'><strong>Mere.</strong></span> <span class='ocrx_word' id='word_1_337' title='bbox 584 5700 641 5753; x_wconf 90' lang='lat'><strong>2.</strong></span> <span class='ocrx_word' id='word_1_338' title='bbox 661 5700 917 5753; x_wconf 83' lang='lat' dir='ltr'><strong>omittunt</strong></span> <span class='ocrx_word' id='word_1_339' title='bbox 943 5717 1025 5757; x_wconf 90' lang='lat' dir='ltr'><strong>ea.</strong></span> 
     </span>
    </p>
   </div>
   <div class='ocr_carea' id='block_1_78' title="bbox 454 5769 1414 5842">
    <p class='ocr_par' dir='ltr' id='par_1_78' title="bbox 454 5769 1414 5842">
     <span class='ocr_line' id='line_1_79' title="bbox 454 5769 1414 5842; baseline 0.004 -17"><span class='ocrx_word' id='word_1_340' title='bbox 650 5770 741 5824; x_wconf 83' lang='lat' dir='ltr'><strong>Sic</strong></span> <span class='ocrx_word' id='word_1_341' title='bbox 792 5771 987 5825; x_wconf 87' lang='lat' dir='ltr'><strong>dicens.</strong></span> <span class='ocrx_word' id='word_1_342' title='bbox 1037 5774 1091 5828; x_wconf 86' lang='lat' dir='ltr'><strong>lu</strong></span> <span class='ocrx_word' id='word_1_343' title='bbox 1139 5772 1227 5828; x_wconf 81' lang='lat' dir='ltr'><strong>Er.</strong></span> <span class='ocrx_word' id='word_1_344' title='bbox 1277 5773 1414 5829; x_wconf 79' lang='lat' dir='ltr'><strong>Gail.</strong></span> 
     </span>
    </p>
   </div>
   <div class='ocr_carea' id='block_1_79' title="bbox 1162 5874 1184 5901">
    <p class='ocr_par' dir='ltr' id='par_1_79' title="bbox 1162 5874 1184 5901">
     <span class='ocr_line' id='line_1_80' title="bbox 1162 5874 1184 5901; baseline 0 0"><span class='ocrx_word' id='word_1_345' title='bbox 1162 5874 1184 5901; x_wconf 78' lang='grc' dir='ltr'><strong>’τ</strong></span> 
     </span>
    </p>
   </div>
   <div class='ocr_carea' id='block_1_80' title="bbox 1670 328 2349 388">
    <p class='ocr_par' dir='ltr' id='par_1_80' title="bbox 1670 328 2349 388">
     <span class='ocr_line' id='line_1_81' title="bbox 1670 328 2349 388; baseline 0.006 -5"><span class='ocrx_word' id='word_1_346' title='bbox 1670 328 1906 387; x_wconf 64' lang='lat' dir='ltr'><strong>VARIE</strong></span> <span class='ocrx_word' id='word_1_347' title='bbox 1947 330 2349 388; x_wconf 69' lang='lat' dir='ltr'><strong>LECTIONES.</strong></span> 
     </span>
    </p>
   </div>
   <div class='ocr_carea' id='block_1_81' title="bbox 1499 450 2407 512">
    <p class='ocr_par' dir='ltr' id='par_1_81' title="bbox 1499 450 2407 512">
     <span class='ocr_line' id='line_1_82' title="bbox 1499 450 2407 512; baseline 0.001 -7"><span class='ocrx_word' id='word_1_348' title='bbox 1499 450 1631 508; x_wconf 84' lang='lat' dir='ltr'><strong>Fen.</strong></span> <span class='ocrx_word' id='word_1_349' title='bbox 1658 453 1749 508; x_wconf 83' lang='grc' dir='ltr'><strong>ΑΓ.</strong></span> <span class='ocrx_word' id='word_1_350' title='bbox 1774 466 1829 510; x_wconf 86' lang='lat' dir='ltr'><strong>et</strong></span> <span class='ocrx_word' id='word_1_351' title='bbox 1858 456 2027 512; x_wconf 82' lang='lat' dir='ltr'><strong>Merc.</strong></span> <span class='ocrx_word' id='word_1_352' title='bbox 2063 456 2099 509; x_wconf 90' lang='lat'><strong>2</strong></span> <span class='ocrx_word' id='word_1_353' title='bbox 2128 458 2279 509; x_wconf 78' lang='lat' dir='ltr'><strong>deest</strong></span> <span class='ocrx_word' id='word_1_354' title='bbox 2312 455 2407 508; x_wconf 85' lang='lat' dir='ltr'><strong>sic.</strong></span> 
     </span>
    </p>
   </div>
   <div class='ocr_carea' id='block_1_82' title="bbox 1572 520 2525 590">
    <p class='ocr_par' dir='ltr' id='par_1_82' title="bbox 1572 520 2525 590">
     <span class='ocr_line' id='line_1_83' title="bbox 1572 520 2525 590; baseline 0 -16"><span class='ocrx_word' id='word_1_355' title='bbox 1572 520 1636 575; x_wconf 88' lang='lat' dir='ltr'><strong>In</strong></span> <span class='ocrx_word' id='word_1_356' title='bbox 1669 521 1871 590; x_wconf 80' lang='lat' dir='ltr'><strong>Spiritu</strong></span> <span class='ocrx_word' id='word_1_357' title='bbox 1918 528 2037 582; x_wconf 85' lang='lat' dir='ltr'><strong>Dei.</strong></span> <span class='ocrx_word' id='word_1_358' title='bbox 2101 527 2247 582; x_wconf 85' lang='lat' dir='ltr'><strong>Clnr.</strong></span> <span class='ocrx_word' id='word_1_359' title='bbox 2285 536 2341 579; x_wconf 88' lang='lat' dir='ltr'><strong>et</strong></span> <span class='ocrx_word' id='word_1_360' title='bbox 2372 523 2525 578; x_wconf 85' lang='lat' dir='ltr'><strong>Voss.</strong></span> 
     </span>
    </p>
   </div>
   <div class='ocr_carea' id='block_1_83' title="bbox 1498 590 1996 658">
    <p class='ocr_par' dir='ltr' id='par_1_83' title="bbox 1498 590 1996 658">
     <span class='ocr_line' id='line_1_84' title="bbox 1498 590 1996 658; baseline 0.02 -16"><span class='ocrx_word' id='word_1_361' title='bbox 1498 591 1552 643; x_wconf 91' lang='lat' dir='ltr'><strong>in</strong></span> <span class='ocrx_word' id='word_1_362' title='bbox 1582 590 1842 658; x_wconf 81' lang='lat' dir='ltr'><strong>Spiritum</strong></span> <span class='ocrx_word' id='word_1_363' title='bbox 1878 597 1996 653; x_wconf 85' lang='lat' dir='ltr'><strong>Dei.</strong></span> 
     </span>
    </p>
   </div>
   <div class='ocr_carea' id='block_1_84' title="bbox 1565 660 2525 734">
    <p class='ocr_par' dir='ltr' id='par_1_84' title="bbox 1565 660 2525 734">
     <span class='ocr_line' id='line_1_85' title="bbox 1565 660 2525 734; baseline 0.002 -22"><span class='ocrx_word' id='word_1_364' title='bbox 1565 660 1691 734; x_wconf 80' lang='grc'><strong>506.</strong></span> <span class='ocrx_word' id='word_1_365' title='bbox 1738 664 1805 717; x_wconf 86' lang='lat' dir='ltr'><strong>Et</strong></span> <span class='ocrx_word' id='word_1_366' title='bbox 1839 676 2051 734; x_wconf 86' lang='lat' dir='ltr'><strong>propter</strong></span> <span class='ocrx_word' id='word_1_367' title='bbox 2091 667 2210 719; x_wconf 83' lang='lat' dir='ltr'><strong>hoc.</strong></span> <span class='ocrx_word' id='word_1_368' title='bbox 2258 664 2350 717; x_wconf 86' lang='lat' dir='ltr'><strong>Er.</strong></span> <span class='ocrx_word' id='word_1_369' title='bbox 2383 660 2525 717; x_wconf 82' lang='lat' dir='ltr'><strong>Call.</strong></span> 
     </span>
    </p>
   </div>
   <div class='ocr_carea' id='block_1_85' title="bbox 1494 728 2383 789">
    <p class='ocr_par' dir='ltr' id='par_1_85' title="bbox 1494 728 2383 789">
     <span class='ocr_line' id='line_1_86' title="bbox 1494 728 2383 789; baseline 0.002 -7"><span class='ocrx_word' id='word_1_370' title='bbox 1494 728 1626 783; x_wconf 87' lang='lat' dir='ltr'><strong>Feu.</strong></span> <span class='ocrx_word' id='word_1_371' title='bbox 1658 732 1752 787; x_wconf 87' lang='lat' dir='ltr'><strong>Ar.</strong></span> <span class='ocrx_word' id='word_1_372' title='bbox 1784 728 2035 789; x_wconf 60' lang='lat' dir='ltr'><strong>et&#39;Merc.</strong></span> <span class='ocrx_word' id='word_1_373' title='bbox 2069 736 2123 788; x_wconf 89' lang='lat'><strong>2.</strong></span> <span class='ocrx_word' id='word_1_374' title='bbox 2156 734 2221 787; x_wconf 84' lang='lat' dir='ltr'><strong>Et</strong></span> <span class='ocrx_word' id='word_1_375' title='bbox 2249 736 2383 786; x_wconf 88' lang='lat' dir='ltr'><strong>ideo.</strong></span> 
     </span>
    </p>
   </div>
   <div class='ocr_carea' id='block_1_86' title="bbox 1568 797 2530 872">
    <p class='ocr_par' dir='ltr' id='par_1_86' title="bbox 1568 797 2530 872">
     <span class='ocr_line' id='line_1_87' title="bbox 1568 797 2530 872; baseline -0.01 -9"><span class='ocrx_word' id='word_1_376' title='bbox 1568 797 1700 863; x_wconf 73' lang='lat' dir='ltr'><strong>Qua:</strong></span> <span class='ocrx_word' id='word_1_377' title='bbox 1718 806 1992 871; x_wconf 77' lang='lat' dir='ltr'><strong>prtedicta.</strong></span> <span class='ocrx_word' id='word_1_378' title='bbox 2013 804 2178 859; x_wconf 85' lang='lat' dir='ltr'><strong>Editt.</strong></span> <span class='ocrx_word' id='word_1_379' title='bbox 2196 802 2530 872; x_wconf 68' lang='lat' dir='ltr'><strong>praemittunt</strong></span> 
     </span>
    </p>
   </div>
   <div class='ocr_carea' id='block_1_87' title="bbox 1493 884 1576 921">
    <p class='ocr_par' dir='ltr' id='par_1_87' title="bbox 1493 884 1576 921">
     <span class='ocr_line' id='line_1_88' title="bbox 1493 884 1576 921; baseline 0 0"><span class='ocrx_word' id='word_1_380' title='bbox 1493 884 1576 921; x_wconf 91' lang='lat' dir='ltr'><strong>ea.</strong></span> 
     </span>
    </p>
   </div>
   <div class='ocr_carea' id='block_1_88' title="bbox 1491 937 2521 1058">
    <p class='ocr_par' dir='ltr' id='par_1_88' title="bbox 1491 937 2521 1058">
     <span class='ocr_line' id='line_1_89' title="bbox 1491 937 2521 1058; baseline 0.003 -66"><span class='ocrx_word' id='word_1_381' title='bbox 1491 1007 1524 1040; x_wconf 61' lang='grc' dir='ltr'><strong>ο</strong></span> <span class='ocrx_word' id='word_1_382' title='bbox 1566 937 1692 1058; x_wconf 47' lang='lat' dir='ltr'><strong>[liga</strong></span> <span class='ocrx_word' id='word_1_383' title='bbox 1729 951 1999 1013; x_wconf 85' lang='lat' dir='ltr'><strong>tanquam.</strong></span> <span class='ocrx_word' id='word_1_384' title='bbox 2056 943 2222 1000; x_wconf 86' lang='lat' dir='ltr'><strong>Editt.</strong></span> <span class='ocrx_word' id='word_1_385' title='bbox 2256 951 2310 996; x_wconf 91' lang='lat' dir='ltr'><strong>et</strong></span> <span class='ocrx_word' id='word_1_386' title='bbox 2356 940 2521 996; x_wconf 86' lang='lat' dir='ltr'><strong>Merc.</strong></span> 
     </span>
    </p>
   </div>
   <div class='ocr_carea' id='block_1_89' title="bbox 1495 1024 1712 1063">
    <p class='ocr_par' dir='ltr' id='par_1_89' title="bbox 1495 1024 1712 1063">
     <span class='ocr_line' id='line_1_90' title="bbox 1495 1024 1712 1063; baseline 0.009 -3"><span class='ocrx_word' id='word_1_387' title='bbox 1495 1024 1544 1060; x_wconf 74' lang='grc' dir='ltr'><strong>Ζ.</strong></span> <span class='ocrx_word' id='word_1_388' title='bbox 1580 1024 1712 1063; x_wconf 74' lang='grc' dir='ltr'><em>ιρωε.</em></span> 
     </span>
    </p>
   </div>
   <div class='ocr_carea' id='block_1_90' title="bbox 1563 1077 2522 1152">
    <p class='ocr_par' dir='ltr' id='par_1_90' title="bbox 1563 1077 2522 1152">
     <span class='ocr_line' id='line_1_91' title="bbox 1563 1077 2522 1152; baseline 0.007 -23"><span class='ocrx_word' id='word_1_389' title='bbox 1563 1077 1687 1131; x_wconf 82' lang='grc'><strong>507.</strong></span> <span class='ocrx_word' id='word_1_390' title='bbox 1739 1079 1807 1134; x_wconf 83' lang='grc' dir='ltr'><strong>1η</strong></span> <span class='ocrx_word' id='word_1_391' title='bbox 1851 1099 1913 1137; x_wconf 88' lang='lat' dir='ltr'><strong>ca</strong></span> <span class='ocrx_word' id='word_1_392' title='bbox 1953 1099 2067 1152; x_wconf 66' lang='lat' dir='ltr'><strong>qua!</strong></span> <span class='ocrx_word' id='word_1_393' title='bbox 2112 1091 2186 1135; x_wconf 89' lang='lat' dir='ltr'><strong>est</strong></span> <span class='ocrx_word' id='word_1_394' title='bbox 2214 1078 2522 1152; x_wconf 75' lang='lat' dir='ltr'><strong>ad__l’ltilip-</strong></span> 
     </span>
    </p>
   </div>
   <div class='ocr_carea' id='block_1_91' title="bbox 1492 1150 2520 1215">
    <p class='ocr_par' dir='ltr' id='par_1_91' title="bbox 1492 1150 2520 1215">
     <span class='ocr_line' id='line_1_92' title="bbox 1492 1150 2520 1215; baseline 0.008 -18"><span class='ocrx_word' id='word_1_395' title='bbox 1492 1162 1674 1212; x_wconf 83' lang='lat' dir='ltr'><strong>penses</strong></span> <span class='ocrx_word' id='word_1_396' title='bbox 1690 1153 1930 1215; x_wconf 84' lang='lat' dir='ltr'><strong>epistola.</strong></span> <span class='ocrx_word' id='word_1_397' title='bbox 1956 1150 2123 1206; x_wconf 87' lang='lat' dir='ltr'><strong>Editt.</strong></span> <span class='ocrx_word' id='word_1_398' title='bbox 2150 1166 2270 1204; x_wconf 83' lang='lat' dir='ltr'><strong>cum</strong></span> <span class='ocrx_word' id='word_1_399' title='bbox 2288 1150 2520 1206; x_wconf 83' lang='lat' dir='ltr'><strong>Merc.2.</strong></span> 
     </span>
    </p>
   </div>
   <div class='ocr_carea' id='block_1_92' title="bbox 1494 1217 2520 1289">
    <p class='ocr_par' dir='ltr' id='par_1_92' title="bbox 1494 1217 2520 1289">
     <span class='ocr_line' id='line_1_93' title="bbox 1494 1217 2520 1289; baseline 0.008 -23"><span class='ocrx_word' id='word_1_400' title='bbox 1494 1217 1546 1267; x_wconf 89' lang='lat' dir='ltr'><strong>in</strong></span> <span class='ocrx_word' id='word_1_401' title='bbox 1572 1218 1790 1289; x_wconf 70' lang='lat' dir='ltr'><strong>epistola</strong></span> <span class='ocrx_word' id='word_1_402' title='bbox 1810 1237 1925 1289; x_wconf 74' lang='lat' dir='ltr'><strong>qua:</strong></span> <span class='ocrx_word' id='word_1_403' title='bbox 1940 1231 2016 1279; x_wconf 82' lang='lat' dir='ltr'><strong>est</strong></span> <span class='ocrx_word' id='word_1_404' title='bbox 2034 1224 2102 1279; x_wconf 89' lang='lat' dir='ltr'><strong>ad</strong></span> <span class='ocrx_word' id='word_1_405' title='bbox 2138 1218 2520 1285; x_wconf 81' lang='lat' dir='ltr'><strong>Pliiltppenses.</strong></span> 
     </span>
    </p>
   </div>
   <div class='ocr_carea' id='block_1_93' title="bbox 1566 1284 2518 1353">
    <p class='ocr_par' dir='ltr' id='par_1_93' title="bbox 1566 1284 2518 1353">
     <span class='ocr_line' id='line_1_94' title="bbox 1566 1284 2518 1353; baseline 0.004 -14"><span class='ocrx_word' id='word_1_406' title='bbox 1566 1284 1718 1350; x_wconf 81' lang='lat' dir='ltr'><strong>Quod</strong></span> <span class='ocrx_word' id='word_1_407' title='bbox 1769 1284 1999 1343; x_wconf 75' lang='lat' dir='ltr'><strong>dixerat.</strong></span> <span class='ocrx_word' id='word_1_408' title='bbox 2055 1292 2146 1344; x_wconf 84' lang='lat' dir='ltr'><strong>Er.</strong></span> <span class='ocrx_word' id='word_1_409' title='bbox 2201 1284 2338 1349; x_wconf 79' lang='lat' dir='ltr'><strong>Gali.</strong></span> <span class='ocrx_word' id='word_1_410' title='bbox 2388 1289 2518 1353; x_wconf 86' lang='lat' dir='ltr'><strong>Feu.</strong></span> 
     </span>
    </p>
   </div>
   <div class='ocr_carea' id='block_1_94' title="bbox 1493 1353 2361 1429">
    <p class='ocr_par' dir='ltr' id='par_1_94' title="bbox 1493 1353 2361 1429">
     <span class='ocr_line' id='line_1_95' title="bbox 1493 1353 2361 1429; baseline 0.005 -23"><span class='ocrx_word' id='word_1_411' title='bbox 1493 1353 1605 1429; x_wconf 78' lang='lat' dir='ltr'><strong>Ar._</strong></span> <span class='ocrx_word' id='word_1_412' title='bbox 1616 1367 1669 1408; x_wconf 88' lang='lat' dir='ltr'><strong>et</strong></span> <span class='ocrx_word' id='word_1_413' title='bbox 1697 1356 1865 1412; x_wconf 83' lang='lat' dir='ltr'><strong>Merc.</strong></span> <span class='ocrx_word' id='word_1_414' title='bbox 1898 1359 1951 1412; x_wconf 88' lang='lat'><strong>2.</strong></span> <span class='ocrx_word' id='word_1_415' title='bbox 1988 1362 2125 1429; x_wconf 86' lang='lat' dir='ltr'><strong>quod</strong></span> <span class='ocrx_word' id='word_1_416' title='bbox 2149 1361 2361 1417; x_wconf 80' lang='lat' dir='ltr'><strong>diceret.</strong></span> 
     </span>
    </p>
   </div>
   <div class='ocr_carea' id='block_1_95' title="bbox 1568 1424 2522 1485">
    <p class='ocr_par' dir='ltr' id='par_1_95' title="bbox 1568 1424 2522 1485">
     <span class='ocr_line' id='line_1_96' title="bbox 1568 1424 2522 1485; baseline 0.007 -9"><span class='ocrx_word' id='word_1_417' title='bbox 1568 1424 2009 1484; x_wconf 44' lang='lat' dir='ltr'><strong>Demonstrabatf</strong></span> <span class='ocrx_word' id='word_1_418' title='bbox 2032 1431 2237 1484; x_wconf 75' lang='lat' dir='ltr'><strong>Arttnd.</strong></span> <span class='ocrx_word' id='word_1_419' title='bbox 2259 1439 2314 1483; x_wconf 81' lang='lat' dir='ltr'><strong>el.</strong></span> <span class='ocrx_word' id='word_1_420' title='bbox 2356 1428 2522 1485; x_wconf 84' lang='lat' dir='ltr'><strong>Grab.</strong></span> 
     </span>
    </p>
   </div>
   <div class='ocr_carea' id='block_1_96' title="bbox 1493 1498 1888 1551">
    <p class='ocr_par' dir='ltr' id='par_1_96' title="bbox 1493 1498 1888 1551">
     <span class='ocr_line' id='line_1_97' title="bbox 1493 1498 1888 1551; baseline 0.01 -5"><span class='ocrx_word' id='word_1_421' title='bbox 1493 1498 1888 1551; x_wconf 85' lang='lat' dir='ltr'><strong>demonstravit.</strong></span> 
     </span>
    </p>
   </div>
   <div class='ocr_carea' id='block_1_97' title="bbox 1562 1564 2524 1631">
    <p class='ocr_par' dir='ltr' id='par_1_97' title="bbox 1562 1564 2524 1631">
     <span class='ocr_line' id='line_1_98' title="bbox 1562 1564 2524 1631; baseline 0.01 -16"><span class='ocrx_word' id='word_1_422' title='bbox 1562 1564 1629 1617; x_wconf 88' lang='lat' dir='ltr'><strong>In</strong></span> <span class='ocrx_word' id='word_1_423' title='bbox 1654 1580 1769 1619; x_wconf 87' lang='lat' dir='ltr'><strong>eum</strong></span> <span class='ocrx_word' id='word_1_424' title='bbox 1793 1576 1893 1623; x_wconf 81' lang='lat' dir='ltr'><strong>est.</strong></span> <span class='ocrx_word' id='word_1_425' title='bbox 1920 1568 2076 1624; x_wconf 84' lang='lat' dir='ltr'><strong>Voss.</strong></span> <span class='ocrx_word' id='word_1_426' title='bbox 2108 1577 2161 1624; x_wconf 86' lang='lat' dir='ltr'><strong>et</strong></span> <span class='ocrx_word' id='word_1_427' title='bbox 2191 1567 2361 1631; x_wconf 79' lang='lat' dir='ltr'><strong>Grub.</strong></span> <span class='ocrx_word' id='word_1_428' title='bbox 2389 1570 2441 1622; x_wconf 89' lang='lat' dir='ltr'><strong>in</strong></span> <span class='ocrx_word' id='word_1_429' title='bbox 2465 1585 2524 1625; x_wconf 83' lang='lat' dir='ltr'><strong>ea</strong></span> 
     </span>
    </p>
   </div>
   <div class='ocr_carea' id='block_1_98' title="bbox 1492 1644 1927 1693">
    <p class='ocr_par' dir='ltr' id='par_1_98' title="bbox 1492 1644 1927 1693">
     <span class='ocr_line' id='line_1_99' title="bbox 1492 1644 1927 1693; baseline 0 -6"><span class='ocrx_word' id='word_1_430' title='bbox 1492 1644 1590 1693; x_wconf 85' lang='lat' dir='ltr'><strong>est.</strong></span> <span class='ocrx_word' id='word_1_431' title='bbox 1924 1666 1927 1667; x_wconf 53' lang='grc' dir='ltr'><em>ν</em></span> 
     </span>
    </p>
   </div>
   <div class='ocr_carea' id='block_1_99' title="bbox 1565 1703 2521 1769">
    <p class='ocr_par' dir='ltr' id='par_1_99' title="bbox 1565 1703 2521 1769">
     <span class='ocr_line' id='line_1_100' title="bbox 1565 1703 2521 1769; baseline 0.005 -13"><span class='ocrx_word' id='word_1_432' title='bbox 1565 1703 1718 1768; x_wconf 84' lang='lat' dir='ltr'><strong>Quod</strong></span> <span class='ocrx_word' id='word_1_433' title='bbox 1762 1706 1914 1762; x_wconf 87' lang='lat' dir='ltr'><strong>dicit.</strong></span> <span class='ocrx_word' id='word_1_434' title='bbox 1962 1708 2019 1762; x_wconf 83' lang='lat' dir='ltr'><strong>In</strong></span> <span class='ocrx_word' id='word_1_435' title='bbox 2064 1706 2155 1769; x_wconf 81' lang='lat' dir='ltr'><strong>Er.</strong></span> <span class='ocrx_word' id='word_1_436' title='bbox 2206 1706 2344 1763; x_wconf 82' lang='lat' dir='ltr'><strong>Call.</strong></span> <span class='ocrx_word' id='word_1_437' title='bbox 2387 1706 2521 1765; x_wconf 83' lang='lat' dir='ltr'><strong>Feu.</strong></span> 
     </span>
    </p>
   </div>
   <div class='ocr_carea' id='block_1_100' title="bbox 1493 1771 2140 1833">
    <p class='ocr_par' dir='ltr' id='par_1_100' title="bbox 1493 1771 2140 1833">
     <span class='ocr_line' id='line_1_101' title="bbox 1493 1771 2140 1833; baseline 0.014 -9"><span class='ocrx_word' id='word_1_438' title='bbox 1493 1771 1586 1825; x_wconf 86' lang='lat' dir='ltr'><strong>Ar.</strong></span> <span class='ocrx_word' id='word_1_439' title='bbox 1623 1784 1676 1826; x_wconf 79' lang='lat' dir='ltr'><strong>et</strong></span> <span class='ocrx_word' id='word_1_440' title='bbox 1713 1776 1877 1831; x_wconf 84' lang='lat' dir='ltr'><strong>Merc.</strong></span> <span class='ocrx_word' id='word_1_441' title='bbox 1911 1778 1946 1830; x_wconf 89' lang='lat'><strong>2</strong></span> <span class='ocrx_word' id='word_1_442' title='bbox 1979 1780 2140 1833; x_wconf 87' lang='lat' dir='ltr'><strong>dicat.</strong></span> 
     </span>
    </p>
   </div>
   <div class='ocr_carea' id='block_1_101' title="bbox 1564 1842 2521 1912">
    <p class='ocr_par' dir='ltr' id='par_1_101' title="bbox 1564 1842 2521 1912">
     <span class='ocr_line' id='line_1_102' title="bbox 1564 1842 2521 1912; baseline 0.007 -17"><span class='ocrx_word' id='word_1_443' title='bbox 1564 1842 1699 1912; x_wconf 81' lang='lat' dir='ltr'><strong>Ejus</strong></span> <span class='ocrx_word' id='word_1_444' title='bbox 1727 1845 1975 1900; x_wconf 77' lang='lat' dir='ltr'><strong>hominis.</strong></span> <span class='ocrx_word' id='word_1_445' title='bbox 1997 1848 2053 1900; x_wconf 83' lang='lat' dir='ltr'><strong>in</strong></span> <span class='ocrx_word' id='word_1_446' title='bbox 2083 1846 2290 1901; x_wconf 81' lang='lat' dir='ltr'><strong>Arund.</strong></span> <span class='ocrx_word' id='word_1_447' title='bbox 2314 1858 2369 1902; x_wconf 82' lang='lat' dir='ltr'><strong>et</strong></span> <span class='ocrx_word' id='word_1_448' title='bbox 2390 1847 2521 1902; x_wconf 89' lang='lat' dir='ltr'><strong>edit.</strong></span> 
     </span>
    </p>
   </div>
   <div class='ocr_carea' id='block_1_102' title="bbox 1492 1907 1957 1981">
    <p class='ocr_par' dir='ltr' id='par_1_102' title="bbox 1492 1907 1957 1981">
     <span class='ocr_line' id='line_1_103' title="bbox 1492 1907 1957 1981; baseline 0.011 -16"><span class='ocrx_word' id='word_1_449' title='bbox 1492 1907 1666 1965; x_wconf 70' lang='grc' dir='ltr'><strong>Οχυῖι.</strong></span> <span class='ocrx_word' id='word_1_450' title='bbox 1700 1914 1957 1981; x_wconf 88' lang='lat' dir='ltr'><strong>ejusdem.</strong></span> 
     </span>
    </p>
   </div>
   <div class='ocr_carea' id='block_1_103' title="bbox 1564 1980 2520 2062">
    <p class='ocr_par' dir='ltr' id='par_1_103' title="bbox 1564 1980 2520 2062">
     <span class='ocr_line' id='line_1_104' title="bbox 1564 1980 2520 2062; baseline 0.01 -29"><span class='ocrx_word' id='word_1_451' title='bbox 1564 1980 1639 2062; x_wconf 63' lang='lat' dir='ltr'><strong>in</strong></span> <span class='ocrx_word' id='word_1_452' title='bbox 1675 1980 1844 2062; x_wconf 78' lang='lat' dir='ltr'><strong>initio.</strong></span> <span class='ocrx_word' id='word_1_453' title='bbox 1876 1985 1967 2043; x_wconf 86' lang='lat' dir='ltr'><strong>Er.</strong></span> <span class='ocrx_word' id='word_1_454' title='bbox 2000 1984 2140 2041; x_wconf 82' lang='lat' dir='ltr'><strong>Gali.</strong></span> <span class='ocrx_word' id='word_1_455' title='bbox 2170 1984 2301 2040; x_wconf 83' lang='lat' dir='ltr'><strong>Feu.</strong></span> <span class='ocrx_word' id='word_1_456' title='bbox 2341 1996 2394 2041; x_wconf 91' lang='lat' dir='ltr'><strong>et</strong></span> <span class='ocrx_word' id='word_1_457' title='bbox 2425 1987 2520 2043; x_wconf 82' lang='lat' dir='ltr'><strong>Ar.</strong></span> 
     </span>
    </p>
   </div>
   <div class='ocr_carea' id='block_1_104' title="bbox 1492 2054 1854 2108">
    <p class='ocr_par' dir='ltr' id='par_1_104' title="bbox 1492 2054 1854 2108">
     <span class='ocr_line' id='line_1_105' title="bbox 1492 2054 1854 2108; baseline 0.011 -5"><span class='ocrx_word' id='word_1_458' title='bbox 1492 2054 1747 2105; x_wconf 87' lang='lat' dir='ltr'><strong>omittunt</strong></span> <span class='ocrx_word' id='word_1_459' title='bbox 1780 2054 1854 2108; x_wconf 92' lang='lat' dir='ltr'><strong>in.</strong></span> 
     </span>
    </p>
   </div>
   <div class='ocr_carea' id='block_1_105' title="bbox 1565 2118 2522 2192">
    <p class='ocr_par' dir='ltr' id='par_1_105' title="bbox 1565 2118 2522 2192">
     <span class='ocr_line' id='line_1_106' title="bbox 1565 2118 2522 2192; baseline 0.008 -21"><span class='ocrx_word' id='word_1_460' title='bbox 1565 2118 1630 2172; x_wconf 87' lang='lat' dir='ltr'><strong>Et</strong></span> <span class='ocrx_word' id='word_1_461' title='bbox 1666 2123 2011 2192; x_wconf 86' lang='lat' dir='ltr'><strong>colloquente.</strong></span> <span class='ocrx_word' id='word_1_462' title='bbox 2062 2123 2228 2179; x_wconf 86' lang='lat' dir='ltr'><strong>Iidem</strong></span> <span class='ocrx_word' id='word_1_463' title='bbox 2262 2126 2522 2179; x_wconf 86' lang='lat' dir='ltr'><strong>omittunt</strong></span> 
     </span>
    </p>
   </div>
   <div class='ocr_carea' id='block_1_106' title="bbox 1493 2202 1562 2245">
    <p class='ocr_par' dir='ltr' id='par_1_106' title="bbox 1493 2202 1562 2245">
     <span class='ocr_line' id='line_1_107' title="bbox 1493 2202 1562 2245; baseline 0.029 -3"><span class='ocrx_word' id='word_1_464' title='bbox 1493 2202 1562 2245; x_wconf 87' lang='lat' dir='ltr'><strong>et.</strong></span> 
     </span>
    </p>
   </div>
   <div class='ocr_carea' id='block_1_107' title="bbox 1567 2258 2516 2329">
    <p class='ocr_par' dir='ltr' id='par_1_107' title="bbox 1567 2258 2516 2329">
     <span class='ocr_line' id='line_1_108' title="bbox 1567 2258 2516 2329; baseline 0.007 -18"><span class='ocrx_word' id='word_1_465' title='bbox 1567 2258 1913 2329; x_wconf 84' lang='lat' dir='ltr'><strong>Receperunt.</strong></span> <span class='ocrx_word' id='word_1_466' title='bbox 1972 2263 2066 2321; x_wconf 83' lang='lat' dir='ltr'><strong>Er.</strong></span> <span class='ocrx_word' id='word_1_467' title='bbox 2116 2264 2337 2322; x_wconf 86' lang='lat' dir='ltr'><strong>Gall.et</strong></span> <span class='ocrx_word' id='word_1_468' title='bbox 2386 2265 2516 2319; x_wconf 71' lang='lat' dir='ltr'><strong>Feu,</strong></span> 
     </span>
    </p>
   </div>
   <div class='ocr_carea' id='block_1_108' title="bbox 1492 2344 1852 2397">
    <p class='ocr_par' dir='ltr' id='par_1_108' title="bbox 1492 2344 1852 2397">
     <span class='ocr_line' id='line_1_109' title="bbox 1492 2344 1852 2397; baseline 0.011 -15"><span class='ocrx_word' id='word_1_469' title='bbox 1492 2344 1852 2397; x_wconf 71' lang='lat' dir='ltr'><strong>susceperunt.</strong></span> 
     </span>
    </p>
   </div>
   <div class='ocr_carea' id='block_1_109' title="bbox 1498 2398 2519 2527">
    <p class='ocr_par' dir='ltr' id='par_1_109' title="bbox 1498 2398 2519 2527">
     <span class='ocr_line' id='line_1_110' title="bbox 1498 2398 2519 2527; baseline 0.01 -78"><span class='ocrx_word' id='word_1_470' title='bbox 1498 2398 1762 2527; x_wconf 45' lang='lat' dir='ltr'><strong>“dlisdem</strong></span> <span class='ocrx_word' id='word_1_471' title='bbox 1824 2404 1968 2474; x_wconf 83' lang='lat' dir='ltr'><strong>ipsis.</strong></span> <span class='ocrx_word' id='word_1_472' title='bbox 2039 2404 2186 2460; x_wconf 82' lang='lat' dir='ltr'><strong>Ciar.</strong></span> <span class='ocrx_word' id='word_1_473' title='bbox 2259 2414 2315 2460; x_wconf 90' lang='lat' dir='ltr'><strong>et</strong></span> <span class='ocrx_word' id='word_1_474' title='bbox 2369 2404 2519 2461; x_wconf 87' lang='lat' dir='ltr'><strong>Voss.</strong></span> 
     </span>
     <span class='ocr_line' id='line_1_111' title="bbox 1498 2486 1671 2525; baseline -0.006 0"><span class='ocrx_word' id='word_1_475' title='bbox 1498 2488 1527 2525; x_wconf 86' lang='lat' dir='ltr'><strong>tt</strong></span> <span class='ocrx_word' id='word_1_476' title='bbox 1571 2486 1671 2524; x_wconf 87' lang='lat' dir='ltr'><strong>ent.</strong></span> 
     </span>
    </p>
   </div>
   <div class='ocr_carea' id='block_1_110' title="bbox 1492 2486 1671 2525">
    <p class='ocr_par' dir='ltr' id='par_1_110' title="bbox 1492 2486 1671 2525">
     <span class='ocr_line' id='line_1_112' title="bbox 1492 2486 1671 2525; baseline -0.006 0"><span class='ocrx_word' id='word_1_477' title='bbox 1492 2486 1671 2525; x_wconf 70' lang='grc' dir='ltr'><strong>πιαρηι.</strong></span> 
     </span>
    </p>
   </div>
   <div class='ocr_carea' id='block_1_111' title="bbox 1566 2539 2531 2614">
    <p class='ocr_par' dir='ltr' id='par_1_111' title="bbox 1566 2539 2531 2614">
     <span class='ocr_line' id='line_1_113' title="bbox 1566 2539 2531 2614; baseline 0.007 -23"><span class='ocrx_word' id='word_1_478' title='bbox 1566 2539 1633 2614; x_wconf 65' lang='grc' dir='ltr'><strong>ΕΓ</strong></span> <span class='ocrx_word' id='word_1_479' title='bbox 1677 2540 1760 2614; x_wconf 90' lang='lat' dir='ltr'><strong>ab_</strong></span> <span class='ocrx_word' id='word_1_480' title='bbox 1790 2543 1940 2597; x_wconf 91' lang='lat' dir='ltr'><strong>initio</strong></span> <span class='ocrx_word' id='word_1_481' title='bbox 2103 2554 2151 2597; x_wconf 90' lang='lat' dir='ltr'><strong>et</strong></span> <span class='ocrx_word' id='word_1_482' title='bbox 2199 2561 2377 2614; x_wconf 86' lang='lat' dir='ltr'><strong>quam.</strong></span> <span class='ocrx_word' id='word_1_483' title='bbox 2427 2545 2531 2599; x_wconf 74' lang='lat' dir='ltr'><strong>Er.‘</strong></span> 
     </span>
    </p>
   </div>
   <div class='ocr_carea' id='block_1_112' title="bbox 1493 2610 2519 2684">
    <p class='ocr_par' dir='ltr' id='par_1_112' title="bbox 1493 2610 2519 2684">
     <span class='ocr_line' id='line_1_114' title="bbox 1493 2610 2519 2684; baseline 0.001 -18"><span class='ocrx_word' id='word_1_484' title='bbox 1493 2610 1631 2684; x_wconf 64' lang='lat' dir='ltr'><strong>Gali.</strong></span> <span class='ocrx_word' id='word_1_485' title='bbox 1654 2622 1707 2664; x_wconf 88' lang='lat' dir='ltr'><strong>et</strong></span> <span class='ocrx_word' id='word_1_486' title='bbox 1726 2612 1856 2669; x_wconf 82' lang='lat' dir='ltr'><strong>Fcu.</strong></span> <span class='ocrx_word' id='word_1_487' title='bbox 1885 2610 2429 2684; x_wconf 70' lang='lat' dir='ltr'><strong>ulrobiqueoinitlttttt</strong></span> <span class='ocrx_word' id='word_1_488' title='bbox 2448 2626 2519 2668; x_wconf 91' lang='lat' dir='ltr'><strong>et.</strong></span> 
     </span>
    </p>
   </div>
   <div class='ocr_carea' id='block_1_113' title="bbox 1581 2678 2515 2751">
    <p class='ocr_par' dir='ltr' id='par_1_113' title="bbox 1581 2678 2515 2751">
     <span class='ocr_line' id='line_1_115' title="bbox 1581 2678 2515 2751; baseline 0.01 -21"><span class='ocrx_word' id='word_1_489' title='bbox 1581 2678 1711 2744; x_wconf 73' lang='lat' dir='ltr'><strong>Qua:</strong></span> <span class='ocrx_word' id='word_1_490' title='bbox 1796 2686 2039 2751; x_wconf 83' lang='lat' dir='ltr'><strong>percepit.</strong></span> <span class='ocrx_word' id='word_1_491' title='bbox 2081 2678 2156 2736; x_wconf 70' lang='grc' dir='ltr'><strong>’1η</strong></span> <span class='ocrx_word' id='word_1_492' title='bbox 2234 2684 2326 2736; x_wconf 88' lang='grc' dir='ltr'><strong>ΕΓ.</strong></span> <span class='ocrx_word' id='word_1_493' title='bbox 2378 2684 2515 2739; x_wconf 83' lang='lat' dir='ltr'><strong>Call.</strong></span> 
     </span>
    </p>
   </div>
   <div class='ocr_carea' id='block_1_114' title="bbox 1495 2751 2414 2821">
    <p class='ocr_par' dir='ltr' id='par_1_114' title="bbox 1495 2751 2414 2821">
     <span class='ocr_line' id='line_1_116' title="bbox 1495 2751 2414 2821; baseline 0.003 -15"><span class='ocrx_word' id='word_1_494' title='bbox 1495 2751 1629 2809; x_wconf 83' lang='lat' dir='ltr'><strong>Feu.</strong></span> <span class='ocrx_word' id='word_1_495' title='bbox 1668 2752 1771 2821; x_wconf 64' lang='lat' dir='ltr'><strong>Ar.</strong></span> <span class='ocrx_word' id='word_1_496' title='bbox 1797 2762 1850 2805; x_wconf 87' lang='lat' dir='ltr'><strong>et</strong></span> <span class='ocrx_word' id='word_1_497' title='bbox 1882 2751 2048 2807; x_wconf 81' lang='lat' dir='ltr'><strong>Merc.</strong></span> <span class='ocrx_word' id='word_1_498' title='bbox 2089 2753 2143 2809; x_wconf 89' lang='lat'><strong>2.</strong></span> <span class='ocrx_word' id='word_1_499' title='bbox 2174 2754 2414 2821; x_wconf 83' lang='lat' dir='ltr'><strong>percipit.</strong></span> 
     </span>
    </p>
   </div>
   <div class='ocr_carea' id='block_1_115' title="bbox 1566 2820 2521 2889">
    <p class='ocr_par' dir='ltr' id='par_1_115' title="bbox 1566 2820 2521 2889">
     <span class='ocr_line' id='line_1_117' title="bbox 1566 2820 2521 2889; baseline 0.004 -16"><span class='ocrx_word' id='word_1_500' title='bbox 1566 2822 1692 2875; x_wconf 61' lang='lat'><strong>398.</strong></span> <span class='ocrx_word' id='word_1_501' title='bbox 1744 2820 1911 2875; x_wconf 84' lang='lat' dir='ltr'><strong>Passa</strong></span> <span class='ocrx_word' id='word_1_502' title='bbox 1941 2822 2176 2889; x_wconf 86' lang='lat' dir='ltr'><strong>fuerant.</strong></span> <span class='ocrx_word' id='word_1_503' title='bbox 2223 2823 2279 2875; x_wconf 88' lang='lat' dir='ltr'><strong>lu</strong></span> <span class='ocrx_word' id='word_1_504' title='bbox 2329 2824 2521 2877; x_wconf 84' lang='lat' dir='ltr'><strong>iisdem</strong></span> 
     </span>
    </p>
   </div>
   <div class='ocr_carea' id='block_1_116' title="bbox 1495 2890 2287 2965">
    <p class='ocr_par' dir='ltr' id='par_1_116' title="bbox 1495 2890 2287 2965">
     <span class='ocr_line' id='line_1_118' title="bbox 1495 2890 2287 2965; baseline -0.001 -20"><span class='ocrx_word' id='word_1_505' title='bbox 1495 2890 1651 2965; x_wconf 49' lang='grc' dir='ltr'><strong>δόξει.</strong></span> <span class='ocrx_word' id='word_1_506' title='bbox 1688 2891 1938 2965; x_wconf 56' lang='grc' dir='ltr'><strong>(ηυδε-(εζ</strong></span> <span class='ocrx_word' id='word_1_507' title='bbox 1974 2891 2287 2965; x_wconf 56' lang='lat' dir='ltr'><strong>fuerunt.</strong></span> 
     </span>
    </p>
   </div>
   <div class='ocr_carea' id='block_1_117' title="bbox 1568 2958 2518 3028">
    <p class='ocr_par' dir='ltr' id='par_1_117' title="bbox 1568 2958 2518 3028">
     <span class='ocr_line' id='line_1_119' title="bbox 1568 2958 2518 3028; baseline 0.008 -17"><span class='ocrx_word' id='word_1_508' title='bbox 1568 2958 1896 3028; x_wconf 88' lang='lat' dir='ltr'><strong>Conspicere.</strong></span> <span class='ocrx_word' id='word_1_509' title='bbox 1920 2961 1974 3016; x_wconf 87' lang='lat' dir='ltr'><strong>lu</strong></span> <span class='ocrx_word' id='word_1_510' title='bbox 2000 2958 2088 3015; x_wconf 77' lang='lat' dir='ltr'><strong>Er.</strong></span> <span class='ocrx_word' id='word_1_511' title='bbox 2118 2961 2256 3017; x_wconf 78' lang='lat' dir='ltr'><strong>Gali.</strong></span> <span class='ocrx_word' id='word_1_512' title='bbox 2278 2971 2332 3016; x_wconf 83' lang='lat' dir='ltr'><strong>et</strong></span> <span class='ocrx_word' id='word_1_513' title='bbox 2356 2961 2518 3019; x_wconf 80' lang='lat' dir='ltr'><strong>Merc.</strong></span> 
     </span>
    </p>
   </div>
   <div class='ocr_carea' id='block_1_118' title="bbox 1496 3029 1885 3098">
    <p class='ocr_par' dir='ltr' id='par_1_118' title="bbox 1496 3029 1885 3098">
     <span class='ocr_line' id='line_1_120' title="bbox 1496 3029 1885 3098; baseline 0.003 -16"><span class='ocrx_word' id='word_1_514' title='bbox 1496 3029 1552 3082; x_wconf 92' lang='lat'><strong>2.</strong></span> <span class='ocrx_word' id='word_1_515' title='bbox 1582 3030 1885 3098; x_wconf 84' lang='lat' dir='ltr'><strong>intelligere.</strong></span> 
     </span>
    </p>
   </div>
   <div class='ocr_carea' id='block_1_119' title="bbox 1570 3098 2526 3163">
    <p class='ocr_par' dir='ltr' id='par_1_119' title="bbox 1570 3098 2526 3163">
     <span class='ocr_line' id='line_1_121' title="bbox 1570 3098 2526 3163; baseline 0.003 -12"><span class='ocrx_word' id='word_1_516' title='bbox 1570 3098 1722 3163; x_wconf 85' lang='lat' dir='ltr'><strong>Quod</strong></span> <span class='ocrx_word' id='word_1_517' title='bbox 1746 3101 1990 3153; x_wconf 87' lang='lat' dir='ltr'><strong>detinent.</strong></span> <span class='ocrx_word' id='word_1_518' title='bbox 2022 3100 2142 3155; x_wconf 90' lang='lat' dir='ltr'><strong>Vet.</strong></span> <span class='ocrx_word' id='word_1_519' title='bbox 2167 3101 2297 3155; x_wconf 81' lang='lat' dir='ltr'><strong>Feu.</strong></span> <span class='ocrx_word' id='word_1_520' title='bbox 2324 3103 2444 3155; x_wconf 85' lang='lat' dir='ltr'><strong>cod.</strong></span> <span class='ocrx_word' id='word_1_521' title='bbox 2472 3111 2526 3155; x_wconf 85' lang='lat' dir='ltr'><strong>et</strong></span> 
     </span>
    </p>
   </div>
   <div class='ocr_carea' id='block_1_120' title="bbox 1503 3167 2124 3239">
    <p class='ocr_par' dir='ltr' id='par_1_120' title="bbox 1503 3167 2124 3239">
     <span class='ocr_line' id='line_1_122' title="bbox 1503 3167 2124 3239; baseline 0.003 -18"><span class='ocrx_word' id='word_1_522' title='bbox 1503 3167 1653 3239; x_wconf 83' lang='lat' dir='ltr'><strong>Voss.</strong></span> <span class='ocrx_word' id='word_1_523' title='bbox 1683 3170 1820 3239; x_wconf 89' lang='lat' dir='ltr'><strong>quod</strong></span> <span class='ocrx_word' id='word_1_524' title='bbox 1846 3172 2124 3223; x_wconf 86' lang='lat' dir='ltr'><strong>detinetur.</strong></span> 
     </span>
    </p>
   </div>
   <div class='ocr_carea' id='block_1_121' title="bbox 1572 3238 2336 3309">
    <p class='ocr_par' dir='ltr' id='par_1_121' title="bbox 1572 3238 2336 3309">
     <span class='ocr_line' id='line_1_123' title="bbox 1572 3238 2336 3309; baseline 0.012 -21"><span class='ocrx_word' id='word_1_525' title='bbox 1572 3238 1750 3309; x_wconf 65' lang='lat' dir='ltr'><strong>ipsum</strong></span> <span class='ocrx_word' id='word_1_526' title='bbox 1782 3240 1901 3291; x_wconf 89' lang='lat' dir='ltr'><strong>sibi.</strong></span> <span class='ocrx_word' id='word_1_527' title='bbox 1936 3240 1989 3292; x_wconf 85' lang='lat' dir='ltr'><strong>In</strong></span> <span class='ocrx_word' id='word_1_528' title='bbox 2029 3240 2179 3293; x_wconf 90' lang='lat' dir='ltr'><strong>Voss.</strong></span> <span class='ocrx_word' id='word_1_529' title='bbox 2219 3241 2336 3309; x_wconf 83' lang='lat' dir='ltr'><strong>ipsi.</strong></span> 
     </span>
    </p>
   </div>
   <div class='ocr_carea' id='block_1_122' title="bbox 1571 3306 2529 3368">
    <p class='ocr_par' dir='ltr' id='par_1_122' title="bbox 1571 3306 2529 3368">
     <span class='ocr_line' id='line_1_124' title="bbox 1571 3306 2529 3368; baseline 0.007 -9"><span class='ocrx_word' id='word_1_530' title='bbox 1571 3306 1727 3360; x_wconf 82' lang='lat' dir='ltr'><strong>Enim</strong></span> <span class='ocrx_word' id='word_1_531' title='bbox 1774 3312 1971 3361; x_wconf 84' lang='lat' dir='ltr'><strong>statim.</strong></span> <span class='ocrx_word' id='word_1_532' title='bbox 2018 3309 2198 3362; x_wconf 76' lang='lat' dir='ltr'><strong>Prima</strong></span> <span class='ocrx_word' id='word_1_533' title='bbox 2237 3306 2347 3364; x_wconf 54' lang='lat' dir='ltr'><strong>uox</strong></span> <span class='ocrx_word' id='word_1_534' title='bbox 2380 3312 2529 3368; x_wconf 88' lang='lat' dir='ltr'><strong>deest</strong></span> 
     </span>
    </p>
   </div>
   <div class='ocr_carea' id='block_1_123' title="bbox 1502 3377 2366 3447">
    <p class='ocr_par' dir='ltr' id='par_1_123' title="bbox 1502 3377 2366 3447">
     <span class='ocr_line' id='line_1_125' title="bbox 1502 3377 2366 3447; baseline 0.002 -15"><span class='ocrx_word' id='word_1_535' title='bbox 1502 3380 1553 3432; x_wconf 86' lang='lat' dir='ltr'><strong>in</strong></span> <span class='ocrx_word' id='word_1_536' title='bbox 1590 3377 1744 3447; x_wconf 83' lang='lat' dir='ltr'><strong>Voss.</strong></span> <span class='ocrx_word' id='word_1_537' title='bbox 1784 3389 2013 3447; x_wconf 81' lang='lat' dir='ltr'><strong>utraque</strong></span> <span class='ocrx_word' id='word_1_538' title='bbox 2045 3380 2096 3432; x_wconf 84' lang='lat' dir='ltr'><strong>iu</strong></span> <span class='ocrx_word' id='word_1_539' title='bbox 2126 3379 2366 3434; x_wconf 78' lang='lat' dir='ltr'><strong>Clarmu.</strong></span> 
     </span>
    </p>
   </div>
   <div class='ocr_carea' id='block_1_124' title="bbox 1568 3446 2528 3507">
    <p class='ocr_par' dir='ltr' id='par_1_124' title="bbox 1568 3446 2528 3507">
     <span class='ocr_line' id='line_1_126' title="bbox 1568 3446 2528 3507; baseline 0.007 -7"><span class='ocrx_word' id='word_1_540' title='bbox 1568 3446 1691 3500; x_wconf 88' lang='grc'><strong>509.</strong></span> <span class='ocrx_word' id='word_1_541' title='bbox 1747 3447 1886 3500; x_wconf 89' lang='lat' dir='ltr'><strong>Dicit</strong></span> <span class='ocrx_word' id='word_1_542' title='bbox 1928 3446 2068 3501; x_wconf 79' lang='lat' dir='ltr'><strong>lth.</strong></span> <span class='ocrx_word' id='word_1_543' title='bbox 2119 3448 2175 3501; x_wconf 87' lang='lat' dir='ltr'><strong>lu</strong></span> <span class='ocrx_word' id='word_1_544' title='bbox 2243 3450 2411 3506; x_wconf 83' lang='lat' dir='ltr'><strong>Editt.</strong></span> <span class='ocrx_word' id='word_1_545' title='bbox 2465 3467 2528 3507; x_wconf 84' lang='lat' dir='ltr'><strong>ac</strong></span> 
     </span>
    </p>
   </div>
   <div class='ocr_carea' id='block_1_125' title="bbox 1500 3516 1895 3573">
    <p class='ocr_par' dir='ltr' id='par_1_125' title="bbox 1500 3516 1895 3573">
     <span class='ocr_line' id='line_1_127' title="bbox 1500 3516 1895 3573; baseline -0.005 -2"><span class='ocrx_word' id='word_1_546' title='bbox 1500 3518 1661 3573; x_wconf 82' lang='lat' dir='ltr'><strong>Merc.</strong></span> <span class='ocrx_word' id='word_1_547' title='bbox 1692 3516 1745 3568; x_wconf 90' lang='lat'><strong>2.</strong></span> <span class='ocrx_word' id='word_1_548' title='bbox 1779 3520 1895 3569; x_wconf 81' lang='lat' dir='ltr'><strong>hoc.</strong></span> 
     </span>
    </p>
   </div>
   <div class='ocr_carea' id='block_1_126' title="bbox 1568 3586 2522 3656">
    <p class='ocr_par' dir='ltr' id='par_1_126' title="bbox 1568 3586 2522 3656">
     <span class='ocr_line' id='line_1_128' title="bbox 1568 3586 2522 3656; baseline 0.005 -16"><span class='ocrx_word' id='word_1_549' title='bbox 1568 3589 1649 3640; x_wconf 81' lang='lat' dir='ltr'><strong>Ad</strong></span> <span class='ocrx_word' id='word_1_550' title='bbox 1685 3586 1852 3649; x_wconf 80' lang='lat' dir='ltr'><strong>Deum</strong></span> <span class='ocrx_word' id='word_1_551' title='bbox 1874 3587 2275 3656; x_wconf 85' lang='lat' dir='ltr'><strong>confessionem.</strong></span> <span class='ocrx_word' id='word_1_552' title='bbox 2312 3590 2522 3647; x_wconf 85' lang='lat' dir='ltr'><strong>Arund.</strong></span> 
     </span>
    </p>
   </div>
   <div class='ocr_carea' id='block_1_127' title="bbox 1490 3657 1888 3713">
    <p class='ocr_par' dir='ltr' id='par_1_127' title="bbox 1490 3657 1888 3713">
     <span class='ocr_line' id='line_1_129' title="bbox 1490 3657 1888 3713; baseline -0.005 -1"><span class='ocrx_word' id='word_1_553' title='bbox 1490 3659 1557 3713; x_wconf 88' lang='lat' dir='ltr'><strong>ad</strong></span> <span class='ocrx_word' id='word_1_554' title='bbox 1589 3657 1888 3710; x_wconf 88' lang='lat' dir='ltr'><strong>Dominum.</strong></span> 
     </span>
    </p>
   </div>
   <div class='ocr_carea' id='block_1_128' title="bbox 1561 3724 2522 3795">
    <p class='ocr_par' dir='ltr' id='par_1_128' title="bbox 1561 3724 2522 3795">
     <span class='ocr_line' id='line_1_130' title="bbox 1561 3724 2522 3795; baseline 0.003 -14"><span class='ocrx_word' id='word_1_555' title='bbox 1561 3728 1682 3781; x_wconf 86' lang='grc'><strong>510.</strong></span> <span class='ocrx_word' id='word_1_556' title='bbox 1718 3724 1783 3777; x_wconf 81' lang='lat' dir='ltr'><strong>Et</strong></span> <span class='ocrx_word' id='word_1_557' title='bbox 1819 3726 2027 3791; x_wconf 80' lang='lat' dir='ltr'><strong>iterum.</strong></span> <span class='ocrx_word' id='word_1_558' title='bbox 2061 3726 2127 3795; x_wconf 78' lang='lat' dir='ltr'><strong>Et</strong></span> <span class='ocrx_word' id='word_1_559' title='bbox 2156 3731 2307 3783; x_wconf 81' lang='lat' dir='ltr'><strong>deest</strong></span> <span class='ocrx_word' id='word_1_560' title='bbox 2340 3730 2391 3783; x_wconf 87' lang='lat' dir='ltr'><strong>in</strong></span> <span class='ocrx_word' id='word_1_561' title='bbox 2430 3730 2522 3784; x_wconf 89' lang='lat' dir='ltr'><strong>Er.</strong></span> 
     </span>
    </p>
   </div>
   <div class='ocr_carea' id='block_1_129' title="bbox 1492 3797 2276 3858">
    <p class='ocr_par' dir='ltr' id='par_1_129' title="bbox 1492 3797 2276 3858">
     <span class='ocr_line' id='line_1_131' title="bbox 1492 3797 2276 3858; baseline -0.001 -7"><span class='ocrx_word' id='word_1_562' title='bbox 1492 3799 1625 3856; x_wconf 73' lang='lat' dir='ltr'><strong>Call.</strong></span> <span class='ocrx_word' id='word_1_563' title='bbox 1655 3797 1785 3850; x_wconf 85' lang='lat' dir='ltr'><strong>Feu.</strong></span> <span class='ocrx_word' id='word_1_564' title='bbox 1815 3798 1912 3850; x_wconf 83' lang='lat' dir='ltr'><strong>Ar.</strong></span> <span class='ocrx_word' id='word_1_565' title='bbox 1942 3808 1995 3850; x_wconf 87' lang='lat' dir='ltr'><strong>et</strong></span> <span class='ocrx_word' id='word_1_566' title='bbox 2027 3800 2191 3858; x_wconf 80' lang='lat' dir='ltr'><strong>Merc.</strong></span> <span class='ocrx_word' id='word_1_567' title='bbox 2224 3799 2276 3850; x_wconf 77' lang='lat'><strong>2.</strong></span> 
     </span>
    </p>
   </div>
   <div class='ocr_carea' id='block_1_130' title="bbox 1566 3868 2519 3934">
    <p class='ocr_par' dir='ltr' id='par_1_130' title="bbox 1566 3868 2519 3934">
     <span class='ocr_line' id='line_1_132' title="bbox 1566 3868 2519 3934; baseline 0 -12"><span class='ocrx_word' id='word_1_568' title='bbox 1566 3868 1633 3922; x_wconf 86' lang='lat' dir='ltr'><strong>In</strong></span> <span class='ocrx_word' id='word_1_569' title='bbox 1676 3868 2027 3934; x_wconf 82' lang='lat' dir='ltr'><strong>semetipsum.</strong></span> <span class='ocrx_word' id='word_1_570' title='bbox 2080 3869 2171 3921; x_wconf 84' lang='grc' dir='ltr'><strong>ΕΓ.</strong></span> <span class='ocrx_word' id='word_1_571' title='bbox 2216 3868 2356 3922; x_wconf 75' lang='lat' dir='ltr'><strong>Gull.</strong></span> <span class='ocrx_word' id='word_1_572' title='bbox 2386 3869 2519 3924; x_wconf 87' lang='lat' dir='ltr'><strong>Feu.</strong></span> 
     </span>
    </p>
   </div>
   <div class='ocr_carea' id='block_1_131' title="bbox 1491 3936 2521 4008">
    <p class='ocr_par' dir='ltr' id='par_1_131' title="bbox 1491 3936 2521 4008">
     <span class='ocr_line' id='line_1_133' title="bbox 1491 3936 2521 4008; baseline -0.001 -14"><span class='ocrx_word' id='word_1_573' title='bbox 1491 3949 1546 3994; x_wconf 91' lang='lat' dir='ltr'><strong>et</strong></span> <span class='ocrx_word' id='word_1_574' title='bbox 1592 3940 1754 3992; x_wconf 73' lang='lat' dir='ltr'><strong>Merc.</strong></span> <span class='ocrx_word' id='word_1_575' title='bbox 1776 3936 1832 3989; x_wconf 86' lang='lat'><strong>2.</strong></span> <span class='ocrx_word' id='word_1_576' title='bbox 1867 3939 1951 3990; x_wconf 83' lang='lat' dir='ltr'><strong>hic</strong></span> <span class='ocrx_word' id='word_1_577' title='bbox 1982 3949 2034 3991; x_wconf 91' lang='lat' dir='ltr'><strong>et</strong></span> <span class='ocrx_word' id='word_1_578' title='bbox 2063 3938 2220 4008; x_wconf 79' lang='lat' dir='ltr'><strong>paulo</strong></span> <span class='ocrx_word' id='word_1_579' title='bbox 2252 3950 2373 4007; x_wconf 87' lang='lat' dir='ltr'><strong>post</strong></span> <span class='ocrx_word' id='word_1_580' title='bbox 2420 3941 2521 3995; x_wconf 79' lang='lat' dir='ltr'><strong>ha-</strong></span> 
     </span>
    </p>
   </div>
   <div class='ocr_carea' id='block_1_132' title="bbox 1490 4009 2054 4075">
    <p class='ocr_par' dir='ltr' id='par_1_132' title="bbox 1490 4009 2054 4075">
     <span class='ocr_line' id='line_1_134' title="bbox 1490 4009 2054 4075; baseline 0 -12"><span class='ocrx_word' id='word_1_581' title='bbox 1490 4010 1638 4070; x_wconf 81' lang='lat' dir='ltr'><strong>bent,</strong></span> <span class='ocrx_word' id='word_1_582' title='bbox 1675 4010 1728 4059; x_wconf 84' lang='lat' dir='ltr'><strong>in</strong></span> <span class='ocrx_word' id='word_1_583' title='bbox 1760 4009 2054 4075; x_wconf 78' lang='lat' dir='ltr'><strong>semetipso.</strong></span> 
     </span>
    </p>
   </div>
   <div class='ocr_carea' id='block_1_133' title="bbox 1549 4078 2524 4150">
    <p class='ocr_par' dir='ltr' id='par_1_133' title="bbox 1549 4078 2524 4150">
     <span class='ocr_line' id='line_1_135' title="bbox 1549 4078 2524 4150; baseline 0.002 -18"><span class='ocrx_word' id='word_1_584' title='bbox 1549 4078 1639 4150; x_wconf 28' lang='lat' dir='ltr'><strong>.Ob</strong></span> <span class='ocrx_word' id='word_1_585' title='bbox 1689 4078 1870 4150; x_wconf 81' lang='lat' dir='ltr'><strong>aliam.</strong></span> <span class='ocrx_word' id='word_1_586' title='bbox 1922 4079 2095 4150; x_wconf 64' lang='lat' dir='ltr'><strong>Edntt.</strong></span> <span class='ocrx_word' id='word_1_587' title='bbox 2148 4094 2272 4136; x_wconf 90' lang='lat' dir='ltr'><strong>cum</strong></span> <span class='ocrx_word' id='word_1_588' title='bbox 2322 4081 2418 4138; x_wconf 84' lang='lat' dir='ltr'><strong>Ar.</strong></span> <span class='ocrx_word' id='word_1_589' title='bbox 2469 4091 2524 4137; x_wconf 89' lang='lat' dir='ltr'><strong>et</strong></span> 
     </span>
    </p>
   </div>
   <div class='ocr_carea' id='block_1_134' title="bbox 1490 4147 2124 4204">
    <p class='ocr_par' dir='ltr' id='par_1_134' title="bbox 1490 4147 2124 4204">
     <span class='ocr_line' id='line_1_136' title="bbox 1490 4147 2124 4204; baseline -0.003 -1"><span class='ocrx_word' id='word_1_590' title='bbox 1490 4147 1657 4204; x_wconf 76' lang='lat' dir='ltr'><strong>Merc.</strong></span> <span class='ocrx_word' id='word_1_591' title='bbox 1693 4148 1752 4199; x_wconf 86' lang='lat'><strong>2.</strong></span> <span class='ocrx_word' id='word_1_592' title='bbox 1788 4147 1848 4199; x_wconf 89' lang='lat' dir='ltr'><strong>ob</strong></span> <span class='ocrx_word' id='word_1_593' title='bbox 1879 4148 2124 4201; x_wconf 85' lang='lat' dir='ltr'><strong>alteram.</strong></span> 
     </span>
    </p>
   </div>
   <div class='ocr_carea' id='block_1_135' title="bbox 1566 4218 2521 4291">
    <p class='ocr_par' dir='ltr' id='par_1_135' title="bbox 1566 4218 2521 4291">
     <span class='ocr_line' id='line_1_137' title="bbox 1566 4218 2521 4291; baseline 0.005 -19"><span class='ocrx_word' id='word_1_594' title='bbox 1566 4218 1901 4291; x_wconf 79' lang='lat' dir='ltr'><strong>Testificatur</strong></span> <span class='ocrx_word' id='word_1_595' title='bbox 1937 4219 2116 4285; x_wconf 85' lang='lat' dir='ltr'><strong>Apost.</strong></span> <span class='ocrx_word' id='word_1_596' title='bbox 2152 4218 2249 4275; x_wconf 90' lang='lat' dir='ltr'><strong>Iid.</strong></span> <span class='ocrx_word' id='word_1_597' title='bbox 2276 4221 2521 4291; x_wconf 82' lang='lat' dir='ltr'><strong>(excepto</strong></span> 
     </span>
    </p>
   </div>
   <div class='ocr_carea' id='block_1_136' title="bbox 1492 4290 2028 4348">
    <p class='ocr_par' dir='ltr' id='par_1_136' title="bbox 1492 4290 2028 4348">
     <span class='ocr_line' id='line_1_138' title="bbox 1492 4290 2028 4348; baseline -0.011 -2"><span class='ocrx_word' id='word_1_598' title='bbox 1492 4290 1655 4345; x_wconf 80' lang='lat' dir='ltr'><strong>Merc.</strong></span> <span class='ocrx_word' id='word_1_599' title='bbox 1683 4290 1758 4348; x_wconf 83' lang='grc'><strong>1.)</strong></span> <span class='ocrx_word' id='word_1_600' title='bbox 1787 4297 2028 4340; x_wconf 75' lang='lat' dir='ltr'><strong>testatur.</strong></span> 
     </span>
    </p>
   </div>
   <div class='ocr_carea' id='block_1_137' title="bbox 1561 4356 2519 4430">
    <p class='ocr_par' dir='ltr' id='par_1_137' title="bbox 1561 4356 2519 4430">
     <span class='ocr_line' id='line_1_139' title="bbox 1561 4356 2519 4430; baseline 0.002 -15"><span class='ocrx_word' id='word_1_601' title='bbox 1561 4361 1686 4415; x_wconf 88' lang='grc'><strong>511.</strong></span> <span class='ocrx_word' id='word_1_602' title='bbox 1712 4356 2080 4430; x_wconf 82' lang='lat' dir='ltr'><strong>Propter_ttoc.</strong></span> <span class='ocrx_word' id='word_1_603' title='bbox 2109 4360 2203 4416; x_wconf 88' lang='lat' dir='ltr'><strong>Iid.</strong></span> <span class='ocrx_word' id='word_1_604' title='bbox 2229 4371 2519 4430; x_wconf 86' lang='lat' dir='ltr'><strong>propterea.</strong></span> 
     </span>
    </p>
   </div>
   <div class='ocr_carea' id='block_1_138' title="bbox 1564 4427 2525 4495">
    <p class='ocr_par' dir='ltr' id='par_1_138' title="bbox 1564 4427 2525 4495">
     <span class='ocr_line' id='line_1_140' title="bbox 1564 4427 2525 4495; baseline 0.006 -14"><span class='ocrx_word' id='word_1_605' title='bbox 1564 4430 1694 4495; x_wconf 71' lang='lat' dir='ltr'><strong>Qua:</strong></span> <span class='ocrx_word' id='word_1_606' title='bbox 1723 4437 1799 4481; x_wconf 81' lang='lat' dir='ltr'><strong>est</strong></span> <span class='ocrx_word' id='word_1_607' title='bbox 1828 4431 1893 4480; x_wconf 88' lang='lat' dir='ltr'><strong>ad</strong></span> <span class='ocrx_word' id='word_1_608' title='bbox 1924 4427 2205 4485; x_wconf 87' lang='lat' dir='ltr'><strong>Romanos.</strong></span> <span class='ocrx_word' id='word_1_609' title='bbox 2229 4427 2334 4486; x_wconf 75' lang='lat' dir='ltr'><strong>iid.</strong></span> <span class='ocrx_word' id='word_1_610' title='bbox 2363 4432 2525 4487; x_wconf 86' lang='lat' dir='ltr'><strong>omit-</strong></span> 
     </span>
    </p>
   </div>
   <div class='ocr_carea' id='block_1_139' title="bbox 1495 4510 1873 4568">
    <p class='ocr_par' dir='ltr' id='par_1_139' title="bbox 1495 4510 1873 4568">
     <span class='ocr_line' id='line_1_141' title="bbox 1495 4510 1873 4568; baseline -0.013 -13"><span class='ocrx_word' id='word_1_611' title='bbox 1495 4512 1606 4555; x_wconf 88' lang='lat' dir='ltr'><strong>ttmt</strong></span> <span class='ocrx_word' id='word_1_612' title='bbox 1640 4516 1755 4568; x_wconf 77' lang='lat' dir='ltr'><strong>qua:</strong></span> <span class='ocrx_word' id='word_1_613' title='bbox 1780 4510 1873 4552; x_wconf 89' lang='lat' dir='ltr'><strong>est.</strong></span> 
     </span>
    </p>
   </div>
   <div class='ocr_carea' id='block_1_140' title="bbox 1566 4569 2259 4626">
    <p class='ocr_par' dir='ltr' id='par_1_140' title="bbox 1566 4569 2259 4626">
     <span class='ocr_line' id='line_1_142' title="bbox 1566 4569 2259 4626; baseline 0.004 -3"><span class='ocrx_word' id='word_1_614' title='bbox 1566 4570 1790 4623; x_wconf 61' lang='lat' dir='ltr'><strong>Ttt&#39;scis.</strong></span> <span class='ocrx_word' id='word_1_615' title='bbox 1827 4569 1982 4624; x_wconf 64' lang='grc' dir='ltr'><strong>νοτε.</strong></span> <span class='ocrx_word' id='word_1_616' title='bbox 2016 4581 2070 4625; x_wconf 86' lang='lat' dir='ltr'><strong>tu</strong></span> <span class='ocrx_word' id='word_1_617' title='bbox 2092 4572 2259 4626; x_wconf 83' lang='lat' dir='ltr'><strong>scisti.</strong></span> 
     </span>
    </p>
   </div>
   <div class='ocr_carea' id='block_1_141' title="bbox 1567 4640 2521 4705">
    <p class='ocr_par' dir='ltr' id='par_1_141' title="bbox 1567 4640 2521 4705">
     <span class='ocr_line' id='line_1_143' title="bbox 1567 4640 2521 4705; baseline 0.003 -12"><span class='ocrx_word' id='word_1_618' title='bbox 1567 4642 1828 4705; x_wconf 81' lang='lat' dir='ltr'><strong>Habeant.</strong></span> <span class='ocrx_word' id='word_1_619' title='bbox 1865 4640 2027 4699; x_wconf 70' lang='lat' dir='ltr'><strong>Edilt.</strong></span> <span class='ocrx_word' id='word_1_620' title='bbox 2068 4660 2190 4698; x_wconf 86' lang='lat' dir='ltr'><strong>cum</strong></span> <span class='ocrx_word' id='word_1_621' title='bbox 2229 4643 2323 4695; x_wconf 82' lang='lat' dir='ltr'><strong>Ar.</strong></span> <span class='ocrx_word' id='word_1_622' title='bbox 2360 4642 2521 4696; x_wconf 81' lang='lat' dir='ltr'><strong>liabe-</strong></span> 
     </span>
    </p>
   </div>
   <div class='ocr_carea' id='block_1_142' title="bbox 1493 4713 1636 4765">
    <p class='ocr_par' dir='ltr' id='par_1_142' title="bbox 1493 4713 1636 4765">
     <span class='ocr_line' id='line_1_144' title="bbox 1493 4713 1636 4765; baseline 0 0"><span class='ocrx_word' id='word_1_623' title='bbox 1493 4713 1636 4765; x_wconf 87' lang='lat' dir='ltr'><strong>baut.</strong></span> 
     </span>
    </p>
   </div>
   <div class='ocr_carea' id='block_1_143' title="bbox 1565 4780 2413 4850">
    <p class='ocr_par' dir='ltr' id='par_1_143' title="bbox 1565 4780 2413 4850">
     <span class='ocr_line' id='line_1_145' title="bbox 1565 4780 2413 4850; baseline 0.002 -17"><span class='ocrx_word' id='word_1_624' title='bbox 1565 4780 2049 4846; x_wconf 63' lang='lat' dir='ltr'><strong>QuasrerentNoss.</strong></span> <span class='ocrx_word' id='word_1_625' title='bbox 2072 4783 2413 4850; x_wconf 83' lang='lat' dir='ltr'><strong>requirerent.</strong></span> 
     </span>
    </p>
   </div>
   <div class='ocr_carea' id='block_1_144' title="bbox 1563 4851 2521 4921">
    <p class='ocr_par' dir='ltr' id='par_1_144' title="bbox 1563 4851 2521 4921">
     <span class='ocr_line' id='line_1_146' title="bbox 1563 4851 2521 4921; baseline 0.002 -16"><span class='ocrx_word' id='word_1_626' title='bbox 1563 4858 1639 4905; x_wconf 80' lang='lat' dir='ltr'><strong>An</strong></span> <span class='ocrx_word' id='word_1_627' title='bbox 1654 4869 1811 4918; x_wconf 82' lang='lat' dir='ltr'><strong>paren</strong></span> <span class='ocrx_word' id='word_1_628' title='bbox 1840 4870 1868 4903; x_wconf 88' lang='lat' dir='ltr'><strong>tt</strong></span> <span class='ocrx_word' id='word_1_629' title='bbox 1878 4851 2105 4911; x_wconf 68' lang='lat' dir='ltr'><strong>nt.Voss.</strong></span> <span class='ocrx_word' id='word_1_630' title='bbox 2121 4864 2289 4921; x_wconf 82' lang='lat' dir='ltr'><strong>autpa</strong></span> <span class='ocrx_word' id='word_1_631' title='bbox 2300 4864 2521 4917; x_wconf 80' lang='lat' dir='ltr'><strong>rentum.</strong></span> 
     </span>
    </p>
   </div>
   <div class='ocr_carea' id='block_1_145' title="bbox 1568 4921 2521 4989">
    <p class='ocr_par' dir='ltr' id='par_1_145' title="bbox 1568 4921 2521 4989">
     <span class='ocr_line' id='line_1_147' title="bbox 1568 4921 2521 4989; baseline 0.002 -16"><span class='ocrx_word' id='word_1_632' title='bbox 1568 4925 1899 4989; x_wconf 80' lang='lat' dir='ltr'><strong>Quapropter</strong></span> <span class='ocrx_word' id='word_1_633' title='bbox 1925 4931 1994 4974; x_wconf 88' lang='lat' dir='ltr'><strong>et.</strong></span> <span class='ocrx_word' id='word_1_634' title='bbox 2053 4921 2121 4975; x_wconf 78' lang='lat' dir='ltr'><strong>Et</strong></span> <span class='ocrx_word' id='word_1_635' title='bbox 2149 4925 2302 4977; x_wconf 77' lang='lat' dir='ltr'><strong>deest</strong></span> <span class='ocrx_word' id='word_1_636' title='bbox 2335 4927 2385 4978; x_wconf 87' lang='lat' dir='ltr'><strong>iu</strong></span> <span class='ocrx_word' id='word_1_637' title='bbox 2431 4923 2521 4977; x_wconf 80' lang='lat' dir='ltr'><strong>Er.</strong></span> 
     </span>
    </p>
   </div>
   <div class='ocr_carea' id='block_1_146' title="bbox 1494 4992 2274 5057">
    <p class='ocr_par' dir='ltr' id='par_1_146' title="bbox 1494 4992 2274 5057">
     <span class='ocr_line' id='line_1_148' title="bbox 1494 4992 2274 5057; baseline -0.004 -9"><span class='ocrx_word' id='word_1_638' title='bbox 1494 4994 1630 5048; x_wconf 71' lang='lat' dir='ltr'><strong>Gali.</strong></span> <span class='ocrx_word' id='word_1_639' title='bbox 1663 4992 1793 5048; x_wconf 85' lang='lat' dir='ltr'><strong>Feu.</strong></span> <span class='ocrx_word' id='word_1_640' title='bbox 1830 4998 1919 5046; x_wconf 72' lang='lat' dir='ltr'><strong>Ar.</strong></span> <span class='ocrx_word' id='word_1_641' title='bbox 1951 5004 2005 5046; x_wconf 92' lang='lat' dir='ltr'><strong>et</strong></span> <span class='ocrx_word' id='word_1_642' title='bbox 2034 4994 2194 5047; x_wconf 81' lang='lat' dir='ltr'><strong>Merc.</strong></span> <span class='ocrx_word' id='word_1_643' title='bbox 2220 4993 2274 5057; x_wconf 73' lang='grc'><strong>2.</strong></span> 
     </span>
    </p>
   </div>
   <div class='ocr_carea' id='block_1_147' title="bbox 1561 5061 2520 5137">
    <p class='ocr_par' dir='ltr' id='par_1_147' title="bbox 1561 5061 2520 5137">
     <span class='ocr_line' id='line_1_149' title="bbox 1561 5061 2520 5137; baseline -0.001 -20"><span class='ocrx_word' id='word_1_644' title='bbox 1561 5064 1686 5137; x_wconf 74' lang='lat'><strong>512.</strong></span> <span class='ocrx_word' id='word_1_645' title='bbox 1704 5061 1775 5137; x_wconf 86' lang='lat' dir='ltr'><strong>_ln</strong></span> <span class='ocrx_word' id='word_1_646' title='bbox 1806 5063 2105 5137; x_wconf 78' lang='lat' dir='ltr'><strong>manifesto.</strong></span> <span class='ocrx_word' id='word_1_647' title='bbox 2141 5062 2243 5116; x_wconf 85' lang='lat' dir='ltr'><strong>iid.</strong></span> <span class='ocrx_word' id='word_1_648' title='bbox 2274 5064 2520 5137; x_wconf 79' lang='lat' dir='ltr'><strong>(excepto</strong></span> 
     </span>
    </p>
   </div>
   <div class='ocr_carea' id='block_1_148' title="bbox 1490 5132 2523 5207">
    <p class='ocr_par' dir='ltr' id='par_1_148' title="bbox 1490 5132 2523 5207">
     <span class='ocr_line' id='line_1_150' title="bbox 1490 5132 2523 5207; baseline -0.002 -19"><span class='ocrx_word' id='word_1_649' title='bbox 1490 5132 1722 5203; x_wconf 80' lang='lat' dir='ltr'><strong>Aruad.)</strong></span> <span class='ocrx_word' id='word_1_650' title='bbox 1759 5136 1847 5187; x_wconf 87' lang='lat' dir='ltr'><strong>hic</strong></span> <span class='ocrx_word' id='word_1_651' title='bbox 1894 5144 1949 5189; x_wconf 84' lang='lat' dir='ltr'><strong>et</strong></span> <span class='ocrx_word' id='word_1_652' title='bbox 1982 5135 2144 5205; x_wconf 83' lang='lat' dir='ltr'><strong>paulo</strong></span> <span class='ocrx_word' id='word_1_653' title='bbox 2187 5145 2307 5207; x_wconf 87' lang='lat' dir='ltr'><strong>post</strong></span> <span class='ocrx_word' id='word_1_654' title='bbox 2352 5132 2523 5186; x_wconf 82' lang='lat' dir='ltr'><strong>maui-</strong></span> 
     </span>
    </p>
   </div>
   <div class='ocr_carea' id='block_1_149' title="bbox 1488 5207 1637 5273">
    <p class='ocr_par' dir='ltr' id='par_1_149' title="bbox 1488 5207 1637 5273">
     <span class='ocr_line' id='line_1_151' title="bbox 1488 5207 1637 5273; baseline 0 -16"><span class='ocrx_word' id='word_1_655' title='bbox 1488 5207 1637 5273; x_wconf 58' lang='lat' dir='ltr'><strong>fuste.</strong></span> 
     </span>
    </p>
   </div>
   <div class='ocr_carea' id='block_1_150' title="bbox 1560 5273 2523 5331">
    <p class='ocr_par' dir='ltr' id='par_1_150' title="bbox 1560 5273 2523 5331">
     <span class='ocr_line' id='line_1_152' title="bbox 1560 5273 2523 5331; baseline 0 -5"><span class='ocrx_word' id='word_1_656' title='bbox 1560 5273 1645 5328; x_wconf 78' lang='lat' dir='ltr'><strong>Ea:</strong></span> <span class='ocrx_word' id='word_1_657' title='bbox 1708 5286 1873 5329; x_wconf 89' lang='lat' dir='ltr'><strong>utero.</strong></span> <span class='ocrx_word' id='word_1_658' title='bbox 1937 5274 2082 5329; x_wconf 85' lang='lat' dir='ltr'><strong>Clar.</strong></span> <span class='ocrx_word' id='word_1_659' title='bbox 2139 5284 2195 5329; x_wconf 85' lang='lat' dir='ltr'><strong>et</strong></span> <span class='ocrx_word' id='word_1_660' title='bbox 2248 5274 2404 5331; x_wconf 84' lang='lat' dir='ltr'><strong>Voss.</strong></span> <span class='ocrx_word' id='word_1_661' title='bbox 2460 5274 2523 5327; x_wconf 89' lang='lat' dir='ltr'><strong>de</strong></span> 
     </span>
    </p>
   </div>
   <div class='ocr_carea' id='block_1_151' title="bbox 1487 5362 1653 5400">
    <p class='ocr_par' dir='ltr' id='par_1_151' title="bbox 1487 5362 1653 5400">
     <span class='ocr_line' id='line_1_153' title="bbox 1487 5362 1653 5400; baseline 0 -2"><span class='ocrx_word' id='word_1_662' title='bbox 1487 5362 1653 5400; x_wconf 87' lang='lat' dir='ltr'><strong>u&#39;ero.</strong></span> 
     </span>
    </p>
   </div>
   <div class='ocr_carea' id='block_1_152' title="bbox 1560 5414 2520 5475">
    <p class='ocr_par' dir='ltr' id='par_1_152' title="bbox 1560 5414 2520 5475">
     <span class='ocr_line' id='line_1_154' title="bbox 1560 5414 2520 5475; baseline -0.001 -4"><span class='ocrx_word' id='word_1_663' title='bbox 1560 5417 1743 5471; x_wconf 79' lang='lat' dir='ltr'><strong>Ctecus</strong></span> <span class='ocrx_word' id='word_1_664' title='bbox 1790 5426 1923 5471; x_wconf 90' lang='lat' dir='ltr'><strong>erat.</strong></span> <span class='ocrx_word' id='word_1_665' title='bbox 1973 5416 2065 5472; x_wconf 85' lang='lat' dir='ltr'><strong>Er.</strong></span> <span class='ocrx_word' id='word_1_666' title='bbox 2109 5415 2245 5475; x_wconf 78' lang='lat' dir='ltr'><strong>Gall.</strong></span> <span class='ocrx_word' id='word_1_667' title='bbox 2293 5424 2349 5469; x_wconf 91' lang='lat' dir='ltr'><strong>et</strong></span> <span class='ocrx_word' id='word_1_668' title='bbox 2386 5414 2520 5470; x_wconf 81' lang='lat' dir='ltr'><strong>Feu.</strong></span> 
     </span>
    </p>
   </div>
   <div class='ocr_carea' id='block_1_153' title="bbox 1490 5489 1683 5551">
    <p class='ocr_par' dir='ltr' id='par_1_153' title="bbox 1490 5489 1683 5551">
     <span class='ocr_line' id='line_1_155' title="bbox 1490 5489 1683 5551; baseline -0.016 -9"><span class='ocrx_word' id='word_1_669' title='bbox 1490 5489 1683 5551; x_wconf 78' lang='lat' dir='ltr'><strong>fuerat.</strong></span> 
     </span>
    </p>
   </div>
   <div class='ocr_carea' id='block_1_154' title="bbox 1492 5553 2518 5614">
    <p class='ocr_par' dir='ltr' id='par_1_154' title="bbox 1492 5553 2518 5614">
     <span class='ocr_line' id='line_1_156' title="bbox 1492 5553 2518 5614; baseline 0.001 -3"><span class='ocrx_word' id='word_1_670' title='bbox 1492 5553 1498 5559; x_wconf 84' lang='grc'><em>’</em></span> <span class='ocrx_word' id='word_1_671' title='bbox 1564 5558 1651 5611; x_wconf 77' lang='lat' dir='ltr'><strong>Sic</strong></span> <span class='ocrx_word' id='word_1_672' title='bbox 1680 5560 1754 5612; x_wconf 88' lang='lat' dir='ltr'><strong>iu.</strong></span> <span class='ocrx_word' id='word_1_673' title='bbox 1804 5558 1969 5613; x_wconf 74' lang='lat' dir='ltr'><strong>Editt.</strong></span> <span class='ocrx_word' id='word_1_674' title='bbox 1997 5574 2121 5614; x_wconf 90' lang='lat' dir='ltr'><strong>cum</strong></span> <span class='ocrx_word' id='word_1_675' title='bbox 2158 5557 2252 5612; x_wconf 84' lang='lat' dir='ltr'><strong>Ar.</strong></span> <span class='ocrx_word' id='word_1_676' title='bbox 2282 5558 2518 5612; x_wconf 85' lang='lat' dir='ltr'><strong>interse-</strong></span> 
     </span>
    </p>
   </div>
   <div class='ocr_carea' id='block_1_155' title="bbox 1493 5638 1713 5684">
    <p class='ocr_par' dir='ltr' id='par_1_155' title="bbox 1493 5638 1713 5684">
     <span class='ocr_line' id='line_1_157' title="bbox 1493 5638 1713 5684; baseline -0.014 0"><span class='ocrx_word' id='word_1_677' title='bbox 1493 5642 1617 5684; x_wconf 82' lang='lat' dir='ltr'><strong>runt</strong></span> <span class='ocrx_word' id='word_1_678' title='bbox 1645 5638 1713 5682; x_wconf 86' lang='lat' dir='ltr'><strong>et.</strong></span> 
     </span>
    </p>
   </div>
   <div class='ocr_carea' id='block_1_156' title="bbox 1563 5698 2523 5769">
    <p class='ocr_par' dir='ltr' id='par_1_156' title="bbox 1563 5698 2523 5769">
     <span class='ocr_line' id='line_1_158' title="bbox 1563 5698 2523 5769; baseline 0.002 -16"><span class='ocrx_word' id='word_1_679' title='bbox 1563 5701 1736 5769; x_wconf 72' lang='lat' dir='ltr'><strong>Usque</strong></span> <span class='ocrx_word' id='word_1_680' title='bbox 1788 5700 1861 5752; x_wconf 89' lang='lat' dir='ltr'><strong>in.</strong></span> <span class='ocrx_word' id='word_1_681' title='bbox 1914 5698 2080 5754; x_wconf 77' lang='lat' dir='ltr'><strong>Editt.</strong></span> <span class='ocrx_word' id='word_1_682' title='bbox 2134 5714 2258 5755; x_wconf 84' lang='lat' dir='ltr'><strong>cum</strong></span> <span class='ocrx_word' id='word_1_683' title='bbox 2314 5700 2409 5757; x_wconf 85' lang='lat' dir='ltr'><strong>Ar.</strong></span> <span class='ocrx_word' id='word_1_684' title='bbox 2469 5708 2523 5765; x_wconf 90' lang='lat' dir='ltr'><strong>ct</strong></span> 
     </span>
    </p>
   </div>
   <div class='ocr_carea' id='block_1_157' title="bbox 1494 5771 2057 5850">
    <p class='ocr_par' dir='ltr' id='par_1_157' title="bbox 1494 5771 2057 5850">
     <span class='ocr_line' id='line_1_159' title="bbox 1494 5771 2057 5850; baseline -0.004 -23"><span class='ocrx_word' id='word_1_685' title='bbox 1494 5773 1656 5828; x_wconf 65' lang='lat' dir='ltr'><strong>Merc.</strong></span> <span class='ocrx_word' id='word_1_686' title='bbox 1686 5771 1739 5847; x_wconf 56' lang='lat'><strong>2,</strong></span> <span class='ocrx_word' id='word_1_687' title='bbox 1776 5786 1936 5850; x_wconf 74' lang='lat' dir='ltr'><strong>usque</strong></span> <span class='ocrx_word' id='word_1_688' title='bbox 1967 5773 2057 5833; x_wconf 78' lang='lat' dir='ltr'><strong>ad.</strong></span> 
     </span>
    </p>
   </div>
   <div class='ocr_carea' id='block_1_158' title="bbox 3503 338 3660 392">
    <p class='ocr_par' dir='ltr' id='par_1_158' title="bbox 3503 338 3660 392">
     <span class='ocr_line' id='line_1_160' title="bbox 3503 338 3660 392; baseline 0 -1"><span class='ocrx_word' id='word_1_689' title='bbox 3503 338 3660 392; x_wconf 73' lang='grc'><strong>1878</strong></span> 
     </span>
    </p>
   </div>
   <div class='ocr_carea' id='block_1_159' title="bbox 2679 449 3654 509">
    <p class='ocr_par' dir='ltr' id='par_1_159' title="bbox 2679 449 3654 509">
     <span class='ocr_line' id='line_1_161' title="bbox 2679 449 3654 509; baseline -0.004 -2"><span class='ocrx_word' id='word_1_690' title='bbox 2679 452 2879 508; x_wconf 77' lang='lat' dir='ltr'><strong>P.5I2.</strong></span> <span class='ocrx_word' id='word_1_691' title='bbox 2912 451 3149 509; x_wconf 82' lang='lat' dir='ltr'><strong>Format.</strong></span> <span class='ocrx_word' id='word_1_692' title='bbox 3178 450 3275 505; x_wconf 82' lang='lat' dir='ltr'><strong>Er.</strong></span> <span class='ocrx_word' id='word_1_693' title='bbox 3310 449 3452 506; x_wconf 83' lang='lat' dir='ltr'><strong>Call.</strong></span> <span class='ocrx_word' id='word_1_694' title='bbox 3504 451 3654 505; x_wconf 79' lang='lat' dir='ltr'><strong>Feu.</strong></span> 
     </span>
    </p>
   </div>
   <div class='ocr_carea' id='block_1_160' title="bbox 2607 520 3657 586">
    <p class='ocr_par' dir='ltr' id='par_1_160' title="bbox 2607 520 3657 586">
     <span class='ocr_line' id='line_1_162' title="bbox 2607 520 3657 586; baseline -0.001 -11"><span class='ocrx_word' id='word_1_695' title='bbox 2607 535 2727 575; x_wconf 88' lang='lat' dir='ltr'><strong>cum</strong></span> <span class='ocrx_word' id='word_1_696' title='bbox 2747 525 2948 578; x_wconf 83' lang='lat' dir='ltr'><strong>Arund.</strong></span> <span class='ocrx_word' id='word_1_697' title='bbox 2984 532 3037 575; x_wconf 90' lang='lat' dir='ltr'><strong>et</strong></span> <span class='ocrx_word' id='word_1_698' title='bbox 3058 522 3225 575; x_wconf 81' lang='lat' dir='ltr'><strong>Merc.</strong></span> <span class='ocrx_word' id='word_1_699' title='bbox 3243 520 3296 573; x_wconf 86' lang='lat'><strong>2.</strong></span> <span class='ocrx_word' id='word_1_700' title='bbox 3316 523 3627 586; x_wconf 70' lang='lat' dir='ltr'><strong>conformat</strong></span> <span class='ocrx_word' id='word_1_701' title='bbox 3643 558 3657 574; x_wconf 94' lang='lat'><strong>.</strong></span> 
     </span>
    </p>
   </div>
   <div class='ocr_carea' id='block_1_161' title="bbox 2678 587 3655 659">
    <p class='ocr_par' dir='ltr' id='par_1_161' title="bbox 2678 587 3655 659">
     <span class='ocr_line' id='line_1_163' title="bbox 2678 587 3655 659; baseline 0 -15"><span class='ocrx_word' id='word_1_702' title='bbox 2678 592 2803 646; x_wconf 84' lang='grc'><strong>515.</strong></span> <span class='ocrx_word' id='word_1_703' title='bbox 2873 591 3237 659; x_wconf 79' lang='lat' dir='ltr'><strong>Conﬁrmaait.</strong></span> <span class='ocrx_word' id='word_1_704' title='bbox 3290 587 3520 645; x_wconf 83' lang='lat' dir='ltr'><strong>Otthob.</strong></span> <span class='ocrx_word' id='word_1_705' title='bbox 3591 602 3655 644; x_wconf 77' lang='lat' dir='ltr'><strong>et</strong></span> 
     </span>
    </p>
   </div>
   <div class='ocr_carea' id='block_1_162' title="bbox 2608 659 3147 730">
    <p class='ocr_par' dir='ltr' id='par_1_162' title="bbox 2608 659 3147 730">
     <span class='ocr_line' id='line_1_164' title="bbox 2608 659 3147 730; baseline -0.002 -15"><span class='ocrx_word' id='word_1_706' title='bbox 2608 659 2773 715; x_wconf 77' lang='lat' dir='ltr'><strong>Merc.</strong></span> <span class='ocrx_word' id='word_1_707' title='bbox 2803 662 2857 715; x_wconf 92' lang='lat'><strong>2.</strong></span> <span class='ocrx_word' id='word_1_708' title='bbox 2894 662 3147 730; x_wconf 67' lang='lat' dir='ltr'><strong>ﬁrmavit.</strong></span> 
     </span>
    </p>
   </div>
   <div class='ocr_carea' id='block_1_163' title="bbox 2677 726 3655 784">
    <p class='ocr_par' dir='ltr' id='par_1_163' title="bbox 2677 726 3655 784">
     <span class='ocr_line' id='line_1_165' title="bbox 2677 726 3655 784; baseline -0.003 0"><span class='ocrx_word' id='word_1_709' title='bbox 2677 734 2751 784; x_wconf 79' lang='lat' dir='ltr'><strong>Ab</strong></span> <span class='ocrx_word' id='word_1_710' title='bbox 2790 726 2958 784; x_wconf 84' lang='lat' dir='ltr'><strong>initio.</strong></span> <span class='ocrx_word' id='word_1_711' title='bbox 3010 728 3178 783; x_wconf 85' lang='lat' dir='ltr'><strong>Editt.</strong></span> <span class='ocrx_word' id='word_1_712' title='bbox 3224 738 3280 783; x_wconf 90' lang='lat' dir='ltr'><strong>et</strong></span> <span class='ocrx_word' id='word_1_713' title='bbox 3312 726 3485 783; x_wconf 75' lang='lat' dir='ltr'><strong>Merc.</strong></span> <span class='ocrx_word' id='word_1_714' title='bbox 3512 727 3571 783; x_wconf 88' lang='lat'><strong>2.</strong></span> <span class='ocrx_word' id='word_1_715' title='bbox 3615 743 3655 781; x_wconf 76' lang='lat' dir='ltr'><strong>ts</strong></span> 
     </span>
    </p>
   </div>
   <div class='ocr_carea' id='block_1_164' title="bbox 2602 801 2881 869">
    <p class='ocr_par' dir='ltr' id='par_1_164' title="bbox 2602 801 2881 869">
     <span class='ocr_line' id='line_1_166' title="bbox 2602 801 2881 869; baseline 0.004 -17"><span class='ocrx_word' id='word_1_716' title='bbox 2602 801 2881 869; x_wconf 82' lang='lat' dir='ltr'><strong>principio.</strong></span> 
     </span>
    </p>
   </div>
   <div class='ocr_carea' id='block_1_165' title="bbox 2672 867 3648 923">
    <p class='ocr_par' dir='ltr' id='par_1_165' title="bbox 2672 867 3648 923">
     <span class='ocr_line' id='line_1_167' title="bbox 2672 867 3648 923; baseline -0.002 -1"><span class='ocrx_word' id='word_1_717' title='bbox 2672 867 2914 923; x_wconf 80' lang='lat' dir='ltr'><strong>Restituit</strong></span> <span class='ocrx_word' id='word_1_718' title='bbox 2950 884 3063 921; x_wconf 88' lang='lat' dir='ltr'><strong>nos.</strong></span> <span class='ocrx_word' id='word_1_719' title='bbox 3099 868 3195 923; x_wconf 85' lang='lat' dir='ltr'><strong>Iid.</strong></span> <span class='ocrx_word' id='word_1_720' title='bbox 3223 867 3498 921; x_wconf 76' lang='lat' dir='ltr'><strong>constituit</strong></span> <span class='ocrx_word' id='word_1_721' title='bbox 3523 882 3648 921; x_wconf 77' lang='lat' dir='ltr'><strong>nos.</strong></span> 
     </span>
    </p>
   </div>
   <div class='ocr_carea' id='block_1_166' title="bbox 2674 936 3650 993">
    <p class='ocr_par' dir='ltr' id='par_1_166' title="bbox 2674 936 3650 993">
     <span class='ocr_line' id='line_1_168' title="bbox 2674 936 3650 993; baseline -0.006 -1"><span class='ocrx_word' id='word_1_722' title='bbox 2674 941 2739 992; x_wconf 74' lang='lat' dir='ltr'><strong>Et</strong></span> <span class='ocrx_word' id='word_1_723' title='bbox 2786 941 3004 992; x_wconf 87' lang='lat' dir='ltr'><strong>remitte.</strong></span> <span class='ocrx_word' id='word_1_724' title='bbox 3034 938 3196 992; x_wconf 82' lang='lat' dir='ltr'><strong>Merc.</strong></span> <span class='ocrx_word' id='word_1_725' title='bbox 3230 937 3284 991; x_wconf 90' lang='lat'><strong>2.</strong></span> <span class='ocrx_word' id='word_1_726' title='bbox 3325 946 3375 989; x_wconf 91' lang='lat' dir='ltr'><strong>et</strong></span> <span class='ocrx_word' id='word_1_727' title='bbox 3409 936 3650 993; x_wconf 74' lang='lat' dir='ltr'><strong>dimitte.</strong></span> 
     </span>
    </p>
   </div>
   <div class='ocr_carea' id='block_1_167' title="bbox 2673 1005 3651 1074">
    <p class='ocr_par' dir='ltr' id='par_1_167' title="bbox 2673 1005 3651 1074">
     <span class='ocr_line' id='line_1_169' title="bbox 2673 1005 3651 1074; baseline -0.003 -13"><span class='ocrx_word' id='word_1_728' title='bbox 2673 1008 2777 1074; x_wconf 85' lang='lat' dir='ltr'><strong>Qui</strong></span> <span class='ocrx_word' id='word_1_729' title='bbox 2808 1011 2962 1061; x_wconf 75' lang='lat' dir='ltr'><strong>dixit.</strong></span> <span class='ocrx_word' id='word_1_730' title='bbox 2991 1007 3082 1061; x_wconf 87' lang='lat' dir='ltr'><strong>Er.</strong></span> <span class='ocrx_word' id='word_1_731' title='bbox 3120 1008 3263 1063; x_wconf 83' lang='lat' dir='ltr'><strong>Gali.</strong></span> <span class='ocrx_word' id='word_1_732' title='bbox 3291 1005 3425 1058; x_wconf 80' lang='lat' dir='ltr'><strong>Feu.</strong></span> <span class='ocrx_word' id='word_1_733' title='bbox 3461 1007 3561 1058; x_wconf 83' lang='lat' dir='ltr'><strong>Ar.</strong></span> <span class='ocrx_word' id='word_1_734' title='bbox 3590 1014 3651 1058; x_wconf 78' lang='lat' dir='ltr'><strong>et</strong></span> 
     </span>
    </p>
   </div>
   <div class='ocr_carea' id='block_1_168' title="bbox 2601 1077 3031 1133">
    <p class='ocr_par' dir='ltr' id='par_1_168' title="bbox 2601 1077 3031 1133">
     <span class='ocr_line' id='line_1_170' title="bbox 2601 1077 3031 1133; baseline -0.005 -2"><span class='ocrx_word' id='word_1_735' title='bbox 2601 1077 2766 1133; x_wconf 77' lang='lat' dir='ltr'><strong>Merc.</strong></span> <span class='ocrx_word' id='word_1_736' title='bbox 2801 1077 2855 1130; x_wconf 91' lang='lat'><strong>2.</strong></span> <span class='ocrx_word' id='word_1_737' title='bbox 2883 1077 3031 1129; x_wconf 86' lang='lat' dir='ltr'><strong>dicit.</strong></span> 
     </span>
    </p>
   </div>
   <div class='ocr_carea' id='block_1_169' title="bbox 2669 1140 3649 1213">
    <p class='ocr_par' dir='ltr' id='par_1_169' title="bbox 2669 1140 3649 1213">
     <span class='ocr_line' id='line_1_171' title="bbox 2669 1140 3649 1213; baseline -0.006 -12"><span class='ocrx_word' id='word_1_738' title='bbox 2669 1149 2726 1201; x_wconf 83' lang='grc'><strong>51</strong></span> <span class='ocrx_word' id='word_1_739' title='bbox 2740 1147 2793 1200; x_wconf 73' lang='grc'><strong>4.</strong></span> <span class='ocrx_word' id='word_1_740' title='bbox 2814 1146 3121 1213; x_wconf 87' lang='lat' dir='ltr'><strong>Unigenitus</strong></span> <span class='ocrx_word' id='word_1_741' title='bbox 3139 1143 3333 1197; x_wconf 87' lang='lat' dir='ltr'><strong>Filius.</strong></span> <span class='ocrx_word' id='word_1_742' title='bbox 3354 1142 3412 1196; x_wconf 84' lang='lat' dir='ltr'><strong>In</strong></span> <span class='ocrx_word' id='word_1_743' title='bbox 3427 1140 3649 1197; x_wconf 83' lang='lat' dir='ltr'><strong>Arund.</strong></span> 
     </span>
    </p>
   </div>
   <div class='ocr_carea' id='block_1_170' title="bbox 2600 1215 3153 1272">
    <p class='ocr_par' dir='ltr' id='par_1_170' title="bbox 2600 1215 3153 1272">
     <span class='ocr_line' id='line_1_172' title="bbox 2600 1215 3153 1272; baseline -0.016 -1"><span class='ocrx_word' id='word_1_744' title='bbox 2600 1218 2751 1272; x_wconf 81' lang='lat' dir='ltr'><strong>deest</strong></span> <span class='ocrx_word' id='word_1_745' title='bbox 2785 1215 2976 1268; x_wconf 84' lang='lat' dir='ltr'><strong>Filius.</strong></span> <span class='ocrx_word' id='word_1_746' title='bbox 3146 1256 3153 1262; x_wconf 92' lang='lat'><strong>.</strong></span> 
     </span>
    </p>
   </div>
   <div class='ocr_carea' id='block_1_171' title="bbox 2683 1281 3648 1352">
    <p class='ocr_par' dir='ltr' id='par_1_171' title="bbox 2683 1281 3648 1352">
     <span class='ocr_line' id='line_1_173' title="bbox 2683 1281 3648 1352; baseline -0.005 -14"><span class='ocrx_word' id='word_1_747' title='bbox 2683 1285 2792 1340; x_wconf 74' lang='lat' dir='ltr'><strong>Vox</strong></span> <span class='ocrx_word' id='word_1_748' title='bbox 2843 1285 2959 1341; x_wconf 90' lang='lat' dir='ltr'><strong>Dei.</strong></span> <span class='ocrx_word' id='word_1_749' title='bbox 3014 1283 3115 1339; x_wconf 87' lang='lat' dir='ltr'><strong>Dei</strong></span> <span class='ocrx_word' id='word_1_750' title='bbox 3159 1299 3266 1339; x_wconf 89' lang='lat' dir='ltr'><strong>non</strong></span> <span class='ocrx_word' id='word_1_751' title='bbox 3321 1282 3528 1352; x_wconf 78' lang='lat' dir='ltr'><strong>legitur</strong></span> <span class='ocrx_word' id='word_1_752' title='bbox 3591 1281 3648 1334; x_wconf 77' lang='lat' dir='ltr'><strong>in</strong></span> 
     </span>
    </p>
   </div>
   <div class='ocr_carea' id='block_1_172' title="bbox 2601 1355 2850 1419">
    <p class='ocr_par' dir='ltr' id='par_1_172' title="bbox 2601 1355 2850 1419">
     <span class='ocr_line' id='line_1_174' title="bbox 2601 1355 2850 1419; baseline 0 -9"><span class='ocrx_word' id='word_1_753' title='bbox 2601 1355 2767 1410; x_wconf 84' lang='lat' dir='ltr'><strong>Merc.</strong></span> <span class='ocrx_word' id='word_1_754' title='bbox 2795 1356 2850 1419; x_wconf 89' lang='lat'><strong>2.</strong></span> 
     </span>
    </p>
   </div>
   <div class='ocr_carea' id='block_1_173' title="bbox 2673 1420 3649 1493">
    <p class='ocr_par' dir='ltr' id='par_1_173' title="bbox 2673 1420 3649 1493">
     <span class='ocr_line' id='line_1_175' title="bbox 2673 1420 3649 1493; baseline -0.011 -15"><span class='ocrx_word' id='word_1_755' title='bbox 2673 1424 3036 1493; x_wconf 79' lang='lat' dir='ltr'><strong>Manifestum.</strong></span> <span class='ocrx_word' id='word_1_756' title='bbox 3086 1421 3329 1493; x_wconf 74' lang='lat' dir='ltr'><strong>Clarom.</strong></span> <span class='ocrx_word' id='word_1_757' title='bbox 3406 1420 3649 1493; x_wconf 69' lang='lat' dir='ltr'><strong>manife-</strong></span> 
     </span>
    </p>
   </div>
   <div class='ocr_carea' id='block_1_174' title="bbox 2600 1490 3645 1557">
    <p class='ocr_par' dir='ltr' id='par_1_174' title="bbox 2600 1490 3645 1557">
     <span class='ocr_line' id='line_1_176' title="bbox 2600 1490 3645 1557; baseline -0.008 -8"><span class='ocrx_word' id='word_1_758' title='bbox 2600 1506 2770 1557; x_wconf 87' lang='lat' dir='ltr'><strong>stans;</strong></span> <span class='ocrx_word' id='word_1_759' title='bbox 2789 1490 3228 1547; x_wconf 41' lang='lat' dir='ltr'><strong>A&#39;rund.et5lerc.</strong></span> <span class='ocrx_word' id='word_1_760' title='bbox 3253 1490 3309 1542; x_wconf 87' lang='lat'><strong>2.</strong></span> <span class='ocrx_word' id='word_1_761' title='bbox 3333 1490 3645 1557; x_wconf 83' lang='lat' dir='ltr'><strong>manifeste,</strong></span> 
     </span>
    </p>
   </div>
   <div class='ocr_carea' id='block_1_175' title="bbox 2602 1562 3268 1631">
    <p class='ocr_par' dir='ltr' id='par_1_175' title="bbox 2602 1562 3268 1631">
     <span class='ocr_line' id='line_1_177' title="bbox 2602 1562 3268 1631; baseline -0.011 -11"><span class='ocrx_word' id='word_1_762' title='bbox 2602 1566 2768 1620; x_wconf 80' lang='lat' dir='ltr'><strong>Editt.</strong></span> <span class='ocrx_word' id='word_1_763' title='bbox 2803 1562 3143 1631; x_wconf 78' lang='lat' dir='ltr'><strong>manifestum</strong></span> <span class='ocrx_word' id='word_1_764' title='bbox 3173 1572 3268 1614; x_wconf 88' lang='lat' dir='ltr'><strong>est.</strong></span> 
     </span>
    </p>
   </div>
   <div class='ocr_carea' id='block_1_176' title="bbox 2680 1628 3651 1686">
    <p class='ocr_par' dir='ltr' id='par_1_176' title="bbox 2680 1628 3651 1686">
     <span class='ocr_line' id='line_1_178' title="bbox 2680 1628 3651 1686; baseline -0.004 0"><span class='ocrx_word' id='word_1_765' title='bbox 2680 1634 2897 1686; x_wconf 83' lang='lat' dir='ltr'><strong>Veniens</strong></span> <span class='ocrx_word' id='word_1_766' title='bbox 2945 1628 3119 1684; x_wconf 88' lang='lat' dir='ltr'><strong>autem</strong></span> <span class='ocrx_word' id='word_1_767' title='bbox 3149 1670 3163 1684; x_wconf 98' lang='lat'><strong>.</strong></span> <span class='ocrx_word' id='word_1_768' title='bbox 3193 1668 3208 1683; x_wconf 96' lang='lat'><strong>.</strong></span> <span class='ocrx_word' id='word_1_769' title='bbox 3236 1670 3252 1684; x_wconf 92' lang='lat'><strong>.</strong></span> <span class='ocrx_word' id='word_1_770' title='bbox 3286 1628 3362 1681; x_wconf 85' lang='lat' dir='ltr'><strong>in.</strong></span> <span class='ocrx_word' id='word_1_771' title='bbox 3395 1628 3569 1685; x_wconf 82' lang='lat' dir='ltr'><strong>Editt.</strong></span> <span class='ocrx_word' id='word_1_772' title='bbox 3593 1638 3651 1682; x_wconf 84' lang='lat' dir='ltr'><strong>et</strong></span> 
     </span>
    </p>
   </div>
   <div class='ocr_carea' id='block_1_177' title="bbox 2599 1700 3650 1769">
    <p class='ocr_par' dir='ltr' id='par_1_177' title="bbox 2599 1700 3650 1769">
     <span class='ocr_line' id='line_1_179' title="bbox 2599 1700 3650 1769; baseline -0.006 -12"><span class='ocrx_word' id='word_1_773' title='bbox 2599 1704 2805 1757; x_wconf 83' lang='lat' dir='ltr'><strong>Arund.</strong></span> <span class='ocrx_word' id='word_1_774' title='bbox 2832 1702 3091 1755; x_wconf 86' lang='lat' dir='ltr'><strong>omittunt</strong></span> <span class='ocrx_word' id='word_1_775' title='bbox 3131 1709 3330 1764; x_wconf 78' lang='lat' dir='ltr'><strong>autem,</strong></span> <span class='ocrx_word' id='word_1_776' title='bbox 3357 1708 3414 1753; x_wconf 81' lang='lat' dir='ltr'><strong>et</strong></span> <span class='ocrx_word' id='word_1_777' title='bbox 3452 1714 3555 1769; x_wconf 81' lang='lat' dir='ltr'><strong>pro</strong></span> <span class='ocrx_word' id='word_1_778' title='bbox 3587 1700 3650 1751; x_wconf 70' lang='lat' dir='ltr'><strong>in</strong></span> 
     </span>
    </p>
   </div>
   <div class='ocr_carea' id='block_1_178' title="bbox 2605 1773 2927 1827">
    <p class='ocr_par' dir='ltr' id='par_1_178' title="bbox 2605 1773 2927 1827">
     <span class='ocr_line' id='line_1_180' title="bbox 2605 1773 2927 1827; baseline -0.006 0"><span class='ocrx_word' id='word_1_779' title='bbox 2605 1775 2802 1827; x_wconf 78' lang='lat' dir='ltr'><strong>habent</strong></span> <span class='ocrx_word' id='word_1_780' title='bbox 2836 1773 2927 1825; x_wconf 90' lang='lat' dir='ltr'><strong>ad.</strong></span> 
     </span>
    </p>
   </div>
   <div class='ocr_carea' id='block_1_179' title="bbox 2677 1836 3433 1905">
    <p class='ocr_par' dir='ltr' id='par_1_179' title="bbox 2677 1836 3433 1905">
     <span class='ocr_line' id='line_1_181' title="bbox 2677 1836 3433 1905; baseline -0.003 -14"><span class='ocrx_word' id='word_1_781' title='bbox 2677 1842 2781 1905; x_wconf 87' lang='lat' dir='ltr'><strong>Qui</strong></span> <span class='ocrx_word' id='word_1_782' title='bbox 2814 1852 2953 1894; x_wconf 84' lang='lat' dir='ltr'><strong>ante.</strong></span> <span class='ocrx_word' id='word_1_783' title='bbox 2988 1838 3148 1893; x_wconf 79' lang='lat' dir='ltr'><strong>Merc.</strong></span> <span class='ocrx_word' id='word_1_784' title='bbox 3178 1838 3237 1891; x_wconf 89' lang='lat'><strong>2.</strong></span> <span class='ocrx_word' id='word_1_785' title='bbox 3262 1836 3433 1905; x_wconf 86' lang='lat' dir='ltr'><strong>quod.</strong></span> 
     </span>
    </p>
   </div>
   <div class='ocr_carea' id='block_1_180' title="bbox 2670 1906 3643 1973">
    <p class='ocr_par' dir='ltr' id='par_1_180' title="bbox 2670 1906 3643 1973">
     <span class='ocr_line' id='line_1_182' title="bbox 2670 1906 3643 1973; baseline -0.007 -9"><span class='ocrx_word' id='word_1_786' title='bbox 2670 1910 2791 1964; x_wconf 86' lang='grc'><strong>515.</strong></span> <span class='ocrx_word' id='word_1_787' title='bbox 2829 1910 2934 1973; x_wconf 90' lang='lat' dir='ltr'><strong>Qui</strong></span> <span class='ocrx_word' id='word_1_788' title='bbox 2971 1910 3252 1962; x_wconf 87' lang='lat' dir='ltr'><strong>contineat.</strong></span> <span class='ocrx_word' id='word_1_789' title='bbox 3293 1906 3532 1959; x_wconf 75' lang='lat' dir='ltr'><strong>Feuard.</strong></span> <span class='ocrx_word' id='word_1_790' title='bbox 3584 1906 3643 1957; x_wconf 83' lang='lat' dir='ltr'><strong>in</strong></span> 
     </span>
    </p>
   </div>
   <div class='ocr_carea' id='block_1_181' title="bbox 2602 1977 3529 2049">
    <p class='ocr_par' dir='ltr' id='par_1_181' title="bbox 2602 1977 3529 2049">
     <span class='ocr_line' id='line_1_183' title="bbox 2602 1977 3529 2049; baseline -0.006 -15"><span class='ocrx_word' id='word_1_791' title='bbox 2602 1996 2771 2049; x_wconf 78' lang='lat' dir='ltr'><strong>marg.</strong></span> <span class='ocrx_word' id='word_1_792' title='bbox 2799 1981 2959 2035; x_wconf 82' lang='lat' dir='ltr'><strong>Voss.</strong></span> <span class='ocrx_word' id='word_1_793' title='bbox 2994 1989 3052 2049; x_wconf 77' lang='lat' dir='ltr'><strong>et</strong></span> <span class='ocrx_word' id='word_1_794' title='bbox 3070 1977 3235 2049; x_wconf 52' lang='lat' dir='ltr'><strong>Grai).</strong></span> <span class='ocrx_word' id='word_1_795' title='bbox 3270 1980 3529 2049; x_wconf 53' lang='lat' dir='ltr'><strong>continet.</strong></span> 
     </span>
    </p>
   </div>
   <div class='ocr_carea' id='block_1_182' title="bbox 2672 2042 3645 2128">
    <p class='ocr_par' dir='ltr' id='par_1_182' title="bbox 2672 2042 3645 2128">
     <span class='ocr_line' id='line_1_184' title="bbox 2672 2042 3645 2128; baseline -0.002 -27"><span class='ocrx_word' id='word_1_796' title='bbox 2672 2042 2748 2101; x_wconf 81' lang='grc' dir='ltr'><strong>Εἴ</strong></span> <span class='ocrx_word' id='word_1_797' title='bbox 2786 2054 2850 2128; x_wconf 81' lang='lat' dir='ltr'><strong>ab</strong></span> <span class='ocrx_word' id='word_1_798' title='bbox 2900 2047 3121 2128; x_wconf 60' lang='lat' dir='ltr'><strong>angelis.</strong></span> <span class='ocrx_word' id='word_1_799' title='bbox 3177 2045 3330 2128; x_wconf 63' lang='lat' dir='ltr'><strong>liras.</strong></span> <span class='ocrx_word' id='word_1_800' title='bbox 3381 2042 3529 2097; x_wconf 69' lang='grc' dir='ltr'><strong>θείη.</strong></span> <span class='ocrx_word' id='word_1_801' title='bbox 3585 2052 3645 2099; x_wconf 80' lang='lat' dir='ltr'><strong>et</strong></span> 
     </span>
    </p>
   </div>
   <div class='ocr_carea' id='block_1_183' title="bbox 2600 2120 3213 2173">
    <p class='ocr_par' dir='ltr' id='par_1_183' title="bbox 2600 2120 3213 2173">
     <span class='ocr_line' id='line_1_185' title="bbox 2600 2120 3213 2173; baseline -0.011 1"><span class='ocrx_word' id='word_1_802' title='bbox 2600 2120 2835 2173; x_wconf 82' lang='lat' dir='ltr'><strong>Feuard.</strong></span> <span class='ocrx_word' id='word_1_803' title='bbox 2872 2120 3125 2171; x_wconf 85' lang='lat' dir='ltr'><strong>omittunt</strong></span> <span class='ocrx_word' id='word_1_804' title='bbox 3145 2124 3213 2168; x_wconf 88' lang='lat' dir='ltr'><strong>et.</strong></span> 
     </span>
    </p>
   </div>
   <div class='ocr_carea' id='block_1_184' title="bbox 2670 2182 3641 2250">
    <p class='ocr_par' dir='ltr' id='par_1_184' title="bbox 2670 2182 3641 2250">
     <span class='ocr_line' id='line_1_186' title="bbox 2670 2182 3641 2250; baseline -0.009 -7"><span class='ocrx_word' id='word_1_805' title='bbox 2670 2189 3061 2243; x_wconf 87' lang='lat' dir='ltr'><strong>Probationem.</strong></span> <span class='ocrx_word' id='word_1_806' title='bbox 3106 2185 3202 2239; x_wconf 87' lang='lat' dir='ltr'><strong>Iid.</strong></span> <span class='ocrx_word' id='word_1_807' title='bbox 3242 2182 3641 2250; x_wconf 81' lang='lat' dir='ltr'><strong>comprobatio-</strong></span> 
     </span>
    </p>
   </div>
   <div class='ocr_carea' id='block_1_185' title="bbox 2599 2276 2733 2315">
    <p class='ocr_par' dir='ltr' id='par_1_185' title="bbox 2599 2276 2733 2315">
     <span class='ocr_line' id='line_1_187' title="bbox 2599 2276 2733 2315; baseline -0.022 -2"><span class='ocrx_word' id='word_1_808' title='bbox 2599 2276 2733 2315; x_wconf 84' lang='lat' dir='ltr'><strong>nent.</strong></span> 
     </span>
    </p>
   </div>
   <div class='ocr_carea' id='block_1_186' title="bbox 2676 2325 3642 2385">
    <p class='ocr_par' dir='ltr' id='par_1_186' title="bbox 2676 2325 3642 2385">
     <span class='ocr_line' id='line_1_188' title="bbox 2676 2325 3642 2385; baseline 0.007 -7"><span class='ocrx_word' id='word_1_809' title='bbox 2676 2328 2862 2379; x_wconf 85' lang='lat' dir='ltr'><strong>Dicens</strong></span> <span class='ocrx_word' id='word_1_810' title='bbox 2918 2327 3011 2382; x_wconf 87' lang='lat' dir='ltr'><strong>sic.</strong></span> <span class='ocrx_word' id='word_1_811' title='bbox 3065 2325 3152 2379; x_wconf 82' lang='lat' dir='ltr'><strong>Sic</strong></span> <span class='ocrx_word' id='word_1_812' title='bbox 3233 2325 3486 2384; x_wconf 82' lang='lat' dir='ltr'><strong>deesl&#39;in</strong></span> <span class='ocrx_word' id='word_1_813' title='bbox 3540 2331 3642 2385; x_wconf 84' lang='lat' dir='ltr'><strong>Er.</strong></span> 
     </span>
    </p>
   </div>
   <div class='ocr_carea' id='block_1_187' title="bbox 2599 2394 3365 2456">
    <p class='ocr_par' dir='ltr' id='par_1_187' title="bbox 2599 2394 3365 2456">
     <span class='ocr_line' id='line_1_189' title="bbox 2599 2394 3365 2456; baseline 0.007 -10"><span class='ocrx_word' id='word_1_814' title='bbox 2599 2398 2738 2456; x_wconf 74' lang='lat' dir='ltr'><strong>G;.|l.</strong></span> <span class='ocrx_word' id='word_1_815' title='bbox 2769 2396 3000 2450; x_wconf 71' lang='lat' dir='ltr'><strong>Feuaril.</strong></span> <span class='ocrx_word' id='word_1_816' title='bbox 3028 2406 3082 2449; x_wconf 89' lang='lat' dir='ltr'><strong>ct</strong></span> <span class='ocrx_word' id='word_1_817' title='bbox 3108 2394 3275 2449; x_wconf 81' lang='lat' dir='ltr'><strong>Merc.</strong></span> <span class='ocrx_word' id='word_1_818' title='bbox 3309 2398 3365 2451; x_wconf 91' lang='lat'><strong>2.</strong></span> 
     </span>
    </p>
   </div>
   <div class='ocr_carea' id='block_1_188' title="bbox 2670 2462 3637 2535">
    <p class='ocr_par' dir='ltr' id='par_1_188' title="bbox 2670 2462 3637 2535">
     <span class='ocr_line' id='line_1_190' title="bbox 2670 2462 3637 2535; baseline 0.006 -19"><span class='ocrx_word' id='word_1_819' title='bbox 2670 2469 2932 2535; x_wconf 77' lang='lat' dir='ltr'><strong>Quotquot</strong></span> <span class='ocrx_word' id='word_1_820' title='bbox 2985 2475 3180 2520; x_wconf 88' lang='lat' dir='ltr'><strong>autem.</strong></span> <span class='ocrx_word' id='word_1_821' title='bbox 3230 2462 3285 2517; x_wconf 83' lang='lat' dir='ltr'><strong>In</strong></span> <span class='ocrx_word' id='word_1_822' title='bbox 3342 2468 3437 2520; x_wconf 80' lang='lat' dir='ltr'><strong>Ar.</strong></span> <span class='ocrx_word' id='word_1_823' title='bbox 3488 2470 3637 2522; x_wconf 69' lang='lat' dir='ltr'><strong>enim</strong></span> 
     </span>
    </p>
   </div>
   <div class='ocr_carea' id='block_1_189' title="bbox 2598 2535 3492 2609">
    <p class='ocr_par' dir='ltr' id='par_1_189' title="bbox 2598 2535 3492 2609">
     <span class='ocr_line' id='line_1_191' title="bbox 2598 2535 3492 2609; baseline -0.002 -18"><span class='ocrx_word' id='word_1_824' title='bbox 2598 2554 2696 2609; x_wconf 85' lang='lat' dir='ltr'><strong>pro</strong></span> <span class='ocrx_word' id='word_1_825' title='bbox 2723 2547 2935 2609; x_wconf 61' lang='lat' dir='ltr'><strong>autem;</strong></span> <span class='ocrx_word' id='word_1_826' title='bbox 2962 2537 3019 2609; x_wconf 72' lang='lat' dir='ltr'><strong>in</strong></span> <span class='ocrx_word' id='word_1_827' title='bbox 3042 2535 3189 2609; x_wconf 72' lang='lat' dir='ltr'><strong>Clar.</strong></span> <span class='ocrx_word' id='word_1_828' title='bbox 3214 2545 3492 2609; x_wconf 79' lang='lat' dir='ltr'><strong>neu_trom.</strong></span> 
     </span>
    </p>
   </div>
   <div class='ocr_carea' id='block_1_190' title="bbox 2669 2602 3723 2671">
    <p class='ocr_par' dir='ltr' id='par_1_190' title="bbox 2669 2602 3723 2671">
     <span class='ocr_line' id='line_1_192' title="bbox 2669 2602 3723 2671; baseline -0.006 -10"><span class='ocrx_word' id='word_1_829' title='bbox 2669 2607 2794 2661; x_wconf 79' lang='grc'><strong>516.</strong></span> <span class='ocrx_word' id='word_1_830' title='bbox 2828 2602 3237 2671; x_wconf 82' lang='lat' dir='ltr'><strong>Recapiluletitr.</strong></span> <span class='ocrx_word' id='word_1_831' title='bbox 3293 2604 3468 2659; x_wconf 81' lang='lat' dir='ltr'><strong>Edill.</strong></span> <span class='ocrx_word' id='word_1_832' title='bbox 3511 2621 3643 2667; x_wconf 83' lang='lat' dir='ltr'><strong>cum</strong></span> <span class='ocrx_word' id='word_1_833' title='bbox 3712 2647 3723 2655; x_wconf 89' lang='lat'><strong>.</strong></span> 
     </span>
    </p>
   </div>
   <div class='ocr_carea' id='block_1_191' title="bbox 2598 2674 3291 2741">
    <p class='ocr_par' dir='ltr' id='par_1_191' title="bbox 2598 2674 3291 2741">
     <span class='ocr_line' id='line_1_193' title="bbox 2598 2674 3291 2741; baseline -0.006 -12"><span class='ocrx_word' id='word_1_834' title='bbox 2598 2676 2803 2730; x_wconf 81' lang='lat' dir='ltr'><strong>Arund.</strong></span> <span class='ocrx_word' id='word_1_835' title='bbox 2833 2674 3291 2741; x_wconf 87' lang='lat' dir='ltr'><strong>recapitularetur.</strong></span> 
     </span>
    </p>
   </div>
   <div class='ocr_carea' id='block_1_192' title="bbox 2675 2743 3639 2810">
    <p class='ocr_par' dir='ltr' id='par_1_192' title="bbox 2675 2743 3639 2810">
     <span class='ocr_line' id='line_1_194' title="bbox 2675 2743 3639 2810; baseline 0.003 -13"><span class='ocrx_word' id='word_1_836' title='bbox 2675 2745 2777 2798; x_wconf 89' lang='lat' dir='ltr'><strong>llla</strong></span> <span class='ocrx_word' id='word_1_837' title='bbox 2805 2757 2897 2810; x_wconf 89' lang='lat' dir='ltr'><strong>per</strong></span> <span class='ocrx_word' id='word_1_838' title='bbox 2937 2743 3131 2810; x_wconf 81' lang='lat' dir='ltr'><strong>angeli.</strong></span> <span class='ocrx_word' id='word_1_839' title='bbox 3182 2744 3344 2795; x_wconf 73' lang='lat' dir='ltr'><strong>Editt.</strong></span> <span class='ocrx_word' id='word_1_840' title='bbox 3374 2758 3503 2796; x_wconf 88' lang='lat' dir='ltr'><strong>cum</strong></span> <span class='ocrx_word' id='word_1_841' title='bbox 3536 2748 3639 2800; x_wconf 78' lang='lat' dir='ltr'><strong>Ar.</strong></span> 
     </span>
    </p>
   </div>
   <div class='ocr_carea' id='block_1_193' title="bbox 2599 2812 3521 2879">
    <p class='ocr_par' dir='ltr' id='par_1_193' title="bbox 2599 2812 3521 2879">
     <span class='ocr_line' id='line_1_195' title="bbox 2599 2812 3521 2879; baseline -0.002 -9"><span class='ocrx_word' id='word_1_842' title='bbox 2599 2825 2653 2870; x_wconf 89' lang='lat' dir='ltr'><strong>et</strong></span> <span class='ocrx_word' id='word_1_843' title='bbox 2685 2814 2845 2867; x_wconf 85' lang='lat' dir='ltr'><strong>Merc.</strong></span> <span class='ocrx_word' id='word_1_844' title='bbox 2875 2812 2931 2868; x_wconf 92' lang='lat'><strong>2.</strong></span> <span class='ocrx_word' id='word_1_845' title='bbox 2960 2814 3053 2864; x_wconf 89' lang='lat' dir='ltr'><strong>illa</strong></span> <span class='ocrx_word' id='word_1_846' title='bbox 3087 2828 3176 2877; x_wconf 86' lang='lat' dir='ltr'><strong>per</strong></span> <span class='ocrx_word' id='word_1_847' title='bbox 3197 2814 3521 2879; x_wconf 82' lang='lat' dir='ltr'><strong>angelicum.</strong></span> 
     </span>
    </p>
   </div>
   <div class='ocr_carea' id='block_1_194' title="bbox 2674 2881 3639 2942">
    <p class='ocr_par' dir='ltr' id='par_1_194' title="bbox 2674 2881 3639 2942">
     <span class='ocr_line' id='line_1_196' title="bbox 2674 2881 3639 2942; baseline 0.001 -6"><span class='ocrx_word' id='word_1_848' title='bbox 2674 2883 3122 2936; x_wconf 86' lang='lat' dir='ltr'><strong>Iucarnationem.</strong></span> <span class='ocrx_word' id='word_1_849' title='bbox 3179 2882 3267 2933; x_wconf 79' lang='grc' dir='ltr'><strong>ΕΓ.</strong></span> <span class='ocrx_word' id='word_1_850' title='bbox 3307 2881 3447 2935; x_wconf 80' lang='lat' dir='ltr'><strong>Gall.</strong></span> <span class='ocrx_word' id='word_1_851' title='bbox 3497 2882 3639 2942; x_wconf 78' lang='lat' dir='ltr'><strong>Feu.</strong></span> 
     </span>
    </p>
   </div>
   <div class='ocr_carea' id='block_1_195' title="bbox 2599 2950 3512 3018">
    <p class='ocr_par' dir='ltr' id='par_1_195' title="bbox 2599 2950 3512 3018">
     <span class='ocr_line' id='line_1_197' title="bbox 2599 2950 3512 3018; baseline -0.002 -11"><span class='ocrx_word' id='word_1_852' title='bbox 2599 2956 2692 3007; x_wconf 85' lang='lat' dir='ltr'><strong>Ar.</strong></span> <span class='ocrx_word' id='word_1_853' title='bbox 2730 2965 2782 3004; x_wconf 88' lang='lat' dir='ltr'><strong>et</strong></span> <span class='ocrx_word' id='word_1_854' title='bbox 2813 2951 2973 3005; x_wconf 71' lang='lat' dir='ltr'><strong>Merc.</strong></span> <span class='ocrx_word' id='word_1_855' title='bbox 3001 2950 3055 3006; x_wconf 86' lang='lat'><strong>2.</strong></span> <span class='ocrx_word' id='word_1_856' title='bbox 3084 2954 3417 3018; x_wconf 58' lang='lat' dir='ltr'><strong>praemittunt</strong></span> <span class='ocrx_word' id='word_1_857' title='bbox 3438 2963 3512 3005; x_wconf 90' lang='lat' dir='ltr'><strong>et.</strong></span> 
     </span>
    </p>
   </div>
   <div class='ocr_carea' id='block_1_196' title="bbox 2670 3019 3639 3088">
    <p class='ocr_par' dir='ltr' id='par_1_196' title="bbox 2670 3019 3639 3088">
     <span class='ocr_line' id='line_1_198' title="bbox 2670 3019 3639 3088; baseline 0 -12"><span class='ocrx_word' id='word_1_858' title='bbox 2670 3024 2794 3076; x_wconf 84' lang='grc'><strong>517.</strong></span> <span class='ocrx_word' id='word_1_859' title='bbox 2832 3019 3206 3073; x_wconf 78' lang='lat' dir='ltr'><strong>Necessitatem</strong></span> <span class='ocrx_word' id='word_1_860' title='bbox 3231 3036 3375 3088; x_wconf 86' lang='lat' dir='ltr'><strong>ergo.</strong></span> <span class='ocrx_word' id='word_1_861' title='bbox 3410 3019 3462 3072; x_wconf 86' lang='lat' dir='ltr'><strong>lu</strong></span> <span class='ocrx_word' id='word_1_862' title='bbox 3496 3022 3639 3076; x_wconf 85' lang='lat' dir='ltr'><strong>Feu.</strong></span> 
     </span>
    </p>
   </div>
   <div class='ocr_carea' id='block_1_197' title="bbox 2600 3091 3459 3162">
    <p class='ocr_par' dir='ltr' id='par_1_197' title="bbox 2600 3091 3459 3162">
     <span class='ocr_line' id='line_1_199' title="bbox 2600 3091 3459 3162; baseline -0.007 -15"><span class='ocrx_word' id='word_1_863' title='bbox 2600 3109 2769 3162; x_wconf 77' lang='lat' dir='ltr'><strong>marg.</strong></span> <span class='ocrx_word' id='word_1_864' title='bbox 2799 3098 2852 3162; x_wconf 73' lang='lat' dir='ltr'><strong>et</strong></span> <span class='ocrx_word' id='word_1_865' title='bbox 2889 3091 3043 3145; x_wconf 83' lang='lat' dir='ltr'><strong>Voss.</strong></span> <span class='ocrx_word' id='word_1_866' title='bbox 3080 3104 3284 3162; x_wconf 74' lang='lat' dir='ltr'><strong>necesse</strong></span> <span class='ocrx_word' id='word_1_867' title='bbox 3316 3106 3459 3158; x_wconf 90' lang='lat' dir='ltr'><strong>ergo.</strong></span> 
     </span>
    </p>
   </div>
   <div class='ocr_carea' id='block_1_198' title="bbox 2671 3159 3641 3225">
    <p class='ocr_par' dir='ltr' id='par_1_198' title="bbox 2671 3159 3641 3225">
     <span class='ocr_line' id='line_1_200' title="bbox 2671 3159 3641 3225; baseline 0.004 -16"><span class='ocrx_word' id='word_1_868' title='bbox 2671 3159 2932 3225; x_wconf 67' lang='lat' dir='ltr'><strong>Quoniam</strong></span> <span class='ocrx_word' id='word_1_869' title='bbox 2982 3168 3126 3211; x_wconf 85' lang='lat' dir='ltr'><strong>sunt.</strong></span> <span class='ocrx_word' id='word_1_870' title='bbox 3176 3159 3342 3217; x_wconf 81' lang='lat' dir='ltr'><strong>Editt.</strong></span> <span class='ocrx_word' id='word_1_871' title='bbox 3375 3176 3501 3212; x_wconf 87' lang='lat' dir='ltr'><strong>cum</strong></span> <span class='ocrx_word' id='word_1_872' title='bbox 3539 3162 3641 3217; x_wconf 81' lang='lat' dir='ltr'><strong>Ar.</strong></span> 
     </span>
    </p>
   </div>
   <div class='ocr_carea' id='block_1_199' title="bbox 2594 3230 3083 3286">
    <p class='ocr_par' dir='ltr' id='par_1_199' title="bbox 2594 3230 3083 3286">
     <span class='ocr_line' id='line_1_201' title="bbox 2594 3230 3083 3286; baseline -0.014 0"><span class='ocrx_word' id='word_1_873' title='bbox 2594 3241 2647 3286; x_wconf 87' lang='lat' dir='ltr'><strong>et</strong></span> <span class='ocrx_word' id='word_1_874' title='bbox 2677 3231 2840 3283; x_wconf 83' lang='lat' dir='ltr'><strong>Merc.</strong></span> <span class='ocrx_word' id='word_1_875' title='bbox 2875 3230 2929 3281; x_wconf 85' lang='lat'><strong>2.</strong></span> <span class='ocrx_word' id='word_1_876' title='bbox 2958 3231 3083 3281; x_wconf 89' lang='lat' dir='ltr'><strong>sint.</strong></span> 
     </span>
    </p>
   </div>
   <div class='ocr_carea' id='block_1_200' title="bbox 2664 3295 3632 3361">
    <p class='ocr_par' dir='ltr' id='par_1_200' title="bbox 2664 3295 3632 3361">
     <span class='ocr_line' id='line_1_202' title="bbox 2664 3295 3632 3361; baseline -0.004 -6"><span class='ocrx_word' id='word_1_877' title='bbox 2664 3303 2789 3355; x_wconf 79' lang='grc'><strong>518.</strong></span> <span class='ocrx_word' id='word_1_878' title='bbox 2831 3298 2960 3361; x_wconf 72' lang='lat' dir='ltr'><strong>Qum</strong></span> <span class='ocrx_word' id='word_1_879' title='bbox 2990 3310 3065 3350; x_wconf 89' lang='lat' dir='ltr'><strong>est</strong></span> <span class='ocrx_word' id='word_1_880' title='bbox 3094 3298 3161 3349; x_wconf 85' lang='lat' dir='ltr'><strong>ad</strong></span> <span class='ocrx_word' id='word_1_881' title='bbox 3189 3295 3430 3355; x_wconf 77' lang='lat' dir='ltr'><strong>Galatas.</strong></span> <span class='ocrx_word' id='word_1_882' title='bbox 3454 3298 3632 3352; x_wconf 81' lang='lat' dir='ltr'><strong>Editt.</strong></span> 
     </span>
    </p>
   </div>
   <div class='ocr_carea' id='block_1_201' title="bbox 2594 3367 3644 3438">
    <p class='ocr_par' dir='ltr' id='par_1_201' title="bbox 2594 3367 3644 3438">
     <span class='ocr_line' id='line_1_203' title="bbox 2594 3367 3644 3438; baseline 0 -15"><span class='ocrx_word' id='word_1_883' title='bbox 2594 3385 2717 3423; x_wconf 90' lang='lat' dir='ltr'><strong>cum</strong></span> <span class='ocrx_word' id='word_1_884' title='bbox 2748 3372 2917 3437; x_wconf 38' lang='lat' dir='ltr'><strong>Alget</strong></span> <span class='ocrx_word' id='word_1_885' title='bbox 2943 3367 3108 3422; x_wconf 85' lang='lat' dir='ltr'><strong>Merc.</strong></span> <span class='ocrx_word' id='word_1_886' title='bbox 3139 3368 3196 3423; x_wconf 90' lang='lat'><strong>2.</strong></span> <span class='ocrx_word' id='word_1_887' title='bbox 3222 3369 3481 3422; x_wconf 86' lang='lat' dir='ltr'><strong>omittunt</strong></span> <span class='ocrx_word' id='word_1_888' title='bbox 3515 3383 3644 3438; x_wconf 64' lang='lat' dir='ltr'><strong>qua</strong></span> 
     </span>
    </p>
   </div>
   <div class='ocr_carea' id='block_1_202' title="bbox 2594 3448 2691 3492">
    <p class='ocr_par' dir='ltr' id='par_1_202' title="bbox 2594 3448 2691 3492">
     <span class='ocr_line' id='line_1_204' title="bbox 2594 3448 2691 3492; baseline -0.01 0"><span class='ocrx_word' id='word_1_889' title='bbox 2594 3448 2691 3492; x_wconf 89' lang='lat' dir='ltr'><strong>est.</strong></span> 
     </span>
    </p>
   </div>
   <div class='ocr_carea' id='block_1_203' title="bbox 2665 3506 3643 3563">
    <p class='ocr_par' dir='ltr' id='par_1_203' title="bbox 2665 3506 3643 3563">
     <span class='ocr_line' id='line_1_205' title="bbox 2665 3506 3643 3563; baseline 0.002 -3"><span class='ocrx_word' id='word_1_890' title='bbox 2665 3507 2835 3560; x_wconf 84' lang='lat' dir='ltr'><strong>Facta</strong></span> <span class='ocrx_word' id='word_1_891' title='bbox 2884 3516 2978 3560; x_wconf 88' lang='lat' dir='ltr'><strong>est.</strong></span> <span class='ocrx_word' id='word_1_892' title='bbox 3033 3506 3090 3559; x_wconf 84' lang='lat' dir='ltr'><strong>in</strong></span> <span class='ocrx_word' id='word_1_893' title='bbox 3151 3508 3309 3563; x_wconf 84' lang='lat' dir='ltr'><strong>Eras.</strong></span> <span class='ocrx_word' id='word_1_894' title='bbox 3364 3507 3509 3563; x_wconf 81' lang='lat' dir='ltr'><strong>Call.</strong></span> <span class='ocrx_word' id='word_1_895' title='bbox 3583 3514 3643 3562; x_wconf 60' lang='lat' dir='ltr'><strong>et</strong></span> 
     </span>
    </p>
   </div>
   <div class='ocr_carea' id='block_1_204' title="bbox 2593 3578 3131 3633">
    <p class='ocr_par' dir='ltr' id='par_1_204' title="bbox 2593 3578 3131 3633">
     <span class='ocr_line' id='line_1_206' title="bbox 2593 3578 3131 3633; baseline -0.009 0"><span class='ocrx_word' id='word_1_896' title='bbox 2593 3579 2827 3633; x_wconf 74' lang='lat' dir='ltr'><strong>Fenartl.</strong></span> <span class='ocrx_word' id='word_1_897' title='bbox 2859 3578 3009 3631; x_wconf 86' lang='lat' dir='ltr'><strong>deest</strong></span> <span class='ocrx_word' id='word_1_898' title='bbox 3036 3588 3131 3629; x_wconf 90' lang='lat' dir='ltr'><strong>est.</strong></span> 
     </span>
    </p>
   </div>
   <div class='ocr_carea' id='block_1_205' title="bbox 2668 3644 3638 3714">
    <p class='ocr_par' dir='ltr' id='par_1_205' title="bbox 2668 3644 3638 3714">
     <span class='ocr_line' id='line_1_207' title="bbox 2668 3644 3638 3714; baseline 0.002 -15"><span class='ocrx_word' id='word_1_899' title='bbox 2668 3646 2921 3714; x_wconf 81' lang='lat' dir='ltr'><strong>Perfecit.</strong></span> <span class='ocrx_word' id='word_1_900' title='bbox 2980 3646 3037 3699; x_wconf 84' lang='lat' dir='ltr'><strong>in</strong></span> <span class='ocrx_word' id='word_1_901' title='bbox 3087 3647 3322 3700; x_wconf 77' lang='lat' dir='ltr'><strong>Clarom.</strong></span> <span class='ocrx_word' id='word_1_902' title='bbox 3368 3656 3423 3702; x_wconf 83' lang='lat' dir='ltr'><strong>et</strong></span> <span class='ocrx_word' id='word_1_903' title='bbox 3474 3644 3638 3701; x_wconf 79' lang='lat' dir='ltr'><strong>Voss.</strong></span> 
     </span>
    </p>
   </div>
   <div class='ocr_carea' id='block_1_206' title="bbox 2594 3717 2818 3787">
    <p class='ocr_par' dir='ltr' id='par_1_206' title="bbox 2594 3717 2818 3787">
     <span class='ocr_line' id='line_1_208' title="bbox 2594 3717 2818 3787; baseline -0.022 -15"><span class='ocrx_word' id='word_1_904' title='bbox 2594 3717 2818 3787; x_wconf 70' lang='lat' dir='ltr'><strong>perﬁcit.</strong></span> 
     </span>
    </p>
   </div>
   <div class='ocr_carea' id='block_1_207' title="bbox 2668 3782 3638 3842">
    <p class='ocr_par' dir='ltr' id='par_1_207' title="bbox 2668 3782 3638 3842">
     <span class='ocr_line' id='line_1_209' title="bbox 2668 3782 3638 3842; baseline 0.003 -4"><span class='ocrx_word' id='word_1_905' title='bbox 2668 3782 2981 3839; x_wconf 75' lang='lat' dir='ltr'><strong>llumilitas.</strong></span> <span class='ocrx_word' id='word_1_906' title='bbox 3034 3782 3199 3837; x_wconf 80' lang='lat' dir='ltr'><strong>Editt.</strong></span> <span class='ocrx_word' id='word_1_907' title='bbox 3250 3784 3638 3842; x_wconf 78' lang='lat' dir='ltr'><strong>humilitatem.</strong></span> 
     </span>
    </p>
   </div>
   <div class='ocr_carea' id='block_1_208' title="bbox 2665 3853 3640 3922">
    <p class='ocr_par' dir='ltr' id='par_1_208' title="bbox 2665 3853 3640 3922">
     <span class='ocr_line' id='line_1_210' title="bbox 2665 3853 3640 3922; baseline 0.001 -14"><span class='ocrx_word' id='word_1_908' title='bbox 2665 3856 2793 3910; x_wconf 83' lang='grc'><strong>519.</strong></span> <span class='ocrx_word' id='word_1_909' title='bbox 2826 3853 2899 3908; x_wconf 89' lang='lat' dir='ltr'><strong>De</strong></span> <span class='ocrx_word' id='word_1_910' title='bbox 2924 3854 3141 3922; x_wconf 78' lang='lat' dir='ltr'><strong>reliquo.</strong></span> <span class='ocrx_word' id='word_1_911' title='bbox 3174 3854 3271 3907; x_wconf 87' lang='lat' dir='ltr'><strong>Iid.</strong></span> <span class='ocrx_word' id='word_1_912' title='bbox 3305 3871 3427 3909; x_wconf 87' lang='lat' dir='ltr'><strong>cum</strong></span> <span class='ocrx_word' id='word_1_913' title='bbox 3461 3860 3558 3913; x_wconf 79' lang='lat' dir='ltr'><strong>Ar.</strong></span> <span class='ocrx_word' id='word_1_914' title='bbox 3583 3867 3640 3909; x_wconf 82' lang='lat' dir='ltr'><strong>et</strong></span> 
     </span>
    </p>
   </div>
   <div class='ocr_carea' id='block_1_209' title="bbox 2596 3924 3239 3992">
    <p class='ocr_par' dir='ltr' id='par_1_209' title="bbox 2596 3924 3239 3992">
     <span class='ocr_line' id='line_1_211' title="bbox 2596 3924 3239 3992; baseline -0.006 -11"><span class='ocrx_word' id='word_1_915' title='bbox 2596 3925 2758 3981; x_wconf 83' lang='lat' dir='ltr'><strong>Merc.</strong></span> <span class='ocrx_word' id='word_1_916' title='bbox 2785 3924 2838 3977; x_wconf 90' lang='lat'><strong>2.</strong></span> <span class='ocrx_word' id='word_1_917' title='bbox 2878 3928 2933 3979; x_wconf 88' lang='lat' dir='ltr'><strong>in</strong></span> <span class='ocrx_word' id='word_1_918' title='bbox 2966 3927 3239 3992; x_wconf 79' lang='lat' dir='ltr'><strong>reliquum.</strong></span> 
     </span>
    </p>
   </div>
   <div class='ocr_carea' id='block_1_210' title="bbox 2666 3994 3635 4060">
    <p class='ocr_par' dir='ltr' id='par_1_210' title="bbox 2666 3994 3635 4060">
     <span class='ocr_line' id='line_1_212' title="bbox 2666 3994 3635 4060; baseline -0.001 -12"><span class='ocrx_word' id='word_1_919' title='bbox 2666 3994 2797 4048; x_wconf 86' lang='lat' dir='ltr'><strong>Ideo</strong></span> <span class='ocrx_word' id='word_1_920' title='bbox 2824 4011 2961 4047; x_wconf 89' lang='lat' dir='ltr'><strong>cttm.</strong></span> <span class='ocrx_word' id='word_1_921' title='bbox 2992 3995 3154 4046; x_wconf 76' lang='lat' dir='ltr'><strong>Editt.</strong></span> <span class='ocrx_word' id='word_1_922' title='bbox 3186 3994 3521 4060; x_wconf 69' lang='lat' dir='ltr'><strong>prtemittunt</strong></span> <span class='ocrx_word' id='word_1_923' title='bbox 3558 4004 3635 4048; x_wconf 91' lang='lat' dir='ltr'><strong>et.</strong></span> 
     </span>
    </p>
   </div>
   <div class='ocr_carea' id='block_1_211' title="bbox 2667 4062 3639 4132">
    <p class='ocr_par' dir='ltr' id='par_1_211' title="bbox 2667 4062 3639 4132">
     <span class='ocr_line' id='line_1_213' title="bbox 2667 4062 3639 4132; baseline -0.001 -14"><span class='ocrx_word' id='word_1_924' title='bbox 2667 4063 2965 4132; x_wconf 76' lang='lat' dir='ltr'><strong>Colliqavit.</strong></span> <span class='ocrx_word' id='word_1_925' title='bbox 2998 4064 3229 4118; x_wconf 84' lang='lat' dir='ltr'><strong>Feuard.</strong></span> <span class='ocrx_word' id='word_1_926' title='bbox 3264 4062 3316 4116; x_wconf 88' lang='lat' dir='ltr'><strong>in</strong></span> <span class='ocrx_word' id='word_1_927' title='bbox 3366 4079 3537 4132; x_wconf 82' lang='lat' dir='ltr'><strong>marg.</strong></span> <span class='ocrx_word' id='word_1_928' title='bbox 3579 4074 3639 4119; x_wconf 85' lang='lat' dir='ltr'><strong>et</strong></span> 
     </span>
    </p>
   </div>
   <div class='ocr_carea' id='block_1_212' title="bbox 2596 4129 3037 4201">
    <p class='ocr_par' dir='ltr' id='par_1_212' title="bbox 2596 4129 3037 4201">
     <span class='ocr_line' id='line_1_214' title="bbox 2596 4129 3037 4201; baseline -0.007 -12"><span class='ocrx_word' id='word_1_929' title='bbox 2596 4135 2758 4190; x_wconf 91' lang='lat' dir='ltr'><strong>Voss.</strong></span> <span class='ocrx_word' id='word_1_930' title='bbox 2791 4129 3037 4201; x_wconf 78' lang='lat' dir='ltr'><strong>illigavit.</strong></span> 
     </span>
    </p>
   </div>
   <div class='ocr_carea' id='block_1_213' title="bbox 2666 4202 3399 4270">
    <p class='ocr_par' dir='ltr' id='par_1_213' title="bbox 2666 4202 3399 4270">
     <span class='ocr_line' id='line_1_215' title="bbox 2666 4202 3399 4270; baseline -0.004 -11"><span class='ocrx_word' id='word_1_931' title='bbox 2666 4204 2970 4269; x_wconf 84' lang='lat' dir='ltr'><strong>Colligatio.</strong></span> <span class='ocrx_word' id='word_1_932' title='bbox 3008 4203 3101 4269; x_wconf 70' lang='lat' dir='ltr'><strong>Iid.</strong></span> <span class='ocrx_word' id='word_1_933' title='bbox 3134 4202 3399 4270; x_wconf 85' lang='lat' dir='ltr'><strong>alligatio.</strong></span> 
     </span>
    </p>
   </div>
   <div class='ocr_carea' id='block_1_214' title="bbox 2668 4272 3632 4341">
    <p class='ocr_par' dir='ltr' id='par_1_214' title="bbox 2668 4272 3632 4341">
     <span class='ocr_line' id='line_1_216' title="bbox 2668 4272 3632 4341; baseline 0 -13"><span class='ocrx_word' id='word_1_934' title='bbox 2668 4275 2869 4341; x_wconf 82' lang='lat' dir='ltr'><strong>Accipit</strong></span> <span class='ocrx_word' id='word_1_935' title='bbox 2944 4275 3369 4340; x_wconf 75' lang='lat' dir='ltr'><strong>iucorruptelam.</strong></span> <span class='ocrx_word' id='word_1_936' title='bbox 3457 4272 3632 4339; x_wconf 77' lang='lat' dir='ltr'><strong>Editt.</strong></span> 
     </span>
    </p>
   </div>
   <div class='ocr_carea' id='block_1_215' title="bbox 2596 4343 3523 4408">
    <p class='ocr_par' dir='ltr' id='par_1_215' title="bbox 2596 4343 3523 4408">
     <span class='ocr_line' id='line_1_217' title="bbox 2596 4343 3523 4408; baseline -0.004 -8"><span class='ocrx_word' id='word_1_937' title='bbox 2596 4360 2719 4400; x_wconf 88' lang='lat' dir='ltr'><strong>cum</strong></span> <span class='ocrx_word' id='word_1_938' title='bbox 2757 4344 2909 4399; x_wconf 89' lang='lat' dir='ltr'><strong>Voss.</strong></span> <span class='ocrx_word' id='word_1_939' title='bbox 2944 4352 2999 4396; x_wconf 86' lang='lat' dir='ltr'><strong>et</strong></span> <span class='ocrx_word' id='word_1_940' title='bbox 3027 4343 3191 4396; x_wconf 80' lang='lat' dir='ltr'><strong>Merc.</strong></span> <span class='ocrx_word' id='word_1_941' title='bbox 3224 4344 3279 4394; x_wconf 86' lang='lat'><strong>2.</strong></span> <span class='ocrx_word' id='word_1_942' title='bbox 3305 4344 3523 4408; x_wconf 85' lang='lat' dir='ltr'><strong>accepit.</strong></span> 
     </span>
    </p>
   </div>
   <div class='ocr_carea' id='block_1_216' title="bbox 2668 4410 3637 4478">
    <p class='ocr_par' dir='ltr' id='par_1_216' title="bbox 2668 4410 3637 4478">
     <span class='ocr_line' id='line_1_218' title="bbox 2668 4410 3637 4478; baseline -0.002 -10"><span class='ocrx_word' id='word_1_943' title='bbox 2668 4413 2756 4468; x_wconf 88' lang='lat' dir='ltr'><strong>Sic</strong></span> <span class='ocrx_word' id='word_1_944' title='bbox 2786 4414 2971 4478; x_wconf 81' lang='lat' dir='ltr'><strong>igitur.</strong></span> <span class='ocrx_word' id='word_1_945' title='bbox 3007 4413 3061 4465; x_wconf 86' lang='lat' dir='ltr'><strong>In</strong></span> <span class='ocrx_word' id='word_1_946' title='bbox 3093 4411 3239 4466; x_wconf 84' lang='lat' dir='ltr'><strong>Clar.</strong></span> <span class='ocrx_word' id='word_1_947' title='bbox 3273 4413 3351 4475; x_wconf 82' lang='lat' dir='ltr'><strong>si,</strong></span> <span class='ocrx_word' id='word_1_948' title='bbox 3391 4414 3443 4466; x_wconf 89' lang='lat' dir='ltr'><strong>in</strong></span> <span class='ocrx_word' id='word_1_949' title='bbox 3471 4410 3637 4471; x_wconf 78' lang='lat' dir='ltr'><strong>Voss.</strong></span> 
     </span>
    </p>
   </div>
   <div class='ocr_carea' id='block_1_217' title="bbox 2598 4493 2872 4538">
    <p class='ocr_par' dir='ltr' id='par_1_217' title="bbox 2598 4493 2872 4538">
     <span class='ocr_line' id='line_1_219' title="bbox 2598 4493 2872 4538; baseline -0.004 -1"><span class='ocrx_word' id='word_1_950' title='bbox 2598 4493 2872 4538; x_wconf 86' lang='lat' dir='ltr'><strong>neutrum.</strong></span> 
     </span>
    </p>
   </div>
   <div class='ocr_carea' id='block_1_218' title="bbox 2667 4550 3637 4617">
    <p class='ocr_par' dir='ltr' id='par_1_218' title="bbox 2667 4550 3637 4617">
     <span class='ocr_line' id='line_1_220' title="bbox 2667 4550 3637 4617; baseline -0.001 -9"><span class='ocrx_word' id='word_1_951' title='bbox 2667 4553 2880 4608; x_wconf 86' lang='lat' dir='ltr'><strong>Solvere</strong></span> <span class='ocrx_word' id='word_1_952' title='bbox 2900 4560 3158 4617; x_wconf 89' lang='lat' dir='ltr'><strong>poterant.</strong></span> <span class='ocrx_word' id='word_1_953' title='bbox 3198 4551 3251 4605; x_wconf 87' lang='lat' dir='ltr'><strong>In</strong></span> <span class='ocrx_word' id='word_1_954' title='bbox 3280 4550 3369 4605; x_wconf 85' lang='lat' dir='ltr'><strong>Er.</strong></span> <span class='ocrx_word' id='word_1_955' title='bbox 3404 4550 3545 4605; x_wconf 81' lang='lat' dir='ltr'><strong>Gali.</strong></span> <span class='ocrx_word' id='word_1_956' title='bbox 3578 4561 3637 4607; x_wconf 87' lang='lat' dir='ltr'><strong>et</strong></span> 
     </span>
    </p>
   </div>
   <div class='ocr_carea' id='block_1_219' title="bbox 2596 4623 3039 4677">
    <p class='ocr_par' dir='ltr' id='par_1_219' title="bbox 2596 4623 3039 4677">
     <span class='ocr_line' id='line_1_221' title="bbox 2596 4623 3039 4677; baseline -0.009 0"><span class='ocrx_word' id='word_1_957' title='bbox 2596 4623 2727 4677; x_wconf 80' lang='lat' dir='ltr'><strong>Feu.</strong></span> <span class='ocrx_word' id='word_1_958' title='bbox 2758 4623 3039 4674; x_wconf 83' lang='lat' dir='ltr'><strong>absolvere.</strong></span> 
     </span>
    </p>
   </div>
   <div class='ocr_carea' id='block_1_220' title="bbox 2665 4690 3629 4756">
    <p class='ocr_par' dir='ltr' id='par_1_220' title="bbox 2665 4690 3629 4756">
     <span class='ocr_line' id='line_1_222' title="bbox 2665 4690 3629 4756; baseline -0.003 -8"><span class='ocrx_word' id='word_1_959' title='bbox 2665 4696 2789 4749; x_wconf 73' lang='lat'><strong>520.</strong></span> <span class='ocrx_word' id='word_1_960' title='bbox 2842 4692 2931 4744; x_wconf 86' lang='lat' dir='ltr'><strong>Vel</strong></span> <span class='ocrx_word' id='word_1_961' title='bbox 2960 4703 3278 4756; x_wconf 80' lang='lat' dir='ltr'><strong>exspectare.</strong></span> <span class='ocrx_word' id='word_1_962' title='bbox 3325 4690 3418 4743; x_wconf 90' lang='lat' dir='ltr'><strong>Iid.</strong></span> <span class='ocrx_word' id='word_1_963' title='bbox 3454 4703 3503 4745; x_wconf 91' lang='lat' dir='ltr'><strong>et</strong></span> <span class='ocrx_word' id='word_1_964' title='bbox 3536 4707 3629 4745; x_wconf 70' lang='lat' dir='ltr'><strong>e3-</strong></span> 
     </span>
    </p>
   </div>
   <div class='ocr_carea' id='block_1_221' title="bbox 2595 4777 2846 4832">
    <p class='ocr_par' dir='ltr' id='par_1_221' title="bbox 2595 4777 2846 4832">
     <span class='ocr_line' id='line_1_223' title="bbox 2595 4777 2846 4832; baseline -0.012 -15"><span class='ocrx_word' id='word_1_965' title='bbox 2595 4777 2846 4832; x_wconf 89' lang='lat' dir='ltr'><strong>spectare.</strong></span> 
     </span>
    </p>
   </div>
   <div class='ocr_carea' id='block_1_222' title="bbox 2670 4828 3640 4886">
    <p class='ocr_par' dir='ltr' id='par_1_222' title="bbox 2670 4828 3640 4886">
     <span class='ocr_line' id='line_1_224' title="bbox 2670 4828 3640 4886; baseline -0.001 0"><span class='ocrx_word' id='word_1_966' title='bbox 2670 4832 2771 4886; x_wconf 79' lang='lat' dir='ltr'><strong>lite</strong></span> <span class='ocrx_word' id='word_1_967' title='bbox 2825 4830 3101 4885; x_wconf 87' lang='lat' dir='ltr'><strong>mentiens.</strong></span> <span class='ocrx_word' id='word_1_968' title='bbox 3158 4828 3256 4883; x_wconf 87' lang='lat' dir='ltr'><strong>Iid.</strong></span> <span class='ocrx_word' id='word_1_969' title='bbox 3294 4829 3640 4885; x_wconf 87' lang='lat' dir='ltr'><strong>iuterscrunt</strong></span> 
     </span>
    </p>
   </div>
   <div class='ocr_carea' id='block_1_223' title="bbox 2597 4915 2794 4957">
    <p class='ocr_par' dir='ltr' id='par_1_223' title="bbox 2597 4915 2794 4957">
     <span class='ocr_line' id='line_1_225' title="bbox 2597 4915 2794 4957; baseline -0.01 0"><span class='ocrx_word' id='word_1_970' title='bbox 2597 4915 2794 4957; x_wconf 88' lang='lat' dir='ltr'><strong>autent.</strong></span> 
     </span>
    </p>
   </div>
   <div class='ocr_carea' id='block_1_224' title="bbox 2676 4970 3640 5027">
    <p class='ocr_par' dir='ltr' id='par_1_224' title="bbox 2676 4970 3640 5027">
     <span class='ocr_line' id='line_1_226' title="bbox 2676 4970 3640 5027; baseline 0.001 -1"><span class='ocrx_word' id='word_1_971' title='bbox 2676 4972 2869 5026; x_wconf 79' lang='lat' dir='ltr'><strong>Verax.</strong></span> <span class='ocrx_word' id='word_1_972' title='bbox 2908 4972 3000 5027; x_wconf 82' lang='lat' dir='ltr'><strong>Est</strong></span> <span class='ocrx_word' id='word_1_973' title='bbox 3031 4972 3270 5025; x_wconf 81' lang='lat' dir='ltr'><strong>additum</strong></span> <span class='ocrx_word' id='word_1_974' title='bbox 3298 4970 3349 5023; x_wconf 89' lang='lat' dir='ltr'><strong>in</strong></span> <span class='ocrx_word' id='word_1_975' title='bbox 3387 4971 3549 5024; x_wconf 87' lang='lat' dir='ltr'><strong>editt.</strong></span> <span class='ocrx_word' id='word_1_976' title='bbox 3580 4977 3640 5027; x_wconf 77' lang='lat' dir='ltr'><strong>et</strong></span> 
     </span>
    </p>
   </div>
   <div class='ocr_carea' id='block_1_225' title="bbox 2593 5045 2799 5098">
    <p class='ocr_par' dir='ltr' id='par_1_225' title="bbox 2593 5045 2799 5098">
     <span class='ocr_line' id='line_1_227' title="bbox 2593 5045 2799 5098; baseline -0.01 0"><span class='ocrx_word' id='word_1_977' title='bbox 2593 5045 2799 5098; x_wconf 77' lang='lat' dir='ltr'><strong>Artttttl.</strong></span> 
     </span>
    </p>
   </div>
   <div class='ocr_carea' id='block_1_226' title="bbox 2666 5110 3635 5179">
    <p class='ocr_par' dir='ltr' id='par_1_226' title="bbox 2666 5110 3635 5179">
     <span class='ocr_line' id='line_1_228' title="bbox 2666 5110 3635 5179; baseline -0.001 -12"><span class='ocrx_word' id='word_1_978' title='bbox 2666 5114 2785 5167; x_wconf 83' lang='lat' dir='ltr'><strong>Alia</strong></span> <span class='ocrx_word' id='word_1_979' title='bbox 2835 5114 3013 5167; x_wconf 89' lang='lat' dir='ltr'><strong>tertia.</strong></span> <span class='ocrx_word' id='word_1_980' title='bbox 3056 5112 3155 5166; x_wconf 88' lang='lat' dir='ltr'><strong>Iid.</strong></span> <span class='ocrx_word' id='word_1_981' title='bbox 3188 5110 3523 5179; x_wconf 69' lang='lat' dir='ltr'><strong>praamittunt</strong></span> <span class='ocrx_word' id='word_1_982' title='bbox 3560 5120 3635 5167; x_wconf 88' lang='lat' dir='ltr'><strong>et.</strong></span> 
     </span>
    </p>
   </div>
   <div class='ocr_carea' id='block_1_227' title="bbox 2665 5180 3633 5239">
    <p class='ocr_par' dir='ltr' id='par_1_227' title="bbox 2665 5180 3633 5239">
     <span class='ocr_line' id='line_1_229' title="bbox 2665 5180 3633 5239; baseline -0.004 0"><span class='ocrx_word' id='word_1_983' title='bbox 2665 5184 2791 5239; x_wconf 75' lang='lat' dir='ltr'><strong>52L</strong></span> <span class='ocrx_word' id='word_1_984' title='bbox 2866 5182 3020 5236; x_wconf 77' lang='lat' dir='ltr'><strong>Facti</strong></span> <span class='ocrx_word' id='word_1_985' title='bbox 3083 5184 3208 5233; x_wconf 86' lang='lat' dir='ltr'><strong>sint.</strong></span> <span class='ocrx_word' id='word_1_986' title='bbox 3275 5181 3429 5232; x_wconf 74' lang='lat' dir='ltr'><strong>Erus.</strong></span> <span class='ocrx_word' id='word_1_987' title='bbox 3486 5180 3633 5235; x_wconf 77' lang='lat' dir='ltr'><strong>Gali.</strong></span> 
     </span>
    </p>
   </div>
   <div class='ocr_carea' id='block_1_228' title="bbox 2594 5252 3636 5318">
    <p class='ocr_par' dir='ltr' id='par_1_228' title="bbox 2594 5252 3636 5318">
     <span class='ocr_line' id='line_1_230' title="bbox 2594 5252 3636 5318; baseline -0.005 -9"><span class='ocrx_word' id='word_1_988' title='bbox 2594 5256 2726 5310; x_wconf 81' lang='lat' dir='ltr'><strong>Feu.</strong></span> <span class='ocrx_word' id='word_1_989' title='bbox 2753 5254 2963 5315; x_wconf 76' lang='lat' dir='ltr'><strong>Aruml.</strong></span> <span class='ocrx_word' id='word_1_990' title='bbox 2998 5266 3049 5305; x_wconf 88' lang='lat' dir='ltr'><strong>et</strong></span> <span class='ocrx_word' id='word_1_991' title='bbox 3069 5252 3231 5306; x_wconf 78' lang='lat' dir='ltr'><strong>Merc.</strong></span> <span class='ocrx_word' id='word_1_992' title='bbox 3254 5253 3309 5302; x_wconf 89' lang='lat'><strong>2.</strong></span> <span class='ocrx_word' id='word_1_993' title='bbox 3334 5252 3463 5318; x_wconf 87' lang='lat' dir='ltr'><strong>facti</strong></span> <span class='ocrx_word' id='word_1_994' title='bbox 3482 5264 3636 5305; x_wconf 85' lang='lat' dir='ltr'><strong>sunt.</strong></span> 
     </span>
    </p>
   </div>
   <div class='ocr_carea' id='block_1_229' title="bbox 2669 5319 3636 5377">
    <p class='ocr_par' dir='ltr' id='par_1_229' title="bbox 2669 5319 3636 5377">
     <span class='ocr_line' id='line_1_231' title="bbox 2669 5319 3636 5377; baseline -0.003 0"><span class='ocrx_word' id='word_1_995' title='bbox 2669 5325 2870 5377; x_wconf 80' lang='lat' dir='ltr'><strong>Paulus</strong></span> <span class='ocrx_word' id='word_1_996' title='bbox 2902 5334 3150 5376; x_wconf 87' lang='lat' dir='ltr'><strong>autem...</strong></span> <span class='ocrx_word' id='word_1_997' title='bbox 3169 5322 3223 5374; x_wconf 87' lang='lat' dir='ltr'><strong>in</strong></span> <span class='ocrx_word' id='word_1_998' title='bbox 3245 5321 3363 5375; x_wconf 82' lang='lat' dir='ltr'><strong>hoc.</strong></span> <span class='ocrx_word' id='word_1_999' title='bbox 3383 5319 3482 5374; x_wconf 87' lang='lat' dir='ltr'><strong>Iid.</strong></span> <span class='ocrx_word' id='word_1_1000' title='bbox 3509 5336 3636 5375; x_wconf 80' lang='lat' dir='ltr'><strong>Cum</strong></span> 
     </span>
    </p>
   </div>
   <div class='ocr_carea' id='block_1_230' title="bbox 2596 5392 3446 5451">
    <p class='ocr_par' dir='ltr' id='par_1_230' title="bbox 2596 5392 3446 5451">
     <span class='ocr_line' id='line_1_232' title="bbox 2596 5392 3446 5451; baseline -0.007 0"><span class='ocrx_word' id='word_1_1001' title='bbox 2596 5396 2763 5451; x_wconf 69' lang='lat' dir='ltr'><strong>Grati.</strong></span> <span class='ocrx_word' id='word_1_1002' title='bbox 2796 5395 3057 5446; x_wconf 84' lang='lat' dir='ltr'><strong>omittunt</strong></span> <span class='ocrx_word' id='word_1_1003' title='bbox 3086 5406 3258 5444; x_wconf 90' lang='lat' dir='ltr'><strong>autem</strong></span> <span class='ocrx_word' id='word_1_1004' title='bbox 3291 5402 3344 5443; x_wconf 87' lang='lat' dir='ltr'><strong>et</strong></span> <span class='ocrx_word' id='word_1_1005' title='bbox 3372 5392 3446 5445; x_wconf 90' lang='lat' dir='ltr'><strong>in.</strong></span> 
     </span>
    </p>
   </div>
   <div class='ocr_carea' id='block_1_231' title="bbox 2669 5460 3635 5519">
    <p class='ocr_par' dir='ltr' id='par_1_231' title="bbox 2669 5460 3635 5519">
     <span class='ocr_line' id='line_1_233' title="bbox 2669 5460 3635 5519; baseline -0.007 -1"><span class='ocrx_word' id='word_1_1006' title='bbox 2669 5465 2965 5519; x_wconf 83' lang='lat' dir='ltr'><strong>Secundum</strong></span> <span class='ocrx_word' id='word_1_1007' title='bbox 2988 5463 3272 5515; x_wconf 81' lang='lat' dir='ltr'><strong>hominem.</strong></span> <span class='ocrx_word' id='word_1_1008' title='bbox 3314 5460 3413 5514; x_wconf 89' lang='lat' dir='ltr'><strong>Iid.</strong></span> <span class='ocrx_word' id='word_1_1009' title='bbox 3452 5460 3635 5514; x_wconf 80' lang='lat' dir='ltr'><strong>homi-</strong></span> 
     </span>
    </p>
   </div>
   <div class='ocr_carea' id='block_1_232' title="bbox 2598 5554 2706 5590">
    <p class='ocr_par' dir='ltr' id='par_1_232' title="bbox 2598 5554 2706 5590">
     <span class='ocr_line' id='line_1_234' title="bbox 2598 5554 2706 5590; baseline 0.009 -1"><span class='ocrx_word' id='word_1_1010' title='bbox 2598 5554 2706 5590; x_wconf 66' lang='grc' dir='ltr'><strong>ηδε.</strong></span> 
     </span>
    </p>
   </div>
   <div class='ocr_carea' id='block_1_233' title="bbox 2666 5599 3636 5673">
    <p class='ocr_par' dir='ltr' id='par_1_233' title="bbox 2666 5599 3636 5673">
     <span class='ocr_line' id='line_1_235' title="bbox 2666 5599 3636 5673; baseline -0.004 -14"><span class='ocrx_word' id='word_1_1011' title='bbox 2666 5606 2888 5673; x_wconf 79' lang='lat' dir='ltr'><strong>Propter</strong></span> <span class='ocrx_word' id='word_1_1012' title='bbox 2910 5606 3006 5657; x_wconf 88' lang='lat' dir='ltr'><strong>ltoc</strong></span> <span class='ocrx_word' id='word_1_1013' title='bbox 3054 5603 3145 5661; x_wconf 73' lang='lat' dir='ltr'><strong>Er.</strong></span> <span class='ocrx_word' id='word_1_1014' title='bbox 3164 5600 3303 5657; x_wconf 79' lang='lat' dir='ltr'><strong>Gali.</strong></span> <span class='ocrx_word' id='word_1_1015' title='bbox 3326 5611 3377 5654; x_wconf 91' lang='lat' dir='ltr'><strong>et</strong></span> <span class='ocrx_word' id='word_1_1016' title='bbox 3398 5599 3636 5655; x_wconf 83' lang='lat' dir='ltr'><strong>Feuard.</strong></span> 
     </span>
    </p>
   </div>
   <div class='ocr_carea' id='block_1_234' title="bbox 2593 5678 2727 5731">
    <p class='ocr_par' dir='ltr' id='par_1_234' title="bbox 2593 5678 2727 5731">
     <span class='ocr_line' id='line_1_236' title="bbox 2593 5678 2727 5731; baseline -0.015 0"><span class='ocrx_word' id='word_1_1017' title='bbox 2593 5678 2727 5731; x_wconf 79' lang='lat' dir='ltr'><strong>Ita&#39;c.</strong></span> 
     </span>
    </p>
   </div>
   <div class='ocr_carea' id='block_1_235' title="bbox 2669 5743 3634 5803">
    <p class='ocr_par' dir='ltr' id='par_1_235' title="bbox 2669 5743 3634 5803">
     <span class='ocr_line' id='line_1_237' title="bbox 2669 5743 3634 5803; baseline -0.007 -2"><span class='ocrx_word' id='word_1_1018' title='bbox 2669 5748 2797 5802; x_wconf 89' lang='lat' dir='ltr'><strong>Dari</strong></span> <span class='ocrx_word' id='word_1_1019' title='bbox 2846 5748 3117 5800; x_wconf 84' lang='lat' dir='ltr'><strong>tributum.</strong></span> <span class='ocrx_word' id='word_1_1020' title='bbox 3158 5743 3217 5797; x_wconf 76' lang='lat' dir='ltr'><strong>in</strong></span> <span class='ocrx_word' id='word_1_1021' title='bbox 3252 5744 3405 5799; x_wconf 85' lang='lat' dir='ltr'><strong>editt.</strong></span> <span class='ocrx_word' id='word_1_1022' title='bbox 3441 5743 3540 5796; x_wconf 81' lang='lat' dir='ltr'><strong>Ar.</strong></span> <span class='ocrx_word' id='word_1_1023' title='bbox 3573 5747 3634 5803; x_wconf 74' lang='lat' dir='ltr'><strong>et</strong></span> 
     </span>
    </p>
   </div>
  </div>
