3954 6372
358 236 505 303 1877

360 358 528 414 Merc.
558 354 613 408 2.
648 355 795 407 dare.

435 426 493 480 P.
517 425 642 479 321.
666 422 925 476 Timorem
955 419 1246 475 Dei.Editt.
1275 434 1397 473 eum

365 493 524 551 Voss.
543 506 596 546 et
626 492 791 546 Merc.
809 490 861 543 2.
885 492 1124 543 timorem
1156 490 1388 544 Domini.

436 563 661 629 Propter
704 562 822 614 hoc.
863 560 1094 615 Feuard.
1134 562 1186 615 in
1223 574 1394 628 marg.

359 644 418 689 et
446 633 601 687 Voss.
630 634 762 685 lia’c.

436 702 503 755 Et
555 712 736 754 contra
788 698 995 767 Legem.
1053 699 1220 754 Editt.
1274 716 1398 757 cum

360 774 458 825 Ar.
491 781 545 823 et
582 770 743 823 Merc.
776 768 830 822 2.
866 770 1119 820 omittunt
1151 778 1223 823 et.

434 840 542 893 Illo
570 850 815 904 tempore.
856 838 947 891 Er.
983 837 1123 892 Gali.
1164 839 1397 895 Feuard.

361 918 416 964 et
445 910 543 962 Ar.
573 908 911 976 prmmittunt
938 907 1015 959 in.

431 979 557 1032 522.
647 976 724 1028 Ad
799 976 1225 1034 obliviscendum.
1296 977 1399 1037 1Ῑά.

361 1062 483 1101 cum
513 1046 680 1099 Merc.
715 1045 768 1099 1.
787 1048 1123 1114 ριἐειιιιιιιιιιι
1150 1058 1218 1100 et.

433 1115 500 1168 Et
532 1131 633 1167 non
771 1122 966 1167 autem.
1001 1114 1095 1167 lid.
1143 1116 1400 1171 omittunt

360 1196 558 1238 autem.
599 1185 753 1240 Voss.
782 1198 911 1235 vero
938 1185 1141 1238 omittit
1164 1195 1233 1239 et.

432 1253 497 1306 In
524 1254 872 1322 Jerosolymis
900 1288 966 1322 η.
1034 1254 1391 1322 dispositione.

360 1320 529 1375 Eulitt.
566 1339 689 1378 cum
719 1320 812 1377 Ar.
837 1333 888 1375 et
912 1320 1078 1376 Merc.
1107 1320 1163 1378 2.
1194 1329 1397 1380 omisso

358 1392 413 1443 in
443 1393 642 1447 habent
675 1409 766 1460 per
788 1393 1202 1459 dispositionem.

428 1464 558 1516 523.
592 1461 706 1515 Hoc
738 1463 880 1515 item.
911 1461 1008 1513 lid.
1045 1461 1138 1513 hoc
1168 1462 1330 1517 idem.

431 1530 564 1584 Cum
614 1531 775 1583 alius.
832 1532 924 1586 Er.
973 1529 1112 1584 Gali.
1158 1542 1211 1585 et
1255 1531 1389 1586 Feu.

356 1596 562 1656 interse
571 1611 696 1653 runt
729 1611 922 1654 autem.

437 1666 727 1724 Visionem.
794 1669 960 1723 Editt.
1010 1683 1133 1725 cum
1192 1668 1283 1725 Ar.
1339 1678 1395 1725 et

357 1737 526 1795 Merc.
562 1740 617 1795 2.
650 1739 896 1794 visiones.

429 1809 499 1862 Et
548 1810 600 1865 in
649 1811 824 1867 corde.
858 1811 950 1865 Er.
979 1808 1120 1864 Gall.
1160 1816 1214 1865 et
1254 1806 1390 1864 Feu.

356 1880 618 1933 omittunt
646 1888 716 1932 et.

430 1947 673 2017 Offerunt
735 1947 979 2002 Domino.
1048 1947 1220 2002 Editt.
1266 1962 1393 2003 cum

1598 233 2040 291 CLOSSABIUM
2076 231 2440 292 CBECUM."

1470 350 1564 405 Ar.
1595 361 1648 405 et
1685 352 1845 404 Merc.
1875 352 1929 405 2.
1950 351 2080 407 Deo.

1523 422 1921 539 lrinauntiatus.
1990 420 2083 474 Est
2143 417 2383 472 additum
2453 416 2503 470 in

1544 501 1623 539 ιιι.

1470 501 1623 543 etltlt.

1543 559 1669 612 59.4.
1722 556 1826 612 Sed
1875 566 2193 612 asseverant.
2251 557 2417 613 Merc.
2452 558 2499 612 1.

1472 639 1735 681 αδδενιιηι.

1546 697 1609 749 1η
1635 698 1739 764 ﬁne
1765 698 2000 763 perfecit.
2036 694 2194 750 Voss.
2228 697 2279 748 in

1474 764 1705 819 Feuard.
1737 768 1960 834 perﬁcit.

1543 836 1621 888 Ab
1673 832 1933 888 omnibus.
1984 834 2117 890 Feu.
2150 832 2201 887 ili
2237 848 2407 903 marg.
2455 843 2509 889 et

1473 905 1632 959 Voss.
1665 909 1728 956 ab
1754 906 2076 956 nominibus.

1543 974 1709 1027 Suum
1800 973 2107 1028 Dominum.

1470 1042 1658 1097 Deum.

1541 1112 1666 1168 325.
1704 1111 1808 1177 Qui
1838 1121 2169 1178 purpuratus
2199 1121 2295 1167 est.
2345 1110 2501 1167 Voss.

1470 1184 1607 1253 quod
1640 1189 1999 1253 purpuratum
2025 1192 2120 1235 est.

1544 1252 1611 1305 In
1638 1252 2090 1321 resurrectionem.
2117 1251 2325 1305 Arund.
2351 1251 2507 1321 opmit-

1474 1322 1534 1379 lit
1566 1322 1663 1384 in;
1713 1318 1867 1375 Voss.
1904 1320 2066 1372 habet
2106 1319 2504 1374 surrectionem.

1539 1390 1662 1445 326.
1722 1388 1947 1456 Propter
1992 1390 2109 1443 hoc.
2164 1390 2332 1445 Editt.
2383 1404 2504 1444 cum

1469 1459 1636 1514 Merc.
1666 1459 1724 1513 2.
1760 1458 1897 1512 ideo.

1540 1529 1650 1583 Sua
1679 1528 1962 1583 voluntate.
2000 1528 2206 1582 Arund.
2239 1544 2358 1581 cum
2404 1544 2501 1583 sua

1466 1600 1566 1653 vol.

1537 1668 1668 1733 Quis
1723 1664 1929 1721 similis.
1993 1665 2092 1721 Est
2144 1666 2389 1721 additum
2442 1667 2497 1721 in

1465 1737 1596 1791 Feu.
1628 1738 1761 1791 edit.

1537 1806 1603 1859 In
1653 1806 2030 1872 captivitatem.
2088 1805 2178 1862 Er.
2246 1803 2390 1860 Gali.
2445 1814 2499 1862 et

1464 1876 1598 1933 Feu.
1643 1875 1928 1943 praeﬁgunt
1948 1886 2019 1929 et.

1535 1945 1604 1999 In
1650 1945 1849 2014 gladio.
1893 1944 1956 1997 In
2006 1945 2159 1999 deest
2200 1943 2255 1997 in
2290 1944 2495 1998 Arund.

2313 696 2467 765 ﬁnem
2486 713 2505 761 ;

2201 970 2259 1025 lu
2344 972 2499 1028 Voss.

3477 229 3609 288 1878

2646 346 2812 418 Cujus
2838 357 3042 402 curata.
3084 348 3175 402 Er.
3215 346 3350 403 Call.
3381 359 3433 403 et
3472 349 3604 404 Fcu.

2581 420 2915 486 prtemittunt
2945 427 3015 470 et.

2649 487 2968 550 Imaginem.
3029 488 3215 541 Autem
3278 485 3497 540 additur
3554 488 3610 542 in

2575 559 2695 609 rod.
2742 555 2901 611 Voss.
2920 574 2941 617 _'

2650 623 2718 677 Ut
2760 642 2859 678 non
2903 626 3087 692 possit.
3141 626 3305 679 Edill.
3353 641 3475 681 cum
3508 624 3608 682 Ar.

2578 706 2634 757 et
2662 694 2823 748 Merc.
2857 695 2910 747 2.
2947 711 3008 749 ne
3037 698 3216 762 possit.

2652 764 2780 820 327.
2821 764 2915 817 Die
2959 778 3125 817 sexto.
3158 765 3248 818 Er.
3293 764 3435 820 Gall.
3472 763 3605 820 Feu.

2582 844 2629 888 et
2659 834 2821 886 Merc.
2865 835 2922 887 2.
2954 835 3289 902 pra'miltunt
3320 837 3397 888 in.

2651 903 2838 973 Initio.
2874 903 2942 957 In
2986 905 3269 973 praeﬁgunt
3306 904 3402 957 iid.
3449 902 3605 958 editi.

2653 972 2847 1026 Oculos
2875 989 3021 1027 suos.
3056 972 3192 1028 Suos
3218 973 3368 1026 deest
3407 974 3459 1027 in
3492 988 3609 1026 om-

2579 1045 2736 1098 nibus
2759 1042 2914 1095 editt.
2948 1058 3011 1095 ac
3040 1046 3132 1097 Ar.
3168 1054 3219 1096 et
3251 1042 3414 1097 Merc.
3446 1042 3503 1096 2.

2646 1112 2771 1166 329.
2808 1110 3179 1181 Subsequitur.
3231 1111 3398 1167 Editt.
3430 1112 3609 1166 subse-

2614 1192 2786 1235 uetur.

2577 1200 2786 1251 querar.

2652 1252 2866 1331 Carere.
2898 1250 2996 1306 lid.
3019 1266 3140 1307 cum
3164 1250 3260 1305 Ar.
3283 1259 3336 1306 et
3367 1248 3530 1308 Merc.
3550 1248 3606 1303 2.

2579 1337 2773 1377 caveri.

2650 1391 2715 1444 Et
2742 1391 3023 1444 civitatem.
3042 1390 3097 1443 In
3122 1391 3331 1444 Arund.
3361 1389 3527 1444 Merc.
3554 1391 3606 1446 1.

2576 1472 2628 1517 et
2659 1462 2792 1512 edit.
2830 1460 3002 1515 Oxon.
3037 1464 3186 1515 deest
3220 1471 3289 1513 et.

2645 1530 2768 1585 550.
2804 1529 2907 1595 Qui
2955 1544 3095 1585 ante.
3138 1531 3194 1584 in
3229 1527 3385 1587 V085.
3427 1530 3518 1596 qui
3560 1538 3608 1585 et

2574 1610 2717 1654 ante.

2643 1671 2769 1724 551.
2804 1669 2919 1722 Erit
2963 1680 3009 1722 et
3041 1668 3239 1723 Filius.
3271 1670 3441 1725 Editt.
3484 1683 3609 1724 cum

2575 1739 2740 1795 Merc.
2774 1742 3032 1795 omittunt
3057 1749 3127 1794 et.

2645 1808 2819 1880 Usque
2843 1812 2916 1862 in.
2942 1809 3036 1863 lid.
3062 1823 3183 1863 cum
3204 1807 3300 1864 Ar.
3325 1824 3488 1880 usque
3513 1808 3605 1863 ad.

355 2090 3603 2130 ψ

1175 2165 2078 2365 GLOSSARIUM
2156 2248 2791 2362 GRAECUM

432 2454 787 2520 Continens
819 2471 924 2517 eas
960 2468 1145 2517 voces
1194 2451 1293 2515 vel
1326 2470 1477 2532 quas
1499 2453 1577 2514 ah
1609 2468 1736 2514 usu
1766 2452 2092 2514 cammuni
2126 2450 2505 2532 remotior-es
2535 2456 2706 2523 sunt,
2746 2447 2842 2510 vel
2868 2464 3136 2527 quarum
3176 2448 3525 2528 signiﬁcata

1603 2538 1755 2593 sunt
1790 2532 2034 2594 [remeo
2065 2528 2347 2612 pr0pria.

596 2695 892 2751 Revocat’ur
926 2695 1116 2751 Lector
1144 2695 1215 2749 ad
1246 2693 1537 2752 numeral“
1562 2704 1714 2750 notas
1739 2709 1871 2764 quas
1903 2695 2205 2747 charactere
2235 2690 2489 2746 crassiori
2518 2690 2685 2746 textui
2710 2690 3017 2744 inserendas
3044 2689 3365 2745 curavimus.

419 3006 956 3075 ‘A6pd£a¢.Nomen
987 3007 1146 3076 primi
1179 3020 1241 3059 ac
1259 3022 1392 3074 prte-

348 3077 495 3145 cipui
525 3080 644 3133 caeli
673 3076 1133 3132 Basilidianorum
1160 3115 1175 3141 ,
1206 3076 1311 3131 N2
1336 3086 1389 3131 et

352 3155 465 3199 not.

420 3213 670 3284 ‘Arcirm.
695 3216 905 3283 Agape.
934 3213 1186 3272 Charitas
1208 3256 1223 3277 ,
1249 3215 1382 3268 dile-

350 3285 481 3338 ctio.
515 3285 771 3353 Vigesimi
831 3286 1007 3351 quarti
1058 3284 1390 3340 Valentinia-

350 3368 551 3406 norum
586 3352 815 3423 Alanis,
864 3354 1074 3409 Metrici
1118 3353 1387 3423 conjugis,

349 3437 568 3487 nomen,
600 3422 652 3475 7.

422 3491 764 3561 Ἀγήρατος,
796 3494 1078 3563 Ageratos.
1108 3491 1255 3547 Seuii
1290 3508 1388 3563 cx-

388 3576 497 3625 ers,
532 3577 636 3613 non
686 3562 994 3624 senest-ens,
1036 3562 1384 3617 immortalis.

404 3650 432 3682 ιι
474 3632 630 3686 ecimi
655 3630 1159 3687 Velentinianorum
1190 3631 1385 3688 IEonis

350 3716 569 3759 nomen,
593 3700 644 3753 6.

419 3769 725 3839 Ἀγώγιμα.
762 3771 1109 3825 adlectantia.
1149 3770 1384 3824 Illicien-

348 3842 423 3895 tia
449 3843 765 3908 pharmaca,
800 3840 1106 3904 cautiones,
1137 3842 1384 3893 incanta-

348 3920 550 3971 menta,
574 3909 663 3963 ()3.

418 3977 634 4046 Ἀγών,
678 3978 894 4047 agonia.
932 3977 1218 4041 Anxietas,
1264 3978 1377 4033 dis-

347 4050 577 4109 crimen,
608 4048 659 4101 9.

418 4117 705 4181 Ἀεινους,
740 4116 930 4170 ΑΞιςοε.
964 4115 1113 4173 Mens
1156 4124 1378 4170 mterna.

349 4187 607 4250 Vigesimi
655 4188 830 4254 quinti
877 4186 1378 4240 Valentinianorunt

346 4255 540 4312 dionis
573 4271 788 4318 nomen,
810 4256 861 4307 7.

418 4324 803 4389 Ἀθήλυντος.
842 4325 1079 4381 Feminte
1137 4340 1241 4378 non
1270 4324 1377 4380 illi-

345 4406 528 4467 gatus.
554 4395 625 4467 10
650 4405 703 4449 et
740 4405 853 4467 not.

428 4465 726 4533 Ἀθρηξιά,
762 4464 1158 4529 immortalitas,
1194 4464 1299 4519 554
1326 4473 1383 4518 et

344 4546 458 4592 nat.

411 4605 580 4667 Αὶὼν,
617 4607 851 4672 proprie,
871 4605 1150 4667 surculum,
1178 4618 1378 4658 aevum.

346 4675 420 4729 Ex
445 4676 825 4729 Guosticornm
856 4691 951 4729 usu
988 4676 1261 4744 signiﬁcat
1290 4674 1375 4727 di-

343 4747 528 4798 vinum
584 4746 861 4811 quiddam,
925 4760 1018 4798 seu
1074 4746 1377 4813 proprieta-

346 4824 475 4875 tem,
507 4828 600 4866 seu
622 4813 937 4878 Personam,
965 4829 1057 4867 seu
1089 4815 1256 4867 etiam
1276 4830 1376 4865 an-

341 4885 545 4957 gelum.
579 4881 789 4938 Passim
819 4886 959 4957 apud
1000 4885 1258 4938 lremeum
1280 4898 1372 4937 oc-

342 4954 535 5008 currit.

412 5023 805 5095 Ἀκράτητος,
850 5023 1372 5095 ἰιιεοιηιιτθιιθιιεὶιιίτ

343 5092 429 5146 lis.
480 5096 523 5146 A
562 5092 1043 5161 comprehensione
1083 5102 1257 5157 tutus;
1284 5092 1374 5163 qui

344 5164 670 5233 reprehendi
698 5179 795 5217 seu
825 5164 995 5219 teneri
1035 5180 1141 5217 non
1171 5172 1374 5233 potest,

338 5231 430 5289 55.
456 5232 544 5293 61,
578 5233 663 5289 97.

413 5301 795 5372 Ἀκρατήτως,
856 5305 1370 5374 inappreliensihili-

342 5381 442 5435 ler,
492 5392 519 5426 ιι
562 5377 1053 5446 comprehensione
1089 5376 1228 5446 (scil.
1273 5392 1371 5444 po-

342 5451 598 5497 testatum
638 5444 977 5513 inl'eriorum)
1017 5444 1148 5505 tuti,
1196 5446 1267 5497 ita
1312 5456 1370 5499 ut

338 5515 724 5581 comprehendi
759 5531 854 5569 seu
882 5516 1048 5569 teneri
1078 5518 1148 5570 ah
1174 5517 1239 5569 iis
1264 5532 1366 5570 non

338 5587 567 5650 possint,
598 5584 686 5643 32.

406 5651 738 5723 Ἀκίνητος,
782 5655 1058 5712 Acinclos.
1104 5654 1364 5727 immobi-

1462 2937 1553 2991 lis.
1570 2936 1772 2991 Decimi
1795 2936 1969 3005 quinti
1991 2935 2495 2991 Valentinianorum

1462 3006 1653 3061 IEonis
1683 3022 1899 3069 nomen,
1930 3006 1985 3062 6.

1532 3073 1825 3140 Ἀλήθεια,
1856 3076 2089 3137 Alethia,
2124 3074 2495 3129 Aletlieia.Ve-

1464 3145 1626 3208 ritas;
1649 3147 1827 3213 quarti
1847 3142 2354 3198 Valcntinianorum
2369 3143 2496 3197 1Εο-

1462 3217 1567 3276 nis,
1599 3216 1676 3267 Nu
1701 3215 1948 3283 conjugis
1978 3229 2197 3269 nonnon.
2216 3213 2493 3283 Frequens

1463 3287 1599 3353 apud
1629 3284 1909 3338 lremeum.

1532 3357 1915 3414 'A.l.ldxoccr,
1962 3368 2066 3405 non
2117 3361 2288 3405 stans.
2341 3351 2497 3405 Man--

1461 3433 1719 3478 slrosmn.
1752 3425 2068 3485 absurdum,
2099 3422 2151 3473 5.

1531 3492 1950 3561 Ἀναδραμεῖν,
2033 3506 2338 3545 recurrere.
2413 3490 2494 3545 Ad

1461 3577 1653 3628 supera
1686 3577 1742 3615 se
1767 3562 2054 3626 recepisse,
2086 3561 2174 3617 18.

1530 3632 2058 3699 Ἀνακεφαλαιοῦν,
2110 3630 2490 3699 recapitulare.

1458 3702 1807 3763 lnstaurare,
1858 3715 2160 3763 renovare,
2214 3701 2492 3768 quidpiam

1457 3772 1620 3825 alicui
1655 3785 1753 3822 ceu
1785 3772 1949 3837 capiti
1978 3767 2256 3836 copulare.
2284 3767 2412 3821 llem
2439 3769 2490 3821 in

1458 3854 1723 3908 summam
1757 3840 2020 3908 redigere,
2049 3838 2362 3890 summatim
2387 3837 2494 3891 col-

1458 3909 1648 3978 ligere.
1677 3907 1956 3976 Frequens
1979 3908 2119 3973 apud
2152 3908 2433 3978 Irenaeum.

1527 3974 2069 4045 Ἀνακεχὼρηκότα,
2099 3986 2372 4043 separata.
2390 3974 2493 4028 Ab-

1455 4059 1659 4112 strusa,
1687 4051 1754 4101 ab
1782 4048 2068 4101 hominum
2098 4045 2290 4098 notitia
2313 4060 2491 4101 semo-

1454 4129 1524 4172 ta.
1546 4117 1636 4171 20.

1523 4185 2093 4246 Ἀνακοινώσασθαι,
2135 4184 2484 4253 participare.

1454 4260 1581 4321 Pro,
1608 4258 2034 4319 communicare,
2073 4255 2392 4329 participem
2409 4256 2487 4309 fa-

1453 4344 1595 4389 cere.
1626 4342 1914 4391 exponere,
1946 4329 1998 4379 8.

1524 4397 1855 4464 ’Artilmi-tc
1910 4395 2015 4449 τοῦ
2081 4395 2321 4464 Κυρίου,
2387 4395 2487 4450 As-

1453 4468 1688 4536 sumptio
1719 4463 1956 4536 Doinini:
1981 4468 2241 4522 Ascensio
2271 4463 2483 4520 Domini

1455 4538 1509 4592 in
1540 4534 1758 4593 coelum.
1798 4534 2059 4596 195,207.

1525 4606 1987 4670 Ἀναπτύσσειν,
2037 4604 2330 4659 revolvere.
2380 4604 2485 4658 Ex-

1453 4679 1676 4749 plit'are.
1704 4677 1793 4749 5l_.

1518 4745 2002 4814 Ἀνεκλάλητος,
2093 4742 2480 4813 ineloquibilis.

1447 4818 1547 4884 Qui
1582 4819 1740 4871 nullis
1770 4819 1949 4871 verbis
1992 4814 2222 4885 exprimi
2276 4825 2478 4883 potest,

1517 4957 1924 5024 Ἀνεννόητος,
1958 4956 2325 5024 Anennoelos.
2369 4952 2476 5009 Co-

1449 5030 1763 5100 gitationem
1788 5022 2079 5100 superans,
2111 5024 2200 5088 55,
2231 5022 2318 5100 ϐῆ.

1525 5093 1887 5164 ,Ανθρωποςῐν
1925 5095 2254 5163 AnthrOpos.
2285 5093 2476 5162 Homo,

1451 5169 1664 5237 septimi
1730 5167 2229 5237 Valentinianorum
2285 5166 2479 5223 Eonis

1451 5236 1667 5292 nomen.
1699 5236 1978 5304 Frequens
2007 5236 2146 5305 apud
2165 5236 2448 5291 lremeum.

1521 5306 2067 5376 Ἀντεπερώτησις,
2116 5320 2146 5358 e
2201 5308 2478 5361 contrario

1441 5378 1827 5503 £i)12iti:t‘ro[g;atio.
1864 5379 2047 5432 Mutua
2098 5377 2473 5449 interrogatio,

1513 5518 1869 5586 Ἀναλογία,
1894 5518 2246 5586 ambiguitas.
2273 5516 2477 5573 Obscu-

1444 5605 1561 5642 rum
1591 5589 1718 5658 quid
1741 5630 1753 5652 ,
1799 5598 2232 5656 controversum,
2274 5591 2338 5642 de
2368 5604 2475 5657 quo

1445 5660 1766 5730 disputatur,
1792 5658 1917 5713 26:3.

2636 2934 3601 3000 ‘Arvaro'a’tatorﬁnsuhstantivum.

2566 3004 2719 3071 Quod
2764 3006 3069 3059 consistere
3111 3018 3379 3071 nequeat,
3416 3008 3606 3062 absur-

2565 3078 2714 3134 dum,
2743 3074 2811 3127 47
2839 3084 2892 3127 et
2920 3074 3032 3128 not.
3412 3076 3415 3077 ⁷

2639 3144 3031 3213 Ἀπάνθισμα,
3078 3143 3410 3201 Flosculum.
3463 3146 3603 3202 Deli-

2566 3213 2736 3275 hatio,
2770 3213 3078 3275 defloratio,
3108 3215 3165 3268 5.

2638 3282 2928 3351 Ἀπαρχὴ,
2979 3285 3280 3352 ἀπαρχαί,
3324 3285 3598 3352 delibatio,

2570 3352 2742 3405 initia.
2774 3352 3050 3416 Primitiae,
3086 3355 3183 3408 59.

2640 3424 2927 3495 ’ᾼπάτῳμ
2943 3425 3165 3492 Apator.
3185 3423 3362 3479 Patris
3380 3441 3598 3495 expers.

2570 3490 2665 3564 Sic
2690 3490 3035 3564 Demiurguin
3065 3509 3220 3548 suum
3253 3490 3600 3564 appellabant

2575 3560 2963 3629 Valentiniani,
2998 3564 3139 3631 quod
3168 3560 3339 3618 solani
3369 3578 3596 3620 matrem

2567 3631 2869 3685 Acbatuotb
2908 3633 3168 3698 haberet,
3206 3632 3419 3689 Patrem
3469 3651 3597 3691 vero

2568 3702 2791 3762 nullum,
2824 3702 2916 3754 24.

2636 3770 3090 3836 Ἀπειροκαλία,
3126 3771 3452 3839 ignorantia.
3484 3771 3595 3826 Rn-

2565 3836 2652 3891 dis
2678 3839 3029 3905 simplicitas.
3067 3836 3359 3906 imperitia,
3393 3842 3519 3895 329.

2634 3908 3074 3975 Ἀπειρότερος,
3125 3909 3491 3977 inexpertior,
3540 3913 3592 3967 id

2552 3978 2648 4031 est
2674 3978 2876 4047 rudior,
2905 3978 3222 4047 imperitior,
3253 3981 3306 4033 2.

2633 4046 2991 4113 ’Δπιθάνωςί
3022 4048 3179 4110 Male,
3222 4050 3274 4104 id
3325 4057 3409 4103 est
3453 4050 3590 4104 citra

2561 4129 2775 4185 omnem
2853 4118 3309 4185 probabilitatem,
3383 4119 3595 4175 fabulas

2562 4184 2905 4241 incredibiles
2936 4188 3278 4253 venditando,
3300 4190 3355 4246 2.

2630 4254 3035 4330 Ἀποϐάλλειν.
3066 4256 3326 4330 “ejicere,
3358 4259 3593 4330 expelle~
3668 4298 3669 4303 η

2559 4339 2643 4386 re.
2676 4342 2780 4380 non
2811 4329 3117 4390 admittere,
3154 4327 3279 4384 3M.

2633 4394 2967 4519 ’Ἢολύειη
3002 4398 3300 4453 remittere.
3345 4399 3591 4455 Dimitte-

2560 4481 2639 4528 re,
2670 4481 2758 4519 ιιυ.

2629 4536 3084 4604 Ἀπολύτρωσις,
3132 4536 3453 4607 redemptio.
3499 4539 3589 4594 Di-

2560 4608 2767 4679 missio,
2801 4606 3265 4679 eitodiumhﬂ‘et
3298 4606 3408 4661 not.

2626 4676 3429 4745 Ἀπολύτρωσις,ιθιιειηριίο.
3455 4679 3589 4734 Pro-

2556 4744 2717 4800 fanus
2746 4747 3068 4801 initiatioais
3109 4744 3422 4815 ritus,utio
3458 4765 3587 4805 suos

2553 4818 2948 4937 epulisecrahant
2973 4816 3238 4881 Gnostici,
3277 4818 3345 4871 et
3366 4861 3380 4887 ,
3411 4819 3503 4885 95,
3531 4829 3586 4874 et

2553 4902 2579 4937 ζ]
2608 4903 2619 4937 2
2650 4903 2706 4937 )l.

2553 4886 2706 4942 alibi.

2620 4957 2952 5026 Ἀπόρῤητα
2980 4957 3310 5027 μυστήρια,
3357 4957 3587 5027 abscon-

2552 5025 2661 5078 dita
2703 5025 2992 5097 mysteria,
3012 5030 3066 5083 in
3100 5025 3288 5100 vulgus
3324 5043 3429 5083 non
3455 5026 3587 5085 eiic-

2554 5096 2739 5148 renda.
2776 5097 2825 5148 7.

2554 5109 2739 5161 renua,
2776 5109 2825 5149 ⁷ι.
3591 5113 3599 5123 -

2621 5164 3079 5235 Ἀποτάξασθαι,
3100 5168 3598 5224 renuntiare.Nun-'

2553 5234 2684 5289 tium
2712 5240 3009 5306 remittere,
3034 5234 3220 5295 valere
3248 5239 3465 5307 jubere,
3504 5242 3587 5295 di-

2551 5307 2789 5371 mittere,
2820 5308 2909 5361 55.

2619 5374 2958 5447 Ἀπότρεχε,
2989 5394 3228 5436 recurre.
3258 5381 3380 5445 Abi,
3407 5381 3496 5435 91.

2618 5447 2987 5518 Ἀρχέγονος,
3018 5451 3430 5520 primogenitae.
3467 5452 3585 5508 Pri-

2548 5519 2816 5588 m‘genus,
2851 5521 2902 5583 5,
2926 5522 2959 5573 6
2992 5519 3047 5574 et
3076 5521 3224 5575 alibi.

2550 5658 2582 5711 Γ
2624 5590 3040 5711 Ἀίζὲμότερος,
3071 5592 3339 5651 vesanior.
3373 5591 3584 5671 Iguuiu-

2570 5675 2670 5711 ιον.
2707 5695 2737 5711 ..
2780 5697 2795 5711 .

2570 5675 2670 5723 tor,
2703 5675 2795 5713 ευ.
