3970 6346
1581 748 2500 876 ELENCHUS

671 1183 1175 1267 OPERUM
1233 1183 1507 1293 QU/E
1569 1183 1691 1265 IN
1747 1179 1992 1271 HOC
2054 1179 2394 1272 TOMO
2463 1179 3347 1268 CONTINENTUR.

534 1882 721 1944 Liber
754 1881 832 1944 de
853 1881 1120 1958 Opiticio
1152 1882 1285 1946 Dei.

545 1983 737 2044 Liber
766 1983 842 2044 de
873 1957 975 2044 Ira
1005 1983 1140 2043 Dei.
3020 1957 3028 1960 ﬁ
3073 1957 3090 1966 ’
3246 1957 3253 1960 ⁷
3292 1957 3299 1958 ί
3371 1957 3511 2042 ⁸’³7]

539 2085 916 2148 Dissertatio
944 2085 1020 2149 N.
1052 2087 1112 2147 le
1139 2086 1392 2166 Nourry
1423 2086 1487 2145 in
1521 2085 1753 2146 librum
1785 2084 1860 2146 de
1889 2085 1992 2148 Ira
2019 2085 2156 2144 Dei.
3404 2083 3522 2145 1&7

543 2187 918 2266 Disquisilio
947 2187 1186 2248 Nicolai
1220 2186 1296 2248 de
1329 2188 1596 2264 Lestocq
1634 2189 1696 2246 in
1731 2187 1966 2249 librum
1996 2186 2073 2246 de
2101 2182 2414 2245 Mortibus
2455 2187 2958 2262 persecutorum.
3409 2183 3526 2246 157

553 2289 893 2368 Appendix
925 2289 1001 2352 de
1028 2290 1279 2352 duobus
1308 2291 1466 2352 locis
1502 2289 1637 2351 cod.
1669 2307 1784 2349 ms.
1822 2287 2016 2366 hujus
2043 2287 2211 2349 libri.
2444 2319 2450 2328 -
3409 2286 3521 2346 171

539 2387 920 2450 Dissertatio
964 2387 1228 2448 Henrici
1259 2387 1562 2450 Dodwelli
1591 2387 1668 2448 de
1697 2385 1864 2466 Ripa
1885 2385 2123 2463 Striga.
3407 2383 3526 2444 175
3659 2390 3662 2394 ’

538 2487 732 2548 Liber
763 2486 840 2548 de
875 2487 1190 2549 Mortibus
1221 2493 1728 2566 persecutorum.
3407 2486 3527 2545 190

548 2585 865 2645 Lactantii
912 2585 1290 2664 fragmenta.
3400 2584 3523 2649 275

545 2687 779 2748 Incerti
817 2688 1099 2749 auctoris
1137 2690 1420 2765 1330mm
1450 2687 1783 2750 Lactantio
1821 2689 2117 2748 tributus.
3352 2687 3521 2749 Ibid.

547 2787 776 2848 Incerti
809 2790 1088 2850 auctoris
1121 2807 1376 2850 carmen
1403 2789 1478 2850 de
1514 2788 1818 2850 Passione
1845 2789 2126 2850 Domini.
3411 2791 3531 2852 283

550 2889 824 2951 Carmen
859 2889 936 2951 de
969 2890 1238 2952 Pascha.
3407 2891 3528 2955 285

551 2991 785 3052 Ctecilii
817 2990 1168 3070 symphosii
1199 2991 1520 3070 IEnigma.
3411 2993 3534 3054 289

553 3090 853 3168 Stephani
884 3092 1124 3154 Balusii
1163 3100 1328 3154 notae
1365 3095 1424 3153 in
1457 3093 1691 3154 librum
1721 3092 1798 3152 de
1828 3093 2140 3158 Mortibus
2180 3098 2680 3172 persecutorum.
3412 3099 3530 3159 297

555 3189 855 3271 Ejusdem
892 3192 957 3252 in
1001 3195 1130 3254 duo
1159 3194 1301 3254 loca
1329 3191 1612 3272 ejusdem
1649 3192 1792 3252 libri
1823 3192 1964 3253 dua:
1989 3193 2292 3272 epistola}.
3413 3199 3530 3260 3'79

553 3292 720 3353 Petri
757 3292 959 3352 Diazii
987 3293 1302 3353 sententia
1331 3291 1407 3352 de
1433 3290 1882 3370 quodan1;toco
1915 3290 2226 3354 Lactantii
2255 3303 2576 3372 corrupto.
3359 3297 3527 3359 Ibid.

554 3391 846 3470 Epistola
885 3391 1132 3452 Baluzii
1163 3391 1240 3451 ad
1272 3390 1587 3452 Diazium.
3408 3396 3529 3457 380

553 3490 856 3570 Ejusdem
883 3491 1067 3569 epist.
1099 3491 1178 3553 ad
1210 3492 1557 3556 Henricum
1584 3489 1662 3553 de
1688 3492 1897 3554 Neris.
3413 3497 3528 3558 381

549 3591 835 3671 Epistola
862 3591 1128 3652 Joannis
1159 3590 1450 3652 Columbi
1483 3592 1558 3653 ad
1588 3593 1953 3655 Gisbertum
1987 3594 2331 3674 Cuperum.
3411 3599 3533 3659 385

556 3693 803 3752 Lectori
841 3691 1178 3752 benevolo.
3409 3698 3528 3759 387

556 3797 646 3857 De
689 3796 854 3856 libro
907 3797 1029 3858 hoc
1068 3797 1308 3876 judicia
1353 3803 1416 3858 et
1465 3798 1826 3860 testimonia
1863 3799 2132 3877 aliquot.
3414 3801 3534 3863 388

551 3901 818 3961 Joannis
849 3901 1139 3962 Columbi
1171 3904 1338 3962 uotae
1367 3902 1430 3961 in
1461 3901 1696 3962 librum
1754 3900 1830 3962 de
1873 3903 2189 3964 Mortibus
2244 3905 2752 3982 persecutorum.
3415 3903 3536 3964 389

555 4000 800 4061 Nicolai
827 3999 1128 4060 Toinardi
1167 4002 1475 4062 monitum
1505 4000 1750 4061 lectori.
3414 3998 3535 4060 1‘35

555 4101 732 4161 Notae
757 4099 1059 4160 Toinardi
1107 4100 1168 4160 in
1195 4099 1431 4160 librum
1465 4100 1540 4159 de
1573 4097 1888 4161 Mortibus
1927 4107 2433 4178 persecutorum.
3360 4098 3530 4162 Ibid.

557 4201 831 4262 Gisberti
867 4200 955 4262 Cu
965 4200 1098 4278 peri
1135 4206 1320 4262 notae.
3415 4200 3537 4261 1:63

565 4304 744 4364 Pauli
777 4301 1010 4364 Baudri
1045 4305 1212 4364 nota:
1241 4303 1302 4362 in
1338 4302 1570 4364 librum
1601 4302 1678 4364 de
1707 4302 2020 4362 Mortibus
2052 4307 2558 4377 persecutorum.
3416 4303 3536 4363 587

561 4405 942 4466 Dissertatio
974 4405 1048 4465 N.
1081 4405 1136 4465 te
1163 4405 1414 4485 Nourry
1441 4406 1504 4465 in
1535 4405 1766 4466 librum
1793 4403 1868 4463 de
1898 4403 2214 4462 Mortibus
2249 4408 2752 4482 persecutorum.
3405 4407 3524 4468 839

561 4507 859 4588 Ejusdem
890 4508 1370 4586 disquisitioncs
1401 4507 1776 4586 dogmaticaa
1806 4506 1867 4566 in
1896 4505 2324 4568 Lactantium.
2463 4580 2472 4586 _
3378 4507 3522 4574 1011
