3970 6376
469 437 538 494 ut
797 397 802 404 ’
1431 436 1615 493 Finit.
1656 433 2070 496 LAC'I‘ANTIH

2184 476 2188 490 .
2234 435 2322 492 DE
2357 437 2647 496 OPlFlGlO
2687 441 2815 498 DEI.

3685 441 3766 502 EO

465 551 711 624 giliorem
737 553 923 618 multo,
948 565 1104 620 quam
1133 564 1275 606 nunc
1295 559 1398 614 est,
1429 550 1720 607 dummodo
1747 550 2055 614 humanam,
2085 548 2138 609 Α
2165 559 2294 614 mat,
2319 555 2459 622 quod
2506 562 2588 608 est
2619 553 2831 624 ingrati,
2874 565 2967 610 aut
3006 555 3088 627 (ιιι
3111 557 3292 612 verius
3334 555 3645 628 loquamur)
3674 559 3765 612 in-

467 660 627 714 qttatn
671 645 814 700 illam
849 644 1264 700 irrationabilem
1301 644 1626 700 firmitatem.
1669 645 1774 700 Sed
1815 645 2060 700 videlicet

471 736 760 802 prudentes
802 735 917 799 viri,
967 750 1140 806 neque
1171 735 1402 790 hominis
1430 737 1690 790 rationem
1721 737 1906 794 volunt
1934 750 2058 790 cum

469 827 770 895 fragilitate.
805 843 978 899 neque
1023 837 1292 883 mutorum
1340 831 1642 884 lirmitatetu
1675 831 1790 884 sine
1831 829 2057 884 ratione.

465 919 617 989 Quod
661 918 792 974 nihil
839 929 922 976 est
949 930 1055 974 tam
1083 936 1410 990 repugnans,
1463 933 1676 990 tamque
1704 923 2054 987 contrarium,

463 1011 607 1081 quod
635 1013 1052 1083 unumquodque
1070 1013 1290 1080 animal,
1313 1023 1403 1067 aut
1425 1017 1562 1068 ratio
1587 1015 1812 1068 instruat
1838 1027 2060 1068 necesse

464 1112 569 1170 est,
599 1112 692 1159 aut
719 1104 956 1159 conditio
991 1114 1216 1159 natura).
1252 1105 1306 1160 Si
1355 1105 1683 1161 naturalibus
1714 1105 2060 1160 munimentis

463 1191 782 1260 instruatur,
822 1208 1150 1261 supervacua
1201 1195 1338 1250 ratio
1367 1205 1468 1249 est.
1509 1193 1646 1261 Quid
1671 1195 1812 1250 enim
1839 1193 2058 1264 excogi-

465 1283 642 1340 tabit?
675 1284 801 1354 quid
832 1283 1030 1340 faciet?
1057 1293 1150 1340 aut
1177 1285 1303 1352 quid
1336 1285 1622 1340 molietur?
1647 1296 1740 1342 aut
1765 1285 1818 1341 in
1849 1301 1956 1357 quo
1979 1285 2060 1340 lu-

463 1393 587 1434 men
617 1377 752 1434 illud
774 1379 970 1448 ingenii
997 1379 1266 1444 ostendet,
1292 1395 1412 1434 cum
1439 1395 1524 1442 ea,
1551 1395 1670 1449 qua:
1693 1389 1916 1447 possunt
1939 1393 2060 1434 esse

461 1471 705 1537 rationis,
754 1471 896 1526 ultro
927 1481 1114 1527 natura
1142 1472 1442 1528 concedat?
1470 1473 1525 1528 Si
1549 1482 1727 1527 autem
1758 1475 1965 1527 ratione
1990 1471 2060 1527 sit

461 1561 768 1633 praeditum,
815 1562 942 1633 quid
979 1576 1116 1632 opus
1142 1563 1248 1618 erit
1287 1563 1601 1633 sepimentis
1629 1563 1909 1632 corporis?
1937 1579 2056 1618 cum

461 1653 630 1709 semel
658 1669 914 1710 concessa
956 1655 1092 1712 ratio
1117 1665 1322 1710 naturai
1354 1671 1548 1710 munus
1587 1656 1756 1725 possit
1798 1655 2057 1724 implere:

460 1761 583 1815 qua:
606 1745 823 1816 quidem
851 1754 1057 1801 tantum
1084 1747 1227 1802 valet
1254 1747 1322 1801 ad
1367 1747 1665 1802 ornandum
1699 1747 2060 1818 tuendumque

463 1835 763 1900 hominem,
796 1843 856 1890 ut
904 1835 1037 1890 nihil
1067 1837 1298 1905 potuerit
1328 1837 1500 1906 majus
1544 1851 1610 1892 ac
1645 1836 1838 1892 melius
1881 1852 1910 1889 a
1951 1837 2062 1891 Deo

2159 642 2299 697 sani.
2332 643 2500 708 Plato,
2528 655 2586 698 ut
2611 647 2730 711 hos,
2758 646 2942 711 credo,
2965 648 3203 717 ingratos
3225 647 3520 715 refelleret,
3541 657 3762 703 natura!

2159 734 2360 802 gratias
2388 736 2520 804 egit,
2547 738 2687 805 quod
2729 737 2891 793 homo
2931 749 3086 793 natus
3128 751 3289 793 esset.
3313 739 3465 807 Quod
3493 749 3551 794 et
3576 741 3762 810 ipsum

2160 825 2316 892 quale
2343 827 2432 890 sit,
2475 842 2577 880 non
2609 839 2686 881 est
2714 827 2874 898 hujus
2904 829 3139 884 materia:
3177 829 3502 898 ponderare.
3535 830 3763 898 Quanto

2161 915 2374 980 ntelius,
2405 927 2460 970 et
2501 919 2706 984 sanius,
2750 920 2838 988 qui
2896 921 3060 974 sentit
3105 920 3468 974 conditionem
3514 920 3763 976 hominis

2160 1019 2282 1059 esse
2311 1005 2609 1074 meliorem,
2637 1024 2795 1078 quam
2841 1009 2948 1072 isti,
2977 1010 3064 1080 qui
3091 1023 3150 1064 se
3179 1009 3411 1079 pecudes
3441 1023 3600 1066 natos
3627 1028 3760 1067 esse

2159 1097 2483 1152 maluerunt.
2511 1099 2660 1164 Quos
2702 1101 2746 1154 si
2778 1101 2916 1155 Deus
2942 1102 2992 1156 ιιι
3021 1117 3082 1156 ea
3111 1101 3250 1157 forte
3277 1103 3612 1158 converterit
3643 1103 3761 1157 ani-

2161 1191 2342 1256 malia,
2370 1206 2596 1261 quorum
2637 1202 2836 1248 sortem
2870 1192 3163 1263 prarferuot
3199 1209 3331 1259 sure,
3359 1195 3470 1264 jam
3505 1194 3761 1265 profecto

2159 1282 2378 1352 cupiant
2425 1284 2741 1354 remigrare,
2773 1286 3083 1356 magnisque
3129 1286 3457 1341 clamoribus
3479 1288 3760 1342 conditio-

2163 1389 2282 1427 nem
2307 1374 2584 1443 pristinam
2607 1377 2850 1446 ﬂagitent
2875 1393 2891 1442 ;
2923 1377 3044 1447 quia
3073 1393 3178 1433 non
3216 1385 3301 1433 est
3343 1379 3472 1432 tanti
3498 1378 3668 1433 robur
3693 1394 3763 1435 ae

2161 1464 2386 1520 ﬁrmitas
2413 1468 2674 1536 corporis,
2708 1477 2765 1522 ιιι
2783 1467 2962 1522 officio
2989 1468 3182 1538 lingu-.e
3210 1483 3420 1535 careas,
3448 1477 3543 1522 aut
3571 1469 3760 1524 avium

2162 1570 2259 1626 per
2286 1571 2464 1612 aerem
2509 1558 2676 1614 libera
2699 1558 3037 1626 discursatio,
3071 1569 3130 1614 ut
3173 1559 3421 1614 manibus
3460 1559 3710 1632 indigeas
3743 1581 3756 1616 :

2165 1648 2284 1716 plus
2333 1649 2478 1704 enim
2530 1665 2721 1706 manus
2763 1661 3040 1720 pratstaut,
3073 1666 3232 1722 quam
3279 1651 3468 1706 levitas
3518 1665 3764 1723 ususque

2165 1755 2480 1808 pennarum,
2507 1741 2630 1812 plus
2667 1743 2867 1813 lingua,
2911 1758 3070 1814 quam
3105 1742 3270 1798 totius
3311 1744 3558 1814 corporis
3583 1733 3764 1800 forti-

2165 1831 2310 1886 tudo.
2341 1831 2469 1900 Quae
2519 1833 2680 1902 igitur
2719 1835 2955 1889 amentia
3005 1844 3110 1901 est,
3139 1850 3199 1891 ea
3231 1834 3510 1906 prteferre,
3539 1849 3686 1908 quae,
3717 1836 3765 1891 si

462 1925 601 1982 dari.
637 1927 878 1998 Denique
915 1943 1038 1984 cum
1067 1937 1122 1983 et
1157 1929 1400 1999 corporis
1441 1943 1548 1983 non
1579 1929 1756 1998 magni
1797 1927 1980 1991 homo,
2009 1937 2063 1983 et
2089 1918 2137 1978 B
2165 1921 2287 1978 data
2324 1923 2453 1991 sint,
2480 1924 2724 1995 accipere
2746 1925 3014 1981 detrectes
3040 1926 3064 1979 Ἰ

463 2017 778 2088 exiguarum
804 2018 1017 2083 virium,
1049 2028 1104 2074 et
1125 2019 1446 2082 valetudinis
1474 2020 1545 2074 sit
1584 2019 1844 2084 infirmat,
1884 2027 2062 2075 tamen

472 2111 725 2180 quoniam
771 2111 847 2180 id,
897 2111 1041 2182 quod
1071 2121 1154 2168 est
1192 2112 1366 2183 majus
1407 2114 1636 2182 accepit,
1673 2122 1727 2167 et
1755 2112 2065 2167 itmtructior

461 2211 550 2260 est
573 2204 786 2260 ceteris
810 2203 1154 2270 animalibus,
1184 2213 1240 2263 et
1267 2205 1526 2261 ornatior.
1557 2205 1691 2260 Nam
1719 2219 1840 2260 cum
1865 2205 2067 2276 fragilis

465 2293 860 2366 imbecillisque
886 2305 1157 2364 nascatur,
1203 2306 1378 2350 tamen
1427 2305 1482 2351 et
1527 2311 1558 2350 a
1601 2297 1762 2352 mutis
1815 2297 2068 2350 omnibus

465 2393 615 2440 tutus
653 2393 770 2450 est,
822 2396 878 2442 et
927 2402 990 2444 ea
1037 2387 1248 2452 onmia,
1303 2403 1424 2457 qua:
1447 2387 1679 2442 firmiora
1727 2396 2064 2452 nascuntur,

468 2477 680 2534 etiamsi
699 2478 808 2532 vim
837 2479 960 2534 ειειί
989 2479 1198 2536 fortiter
1219 2482 1512 2550 potiuntur,
1543 2479 1612 2532 ab
1648 2478 1864 2532 homine
1893 2489 2066 2532 tamen

470 2579 585 2625 tuta
605 2585 728 2626 esse
756 2583 862 2626 non
893 2580 1134 2640 possunt.
1167 2572 1240 2626 Ita
1272 2571 1348 2635 lit,
1379 2582 1435 2624 ut
1460 2572 1580 2640 plus
1602 2569 1806 2625 homini
1833 2570 2074 2625 conferat

474 2660 632 2726 ratio,
661 2675 820 2730 quam
853 2671 1041 2716 natura
1089 2663 1280 2726 nmtis;
1331 2661 1584 2731 quoniam
1633 2661 1684 2715 in
1726 2661 1858 2726 illis,
1898 2675 2072 2730 neque

473 2749 783 2820 magnitudo
828 2751 1046 2818 virium,
1096 2767 1269 2822 neque
1300 2751 1525 2807 ﬁrmitas
1567 2751 1813 2822 corporis
1857 2751 2074 2807 efﬁcere

471 2849 667 2910 potest,
697 2840 984 2911 quominus
1012 2851 1102 2896 aut
1131 2845 1504 2912 opprimantur
1549 2855 1579 2899 a
1625 2841 1800 2908 nobis,
1831 2850 1926 2896 aut
1950 2855 2076 2896 nos-

473 2941 571 2986 trae
601 2932 841 3002 subjecta
869 2933 975 2988 sint
1000 2935 1266 3002 potestati.

547 3021 804 3078 Potestne
829 3023 991 3094 igitur
1011 3023 1230 3095 aliquis,
1261 3039 1384 3080 cum
1414 3024 1594 3079 videat
1618 3026 1777 3079 etiam
1803 3024 1969 3080 boves
1999 3025 2079 3080 Iu-

477 3127 594 3179 cas,
617 3121 713 3168 aut
765 3128 956 3185 equos,
984 3123 1104 3170 cum
1136 3115 1538 3171 immanissimis
1567 3115 1730 3170 etiam
1755 3117 2077 3186 corporibus

477 3219 545 3260 ac
573 3204 774 3260 viribus
827 3208 1034 3262 servire
1079 3208 1304 3275 homini,
1357 3208 1506 3278 queri
1554 3204 1621 3262 de
1651 3207 1844 3278 opificc
1892 3225 2068 3264 rerum

2772 2037 2999 2095 CAPUT
3036 2039 3124 2095 IV.

2583 2151 2663 2207 De
2707 2151 3049 2207 imbecillitate
3093 2153 3330 2208 hominis.

2238 2287 2406 2346 Iidem
2431 2297 2750 2360 queruntur,
2784 2287 3059 2342 hominem
3119 2288 3322 2344 morbis
3351 2298 3405 2344 et
3455 2291 3771 2346 immatura:

2171 2381 2331 2436 morti
2374 2396 2494 2436 esse
2541 2380 2862 2450 subjectum.
2922 2380 3270 2450 Indignamur
3311 2381 3604 2447 videlicet,
3657 2399 3772 2438 non

2171 2474 2302 2528 deos
2327 2487 2386 2528 se
2403 2489 2524 2528 esse
2550 2484 2723 2527 natos.
2749 2471 2986 2535 Minime,
3016 2472 3300 2541 inquiunt:
3327 2472 3420 2528 sed
3449 2488 3514 2528 ex
3541 2473 3648 2529 hoc
3673 2471 3770 2530 os-'-

2174 2565 2464 2630 tendimus,
2489 2563 2758 2618 hominem
2812 2563 2956 2616 nulla
3005 2563 3341 2632 providentia
3387 2578 3511 2619 esse
3537 2565 3772 2631 factum,

2172 2656 2314 2727 quod
2357 2657 2514 2712 aliter
2541 2655 2657 2711 ﬁeri
2685 2655 2886 2710 debuit.
2919 2655 3057 2722 Quid
3083 2656 3128 2710 si
3157 2655 3472 2722 ostendero,
3504 2655 3558 2710 id
3587 2657 3772 2726 ipsum

2173 2761 2363 2818 magna
2385 2747 2592 2802 ratione
2617 2747 2888 2816 provisum
2935 2761 3076 2813 esse,
3105 2755 3166 2802 ut
3205 2747 3410 2803 morbis
3429 2749 3613 2802 vexari
3643 2764 3774 2818 pos-

2173 2850 2277 2908 set,
2305 2852 2360 2897 et
2387 2843 2495 2896 vita
2521 2856 2666 2912 saepe
2694 2841 2748 2896 in
2787 2841 2968 2897 medio
2993 2855 3182 2896 cursus
3208 2842 3288 2896 sui
3327 2841 3503 2910 spatio
3547 2857 3780 2912 rumpev

2175 2935 2364 2991 retur?
2392 2933 2526 2989 Cum
2563 2935 2708 2988 enim
2747 2935 2890 2990 Deus
2934 2934 3170 2998 animal,
3223 2933 3364 3004 quod
3410 2933 3638 2999 fecerat,
3669 2949 3772 2990 sua

2175 3035 2366 3096 sponte
2393 3027 2477 3082 -ad
2508 3035 2739 3082 mortem
2769 3026 2998 3081 transire
3049 3026 3411 3096 cognovisset,
3441 3037 3500 3081 ut
3532 3036 3775 3081 mortem

2178 3121 2369 3187 ipsam,
2393 3134 2512 3190 quae
2539 3127 2624 3174 est
2649 3118 2930 3174 dissolutio
2960 3127 3188 3183 naturae,
3209 3131 3404 3188 capere
3429 3129 3640 3188 posset,
3675 3120 3776 3176 de-

2175 3211 2255 3266 dit
2291 3211 2341 3266 ei
2391 3210 2754 3280 fragilitatem,
2785 3225 2906 3278 qua:
2937 3210 3095 3264 morti
3124 3209 3325 3264 aditum
3357 3209 3425 3264 ad
3449 3210 3739 3266 dissolvcn
3761 3243 3774 3254 -

480 3297 612 3360 Deo,
641 3295 786 3367 quod
834 3296 1073 3352 modicas
1100 3299 1264 3360 vites,
1314 3299 1456 3369 quod
1485 3313 1706 3368 parvum
1735 3313 1932 3368 corpus
1976 3317 2067 3356 ac—
2091 3285 2138 3349 C
2169 3305 2296 3360 dum
2326 3303 2522 3357 animal
2550 3301 2834 3357 inveniret.
2867 3299 3000 3356 Nam
3031 3301 3074 3356 si
3103 3301 3222 3370 ejus
3247 3303 3461 3358 roboris
3491 3304 3667 3364 fieret,
3693 3313 3764 3359 ,ιιι

478 3385 727 3458 ceperit?
756 3401 855 3443 nec
903 3387 1157 3444 beneficia
1209 3392 1261 3444 in
1292 3404 1350 3446 se
1369 3389 1546 3444 divina
1572 3405 1670 3462 pro
1697 3391 1890 3447 merito
1916 3395 2062 3448 msti-

2167 3395 2230 3449 ad
2255 3409 2377 3450 eum
2401 3393 2618 3449 morbus
2643 3401 2695 3448 et
2717 3393 2976 3464 aegritudo
2997 3393 3144 3448 adire
3173 3409 3279 3448 non
3305 3405 3506 3464 posset,
3526 3409 3594 3451 uc
3615 3412 3770 3452 mors

1805 3525 2159 3587 VARIORUM
2197 3529 2425 3588 NOTAE.

557 3660 724 3732 Quom
749 3663 912 3717 illaut.
947 3663 1002 3718 lu
1035 3677 1135 3718 ms.
1165 3663 1320 3724 Bov.,
1349 3677 1500 3732 quant
1525 3663 1602 3716 uel
1623 3662 1786 3717 illam.

559 3731 726 3797 Quod.
757 3733 830 3788 Ita
861 3747 1050 3788 omnes
1077 3747 1203 3788 mss.
1249 3743 1302 3788 et
1331 3733 1658 3802 antiquiores
1685 3733 1833 3788 editi.
1860 3734 2078 3791 Rectius

488 3803 664 3937 fQorsan
690 3815 808 3871 quo,
840 3813 894 3859 ιιι
922 3806 972 3860 in
999 3803 1158 3860 editis
1181 3803 1382 3872 Graph.
1407 3812 1462 3858 et
1482 3803 1627 3859 Crat.
1652 3804 1898 3876 Plerique
1927 3807 2076 3872 editi,

544 3889 682 3927 uore.

544 3889 682 3927 uore.

567 3942 716 4010 Quod
739 3941 1130 4012 unumquodque
1173 3946 1383 3999 animat.
1419 3944 1543 3998 Mss.
1575 3945 1609 3999 5
1639 3959 1746 4000 rec.
1797 3953 1850 4000 et
1889 3945 2012 4000 edd.
2043 3946 2078 4000 2

491 4027 627 4076 rec.,
655 4014 745 4066 sed
769 4015 1152 4082 unumquodque
1177 4016 1386 4069 annuat.
1417 4015 1541 4070 Mss.
1577 4017 1614 4069 2
1641 4029 1750 4070 rec.
1793 4015 1970 4082 Colb.,
2000 4027 2078 4072 ut.

569 4083 646 4137 Si.
683 4084 740 4138 In
773 4095 871 4136 ms.
906 4085 1058 4150 ιιυν.,
1094 4082 1221 4138 Etsi.

583 4153 692 4225 Yim
722 4157 852 4208 coeti.
886 4154 1041 4209 Conf.
1070 4169 1187 4224 cap.
1216 4156 1272 4220 2,
1304 4156 1404 4207 vim
1431 4156 1752 4225 pruinarum.
1783 4153 1916 4225 Bos.

574 4223 732 4277 Boves
759 4225 920 4278 lucos.
952 4225 1042 4281 Sic
1067 4223 1196 4280 mss.
1228 4227 1252 4281 1
1281 4225 1412 4279 Βοη.
1432 4223 1625 4290 antiq..
1662 4223 1946 4291 Reg.-Put.
1968 4234 2022 4278 et
2047 4225 2082 4277 2

501 4293 590 4347 alii
614 4293 768 4360 Rt-g.,
799 4294 834 4348 2
861 4295 1050 4362 Vatic.,
1074 4295 1260 4359 Cauc.,
1294 4298 1316 4350 1
1347 4295 1524 4358 Colb.,
1551 4295 1709 4358 Ultr.,
1737 4296 1891 4360 l’cn.,
1921 4295 2076 4361 Nav.,

502 4365 663 4430 VicL,
680 4366 861 4425 Gotlt..
879 4365 1024 4431 Gat.,
1045 4366 1190 4427 Em.,
1209 4367 1394 4430 Brun.,
1413 4363 1644 4419 Clarom.
1663 4381 1692 4418 a
1710 4365 1877 4434 prima
1897 4381 2079 4428 manu,

500 4435 626 4489 edit.
646 4437 1352 4505 Antwcrp.1570,Tornes.,
1365 4436 1584 4505 Soubr.,
1600 4434 1841 4499 2Paris.,
1859 4435 2078 4503 Spark.,

499 4506 693 4560 Cellar.
733 4504 876 4561 vm
897 4507 1078 4574 lectio,
1094 4523 1214 4576 qua:
1236 4508 1435 4575 placuit
1462 4504 1679 4573 Cujacio
1699 4505 2079 4576 ctPett-oCia-

500 4577 675 4654 conio.
698 4577 762 4630 Et
784 4578 853 4654 ita
878 4568 1081 4654 legituti
1096 4568 1266 4633 semel
1290 4588 1352 4654 et
1362 4568 1554 4654 iterum
1583 4575 1723 4654 apud
1747 4575 2071 4654 Lucretium,
2107 4568 2156 4628 Ι)

503 4647 593 4718 lib.
627 4661 682 4709 ν,
718 4648 875 4714 paulo
901 4645 1026 4703 ante
1051 4647 1232 4713 finem,
1263 4645 1353 4718 qui
1379 4648 1447 4700 ab
1474 4645 1696 4718 auctore
1727 4652 1910 4718 nostro
1937 4660 2070 4700 con-

503 4714 723 4772 fntatur.
755 4718 1077 4788 Elephantes
1128 4714 1307 4788 autem
1336 4725 1620 4788 vocantur
1652 4714 1798 4769 boves
1828 4717 1974 4788 (ncte,
2006 4731 2073 4770 eo

501 4789 640 4858 quod
667 4786 897 4858 primum
927 4792 978 4842 in
1005 4789 1242 4846 Lucania
1275 4787 1500 4840 fuissent
1527 4786 1647 4858 visi,
1680 4786 2075 4858 testevarrone

502 4858 568 4911 de
589 4856 720 4917 LL).
751 4859 844 4914 lib;
873 4873 946 4924 VI,
992 4860 1110 4913 Iaca
1154 4858 1262 4923 bos,
1295 4858 1521 4925 elephas.
1551 4856 1703 4922 Quod
1746 4857 1833 4910 alii
1863 4873 1968 4912 non
1993 4857 2076 4911 in-

501 4928 820 4994 telligentes,
852 4929 994 4984 lucos
1021 4939 1313 4992 mutarunt,
1340 4929 1390 4980 in
1413 4943 1590 4981 vaccas
1612 4936 1670 4981 ut
1699 4926 1890 4982 factum
1913 4937 1997 4983 est
2021 4928 2075 4982 in

501 4997 534 5050 5
563 4997 720 5068 Reg.,
746 4998 782 5052 5
832 4998 1030 5065 Vatic.,
1061 5002 1096 5055 5
1131 4997 1312 5061 Colb.,
1337 4999 1362 5050 1
1392 4997 1593 5068 δικ-ὑπ
1613 4999 1638 5051 1
1671 4998 1905 5068 Clarum.
1935 5013 1964 5052 a
1991 5015 2078 5051 se-

500 5066 670 5122 cunda
717 5083 900 5134 manu,
929 5069 983 5122 in
1030 5071 1118 5124 ed.
1157 5069 1314 5122 Rom.
1344 5066 1504 5132 1468,
1537 5066 1694 5130 1470,
1724 5067 1872 5134 Ald.,
1905 5069 2074 5123 Paris.

501 5137 664 5205 1525,
712 5136 886 5203 Crat.,
914 5137 1154 5203 Fasitel.,
1179 5138 1430 5192 Thomas.
1456 5137 1511 5192 In
1545 5138 1570 5192 1
1597 5137 1766 5193 Vatic.
1797 5149 1899 5202 est,
1931 5140 2078 5192 lucu-

502 5224 630 5272 uos;
653 5209 754 5264 ini
787 5207 1036 5263 aLVatic.
1059 5220 1112 5264 et
1143 5210 1168 5262 1
1201 5207 1376 5274 Colb.,
1403 5208 1577 5275 lucos;
1609 5207 1851 5276 inLips.,
1882 5208 2030 5276 lupos
2058 5225 2079 5272 ,°

501 5278 552 5330 in
581 5280 758 5342 (Iant.,
785 5277 1261 5344 Tornes.,Marm.,
1280 5295 1472 5346 equos;
1502 5280 1554 5333 in
1582 5279 1617 5334 5
1635 5294 1768 5343 rec.,
1794 5295 1966 5348 equos,
1998 5279 2080 5332 lu-

500 5362 612 5416 pos,
641 5365 842 5420 vaccas.
871 5349 974 5404 Sed
1012 5366 1129 5420 quae
1170 5349 1359 5404 horum
1410 5349 1646 5420 omnium
1695 5348 2078 5420 immanissima]

500 5419 770 5488 corpora?
793 5418 1125 5490 ant-quando
1153 5420 1396 5474 serviunt
1425 5419 1579 5489 lupi?
1602 5419 1676 5474 lta
1697 5418 1914 5474 Lucret.

653 5511 772 5576 inde
797 5513 950 5563 boves
973 5513 1115 5576 Iucasr
1130 5513 1306 5563 turrito
1325 5525 1530 5576 corpore
1553 5519 1708 5576 tetros

653 5572 983 5637 Anguimanos
1005 5575 1123 5626 belli
1147 5572 1426 5626 docuerant
1441 5573 1639 5624 volnera
1673 5573 1830 5622 Poeni.

568 5678 761 5732 Etiam.
796 5681 986 5738 Addidi
1013 5699 1078 5738 ex
1110 5699 1209 5737 ms.
1241 5683 1370 5738 Bov.

499 5749 516 5769 ⁵
567 5750 847 5818 Acceperit.
871 5754 948 5806 lta
987 5754 1197 5808 restitui
1249 5769 1314 5808 ex
1343 5753 1617 5808 veteribus
1645 5749 1805 5805 editis
1830 5759 1883 5804 et
1910 5749 2086 5805 omni-

494 5819 764 5893 busmss.
785 5831 978 5893 przeter
996 5823 1129 5891 Reg.
1155 5837 1262 5877 rec.
1299 5823 1352 5876 in
1371 5837 1479 5893 quo
1505 5831 1587 5877 est
1615 5821 1828 5893 accepit.

570 5890 638 5946 Ut
665 5890 828 5948 verius
851 5889 1135 5962 loquamur.
1167 5889 1454 5956 Nemetum
1485 5907 1612 5951 vero
1636 5891 1960 5962 singularem
1983 5889 2079 5947 ad.-

2185 3669 2332 3724 hihet
2358 3669 2738 3724 Bnnemannus
2776 3681 2841 3722 ex
2863 3668 3042 3722 multis
3059 3681 3189 3722 mss.
3218 3683 3351 3737 quos
3374 3667 3540 3724 refert
3565 3670 3619 3723 in
3649 3681 3784 3727 nota

2183 3741 2521 3807 sequenti.—
2549 3739 2614 3794 Ut
2644 3741 2808 3794 verius
2832 3739 3168 3811 ἔραμαι-ΡΜ
3189 3740 3570 3811 plurimorum,
3595 3742 3788 3811 loqun-

2182 3827 2317 3880 ntur,
2345 3812 2533 3880 scripsi
2561 3825 2626 3864 ex
2658 3811 2818 3874 Bon.,
2845 3809 2998 3876 Tax.,
3034 3809 3189 3868 Pen..
3221 3810 3392 3880 Lips.,
3419 3809 3478 3875 9.,
3507 3810 3564 3878 '5,
3590 3809 3782 3867 neno.

2184 3877 2322 3935 Ven.
2355 3877 2514 3945 H72,
2549 3890 2792 3948 utraque,
2826 3880 2985 3942 M78,
3016 3881 3212 3948 loquor.
3243 3877 3370 3934 BDN.

2256 3949 2613 4018 Ploto.Qnem
2635 3951 2704 4004 ob
2735 3951 2834 4004 hoc
2858 3951 3027 4018 ipsum
3055 3951 3290 4019 exagitat
3315 3950 3650 4014 Lactantius.
3679 3955 3781 4011 lib.

2184 4039 2262 4086 ιιι,
2293 4037 2342 4075 c.
2373 4022 2460 4082 19.
2508 4021 2906 4088 contenditque.
2947 4035 3224 4088 numquam
3249 4021 3530 4090 quidquam
3581 4024 3789 4080 dictum

2185 4107 2292 4146 esse
2319 4093 2370 4144 in
2392 4092 2539 4145 rebus
2570 4092 2806 4143 humanis
2829 4090 3206 4144 delirius._ln
3229 4092 3466 4160 quinque
3493 4107 3630 4148 mss.
3666 4111 3781 4152 rtrc.

2183 4172 2232 4214 ct
2256 4163 2526 4214 nonnullis
2546 4162 2713 4232 editis
2727 4162 3066 4228 praemittitur
3085 4161 3268 4213 melius
3286 4162 3461 4228 igitur,
3479 4166 3624 4232 quod
3653 4181 3784 4221 mox

2184 4233 2463 4301 sequitur;
2488 4240 2544 4301 rt
2569 4231 2906 4284 desideratur
2928 4233 2978 4284 in
3002 4233 3216 4284 caeteris
3248 4245 3378 4284 mss.
3407 4241 3460 4286 et
3488 4231 3783 4290 vetustior.

2185 4299 2343 4356 editis
2373 4318 2492 4356 cum
2519 4299 2714 4354 Cellnr.
2743 4310 2796 4355 ct
2823 4301 3035 4355 Walclt.

2260 4371 2411 4439 Quod
2436 4381 2572 4425 et....
2605 4372 2906 4440 pouderare.
2956 4371 3083 4426 Hmc
3113 4371 3306 4426 desunt
3338 4373 3389 4426 itt
3415 4388 3522 4428 ms.
3551 4375 3688 4431 Bov.
3711 4407 3792 4420 -—-

2186 4443 2418 4515 lirasnu,
2450 4442 2636 4515 90th.,
2667 4442 2812 4515 Lips.
2843 4442 3069 4512 aliique,
3100 4457 3309 4498 necnon
3340 4451 3396 4498 et
3422 4444 3492 4499 ab
3515 4447 3630 4515 ipsa
3663 4449 3792 4503 edi-

2187 4513 2329 4568 tione
2353 4512 2414 4566 Ο.
2451 4511 2509 4566 F.
2543 4512 2840 4568 Fritzscbe.

2254 4583 2440 4636 Sentit.
2471 4585 2568 4638 Ms.
2598 4583 2758 4653 Bov.,
2782 4583 2958 4652 sensit,
2985 4593 3042 4639 et
3065 4583 3138 4640 ita
3159 4583 3320 4638 etiam
3339 4583 3704 4645 Heumannus
3729 4599 3791 4646 et

2179 4653 2578 4708 Bunemannus.

2223 4749 2560 4820 _Maluerunt.
2596 4752 2666 4828 Ita
2715 4767 2904 4828 omnes
2933 4766 3063 4808 mss.
3089 4758 3140 4806 et
3164 4757 3272 4805 vet.
3305 4747 3461 4807 editi.
3497 4752 3559 4809 In
3585 4757 3789 4828 vulga-

2182 4821 2246 4875 tis
2273 4833 2394 4876 οι·ιο
2421 4833 2502 4876 est
2533 4823 2822 4876 maluerint.
3685 4821 3714 4858 '-

2251 4893 2487 4958 Cupiout.
2520 4893 2617 4946 Ms.
2653 4892 2779 4946 Bov.
2806 4893 3030 4958 cupient.

2254 4961 2524 5016 Hominem
2580 4964 2764 5032 morbis
2805 4963 3106 5032 subjectum.
3139 4963 3204 5021 In.
3243 4965 3276 5020 8
3328 4979 3489 5031 mss.,
3543 4969 3791 5028 Itotttiues

2180 5040 2356 5089 mortis
2373 5033 2720 5105 subjectos.——
2736 5029 2903 5088 fidem
2923 5045 3202 5104 queruntur
3227 5029 3483 5090 hominem
3514 5040 3712 5102 morbis
3730 5053 3791 5097 et

2180 5107 2464 5186 immatura:
2490 5105 2638 5160 morti
2661 5121 2768 5159 esse
2785 5105 3090 5174 subjectum,
3119 5118 3227 5162 etc.
3251 5105 3564 5178 Lucretius,
3594 5127 3651 5179 v,
3680 5112 3792 5170 sub

2183 5185 2390 5228 ιιιιιιιιηι
2417 5193 2429 5229 Ξ

2428 5291 2525 5341 Cur
2548 5294 2660 5342 anni
2681 5299 2900 5356 tempora
2923 5293 3134 5358 morbos,
3164 5298 3291 5358 etc.;

2185 5395 2584 5471 Theophrastus
2625 5396 2762 5471 apud
2789 5395 3003 5471 (ἷίιειξικζ
3017 5413 3078 5471 ιιι
3102 5397 3344 5464 Tuscul.,
3370 5417 3542 5469 prope
3569 5404 3665 5460 fin.
3687 5423 3703 5471 ;
3728 5415 3797 5463 et

2186 5467 2401 5545 quidem
2453 5469 2738 5545 immerito.
2764 5477 2845 5545 _ut
2871 5469 2945 5520 ait
2973 5468 3263 5545 Sallustius
3313 5467 3485 5545 initio
3520 5467 3788 5545 Jugurth.

2186 5537 2562 5605 Quintilianus,
2595 5539 2629 5591 I.
2663 5553 2737 5592 xn
2764 5535 2964 5604 lnsttt.,
2993 5553 3044 5594 c.
3079 5540 3182 5604 ll;
3217 5540 3436 5608 Senec.,
3461 5535 3623 5601 initio
3647 5547 3683 5602 Ι.
3715 5547 3798 5606 de

2190 5609 2382 5662 Bl'CVil.
2411 5611 2552 5661 vitm.
2585 5608 2765 5662 l5:l".l,'S.

2261 5679 2396 5760 Quid
2421 5681 2462 5731 si
2509 5680 2792 5760 ostendero.
2819 5679 2940 5734 Mss.
2971 5679 3006 5734 Ξ).
3047 5681 3199 5752 803.,
3229 5681 3265 5735 ‘2
3307 5683 3462 5738 Coll).
3495 5695 3551 5740 et
3577 5686 3790 5760 Brun.,

2186 5751 2308 5818 quid
2336 5751 2378 5803 si
2409 5750 2637 5803 ostendo.

2271 5819 2382 5892 Vita
2407 5835 2543 5889 sa‘pe
2565 5821 2618 5892 in
2644 5820 2828 5892 medio.
2851 5821 2946 5880 Ms.
2976 5822 3132 5892 Bov.,
3154 5823 3256 5878 vita
3276 5839 3368 5880 sua
3396 5825 3449 5881 in
3472 5827 3665 5888 medio.

2187 5923 2194 5928 -
2259 5891 2358 5946 Ad.
2383 5891 2536 5948 Deest
2563 5889 2615 5947 in
2645 5891 2774 5949 Βογ.
