3970 6330
173 376 244 438 38
1110 377 1263 434 CAP.
1310 379 1373 437 V.
1417 378 1503 434 DE
1546 378 1676 435 FIG.
1719 376 1993 435 AXNAL.
2039 379 2127 436 ΕΤ
2165 379 2485 439 MEMBRIS.
3378 377 3452 439 26

174 500 275 548 tetu
300 488 515 544 vasculo
531 488 774 560 corporis
795 497 1022 559 quatuor
1048 490 1420 545 fecitextnntia
1445 512 1457 545 ;
1489 490 1609 546 bina
1628 505 1752 560 pos-
1778 496 1826 553 Α
1858 491 2078 546 nimium
2107 491 2361 548 brevibus
2380 533 2393 554 ,
2439 500 2659 563 propter
2688 491 2998 548 firmitatem
3018 531 3036 558 ,
3067 491 3161 549 sed
3190 499 3245 549 et
3270 493 3455 564 paucis

175 583 350 647 terius,
378 596 497 651 quae
528 591 652 635 sunt
681 581 733 635 in
780 583 1028 636 omnibus
1058 582 1254 652 pedes;
1286 584 1411 636 item
1444 581 1565 637 bina
1594 582 1754 653 capiti

175 684 226 731 et
250 674 386 728 collo
413 674 682 743 proxima,
714 688 834 743 qua:
864 673 1044 727 varius
1070 674 1435 728 animantibus
1467 690 1598 729 usus
1621 690 1754 743 prm-

176 766 318 822 bent.
350 765 404 820 In
434 763 736 834 pecudibus
763 766 907 818 enim
935 779 997 819 ac
1027 763 1157 820 feris
1196 774 1323 821 sunt
1367 767 1755 835 posterioribus

178 855 564 928 pedessimiles,
593 857 646 909 in
672 855 891 911 homine
906 865 1085 910 autem
1116 871 1475 927 tuanus;quae
1502 873 1609 911 non
1632 866 1757 913 sunt

175 948 238 1005 ad
260 947 653 1014 ambulandum,
679 946 776 1003 sed
806 948 873 1002 ad
905 947 1205 1003 faciendum
1239 948 1756 1019 temperandutnque

174 1050 289 1095 sunt
307 1049 461 1095 natae.
492 1040 589 1095 Est
616 1048 670 1095 et
717 1040 932 1095 tertium
980 1056 1174 1111 genus,
1223 1041 1274 1095 in
1302 1058 1408 1111 quo
1437 1042 1616 1111 priora
1643 1042 1753 1108 illa,

175 1147 336 1202 neque
363 1131 545 1203 pedes,
580 1148 756 1203 neque
786 1148 976 1187 manus
994 1141 1141 1198 sunt,
1169 1134 1263 1189 sed
1313 1134 1435 1200 alre,
1467 1134 1518 1188 in
1561 1133 1756 1203 quibus

174 1239 349 1296 penna:
376 1241 466 1293 per
494 1225 742 1280 ordinem
770 1225 891 1280 lixa:
920 1225 1135 1281 volandi
1166 1225 1428 1281 exhibent
1473 1242 1649 1280 nsum.
1678 1226 1754 1280 lla

174 1333 268 1373 una
296 1316 434 1372 tictio
460 1316 708 1372 diversas
738 1319 949 1387 Species
977 1328 1030 1373 et
1061 1334 1191 1373 usus
1246 1319 1427 1375 habet.
1467 1320 1645 1389 Atque
1699 1328 1757 1374 ut

177 1409 334 1479 ipsam
360 1408 604 1478 corporis
630 1409 1046 1464 crassitudinem
1081 1409 1305 1464 ﬁrmiter
1332 1410 1756 1481 comprehende-

174 1510 267 1568 ret,
297 1499 586 1570 majoribus
612 1510 668 1556 ct
692 1500 946 1556 brevibus
967 1502 1181 1556 ossibus
1213 1502 1439 1556 invicem
1467 1502 1753 1572 colligatis,

175 1590 315 1662 quasi
337 1591 576 1646 carinam
600 1592 894 1663 compegit,
924 1608 1082 1661 quam
1109 1608 1208 1647 nos
1251 1593 1460 1662 spinam
1503 1592 1752 1657 dicimus,

172 1698 380 1755 eamque
405 1684 577 1739 noluit
605 1700 673 1740 ex
706 1700 813 1741 uno
840 1695 1207 1756 perpetuoque
1243 1701 1366 1742 osse
1390 1687 1647 1750 formare,
1686 1702 1756 1742 ne

169 1776 429 1845 gradiendi
455 1777 817 1847 ﬂeetendique
835 1793 895 1833 se
923 1777 1231 1832 facultatem
1247 1778 1443 1832 animal
1468 1792 1571 1832 non
1593 1777 1756 1833 habe—-

1856 576 1931 638 et‘
1959 583 2165 653 magnis
2197 583 2410 637 ossibus
2448 595 2697 639 constare
2736 584 2923 641 voluit.
2974 584 3083 640 Aut
3131 584 3273 640 cnim
3324 584 3451 641 bina

1855 685 2057 731 suntut
2086 678 2136 730 in
2161 677 2528 742 homine;ant
2553 685 2833 747 quaterna,
2865 685 2923 732 ut
2968 677 3020 731 itt
3068 676 3450 748 quadrupede:

1856 784 1975 837 qua:
2021 777 2328 823 tamennon
2368 768 2495 823 fecit
2521 769 2713 833 solida,
2739 785 2807 825 ne
2834 770 2885 823 in
2912 769 3209 839 gradiendo
3239 769 3451 841 pigritia

1856 870 1907 911 et
1935 858 2168 928 gravitas
2203 859 2526 926 retardaret,
2552 858 2646 914 sed
2667 870 2855 914 cavata
2884 867 2938 915 et
2964 860 3030 914 ad
3061 859 3297 929 vigorem
3327 874 3451 914 cor-

1857 950 2002 1018 poris
2018 950 2447 1005 conservaudum
2469 950 2718 1005 medullis
2731 950 3055 1005 intrinsecus
3074 950 3227 1019 plena
3246 966 3261 1016 ;
3279 965 3453 1018 caque

1856 1055 2042 1095 rursus
2069 1054 2176 1095 non
2217 1040 2498 1111 aequaliter
2540 1049 2783 1105 porrecta
2835 1040 3039 1096 tinivit:
3069 1039 3168 1096 sed
3214 1055 3452 1096 summas

1856 1147 2040 1188 eorum
2091 1142 2269 1203 partes
2298 1134 2653 1190 crassioribus
2696 1133 2853 1190 nodis
2901 1134 3260 1205 conglobavit,
3312 1143 3368 1189 ut
3397 1143 3455 1189 ει

1856 1222 2146 1294 substringi
2173 1229 2355 1279 nervis
2378 1223 2611 1290 facilius,
2629 1234 2684 1279 et
2702 1224 2838 1279 verti
2859 1225 3023 1280 tutius
3046 1234 3285 1295 possent,
3308 1223 3452 1279 unde

1857 1325 1983 1370 sunt
2016 1316 2277 1371 vcrtibula
2306 1316 2597 1372 nominata.
2623 1316 2731 1372 Eos
2757 1316 2929 1372 nodos
2952 1316 3177 1373 ﬁrmiter
3190 1315 3455 1372 solidatos

1859 1408 1965 1464 leni
1991 1409 2221 1478 quodam
2264 1412 2521 1481 operculo
2552 1410 2704 1478 texit,
2761 1410 2905 1481 quod
2934 1410 3131 1466 dicitur
3165 1409 3449 1480 cartilago;

1824 1503 2081 1571 _scilicet,
2115 1511 2172 1558 ut
2198 1504 2316 1559 sine
2340 1504 2523 1559 attritu
2574 1512 2628 1559 et
2658 1504 2776 1558 sine
2815 1492 2977 1558 sensu
3015 1502 3223 1558 doloris
3265 1501 3450 1572 aliquo

1857 1594 2219 1651 ﬂecterentur.
2251 1595 2480 1650 Eosdem
2512 1604 2689 1651 tamen
2714 1610 2816 1651 non
2840 1595 2893 1649 in
2923 1611 3087 1650 unum
3119 1594 3335 1650 modum
3364 1593 3453 1649 inc

1859 1687 2145 1743 formavit:
2175 1689 2311 1744 alios
2338 1688 2484 1743 enim
2517 1686 2643 1743 fecit
2668 1687 2968 1757 simplices,
3001 1687 3129 1741 etin
3150 1685 3335 1742 orbem
3357 1700 3452 1740 ro-
3500 1684 3505 1690 ’

1860 1780 2077 1846 tundos,
2111 1780 2164 1835 in
2194 1780 2259 1836 iis
2289 1781 2567 1835 dumtaxat
2622 1780 2883 1845 articulis,
2926 1778 2980 1833 in
3010 1777 3205 1849 quibtts
3245 1776 3451 1853 moveri

171 1867 355 1924 τεμεῖ
375 1869 490 1939 ejus
507 1877 666 1939 parte
687 1870 836 1939 quasi
857 1870 1033 1924 media
1062 1880 1263 1933 costas,
1282 1869 1332 1924 id
1349 1880 1751 1926 esttransversa
1781 1866 1828 1925 B
1857 1873 2098 1928 membra
2130 1873 2185 1927 in
2216 1888 2406 1927 omnes
2437 1880 2620 1942 partes
2662 1870 2966 1941 oportebat,
2995 1879 3053 1924 ut
3104 1870 3156 1924 in
3186 1868 3451 1939 scapulis;

176 1959 382 2028 etplana
410 1973 531 2016 ossa
558 1961 804 2031 porrexit
825 1962 877 2015 in
903 1961 1197 2029 diversum,
1230 1962 1424 2034 quibus
1463 1963 1757 2020 clementer

171 2051 406 2116 curvatis,
433 2060 487 2106 et
516 2052 568 2106 iu
600 2067 667 2108 se
702 2052 853 2108 velut
884 2053 936 2107 iu
976 2052 1238 2109 circulum
1290 2068 1425 2123 pene
1451 2053 1751 2123 conductis,

166 2141 355 2197 interna
383 2144 595 2199 viscera
644 2155 1021 2215 contegantur,
1077 2153 1246 2211 utea,
1304 2160 1424 2215 qua:
1469 2144 1651 2201 mollia
1697 2154 1755 2201 et

166 2234 329 2289 minus
354 2235 523 2289 valida
565 2234 688 2290 ﬂeri
714 2251 850 2306 opus
879 2246 1017 2301 erat,
1050 2236 1191 2291 illius
1217 2235 1402 2291 solidae
1428 2238 1593 2292 cratis
1637 2252 1753 2293 am-

171 2328 317 2396 plexu
336 2338 547 2397 possent
575 2344 704 2385 esse
742 2329 965 2385 munita.
990 2329 1047 2385 In
1078 2345 1289 2386 summa
1321 2344 1449 2385 vero
1470 2338 1752 2387 construe-

166 2416 308 2474 lionis
324 2418 459 2490 ejus,
474 2436 642 2489 quam
668 2421 899 2477 similent
927 2424 1077 2476 navis
1098 2422 1297 2476 carinae
1313 2420 1571 2488 diximus,
1589 2429 1751 2490 caput

162 2509 443 2577 collocavit,
473 2513 527 2566 in
556 2528 669 2582 quo
693 2522 840 2568 esset
866 2513 1106 2583 regimen
1130 2514 1290 2568 totius
1310 2513 1620 2579 animantis;
1654 2513 1749 2568 da—

164 2610 363 2673 tumque
387 2603 460 2660 illi
492 2604 596 2658 hoc
619 2621 818 2660 nomen
839 2616 943 2671 est,
965 2606 1248 2675 utquidcm
1270 2605 1433 2661 Varro
1447 2606 1513 2660 ad
1526 2606 1748 2662 Cicero-

162 2708 271 2748 nem
286 2694 487 2760 scribit,
504 2696 653 2764 quod
678 2696 803 2751 hinc
817 2699 1029 2767 capiant
1051 2697 1261 2752 initium
1277 2711 1466 2753 sensus
1490 2713 1554 2753 ac
1574 2698 1745 2753 nervi.

224 2785 292 2841 Ea
316 2781 461 2852 vcrb,
485 2804 609 2859 qua:
641 2789 879 2843 diximus
899 2789 966 2845 de
995 2804 1247 2859 corpore,
1278 2789 1364 2857 vel
1416 2789 1743 2869 ambulandi,

159 2874 232 2930 vel
260 2874 496 2939 faciendi.
521 2878 612 2934 vel
644 2878 863 2934 volandi
901 2894 1063 2936 causa
1093 2895 1214 2937 esse
1257 2881 1538 2951 producta,
1570 2897 1745 2952 neque

1856 1964 2113 2034 quoniam
2144 1980 2335 2019 manus
2374 1963 2630 2020 utrolibet
2671 1963 2861 2035 agitari
2897 1971 2951 2017 et
2979 1961 3323 2031 contorqueri
3350 1976 3453 2018 ne-

1855 2056 2149 2112 cessarium
2170 2064 2285 2110 est:
2310 2055 2448 2111 alios
2476 2062 2658 2111 autem
2687 2057 2845 2119 latos,
2886 2064 2942 2109 et
2984 2054 3244 2124 aequales,
3292 2062 3349 2108 et
3397 2051 3453 2108 in

1856 2163 2017 2203 unam
2047 2157 2252 2217 partem
2297 2148 2580 2215 rotundos,
2630 2155 2685 2202 et
2730 2147 2783 2201 itt
2813 2145 2896 2201 bis
2923 2146 3107 2216 utique
3160 2145 3315 2211 locis,
3360 2143 3453 2200 ubi

1856 2237 2223 2294 tantummodo
2236 2238 2445 2293 curvari
2470 2238 2707 2292 membra
2731 2236 3033 2307 oportebat,
3068 2244 3125 2289 ut
3146 2236 3198 2289 iu
3223 2234 3454 2307 genibus

1852 2332 1978 2388 etin
2000 2331 2287 2395 cubitis,et
2313 2331 2365 2385 itt
2396 2331 2640 2386 manibus
2666 2330 2815 2400 ipsis.
2848 2329 2981 2384 Nam
3011 2330 3151 2384 sicut
3178 2342 3455 2384 manuscx

1850 2439 1917 2479 eo
1945 2424 2087 2493 loco,
2111 2424 2254 2479 unde
2300 2423 2566 2489 oriuntur,
2606 2422 2808 2492 ubique
2839 2437 3027 2476 versus
3065 2420 3296 2484 moveri,
3328 2433 3452 2489 spc-

1852 2516 2059 2576 ciosutu
2084 2516 2246 2572 simul
2273 2526 2328 2571 et
2355 2516 2485 2571 utile
2511 2516 2608 2569 fuit
2641 2533 2654 2569 :
2683 2515 2761 2569 sic
2791 2514 3032 2584 profecto
3053 2554 3068 2578 ,
3099 2511 3142 2567 si
3175 2512 3278 2567 hoc
3308 2511 3450 2568 idem

1852 2610 2013 2667 etiam
2045 2610 2243 2667 cubitis
2270 2610 2579 2675 accideret,
2630 2618 2684 2663 et
2720 2620 3089 2678 supervacuus
3138 2612 3283 2660 esset
3332 2604 3453 2676 ejus

1851 2703 1999 2759 modi
2028 2713 2226 2770 motus,
2249 2712 2305 2758 ει
2330 2702 2518 2771 turpis.

1918 2794 2035 2850 3am
2063 2795 2207 2850 enim
2236 2809 2425 2849 manus
2462 2792 2658 2847 amissa
2683 2790 2940 2862 dignitate
2962 2831 2977 2854 ,
3008 2803 3168 2859 quam
3192 2802 3335 2843 nunc
3356 2786 3455 2842 ha-

1847 2884 1960 2952 bet,
2007 2886 2305 2941 mobilitate
2353 2884 2515 2939 nimia
2565 2880 2872 2953 proboscidi
2921 2880 3112 2935 similis
3155 2878 3451 2945 videretur,

159 2966 364 3026 nimium
401 2970 601 3043 longis,
640 2981 859 3044 propter
878 2974 1111 3030 celerem
1142 2974 1518 3042 mobilitatem,
1565 2992 1739 3048 neque
1765 2967 1817 3031 C
1843 2986 2092 3050 essetque
2114 2978 2275 3035 homo
2297 2978 2453 3050 plane
2478 2975 2835 3047 anguimanus
2863 2991 2877 3027 :
2908 2969 3049 3043 quod
3089 2984 3259 3042 genus
3279 2969 3333 3026 in
3362 2969 3453 3026 illa

1466 3108 1830 3167 VARIORUM
1868 3110 2098 3169 NOTAE.

158 3220 301 3294 editis
326 3233 380 3280 et
399 3223 657 3279 omnibus
684 3238 817 3279 mss.
845 3224 1143 3288 codicibus,
1170 3238 1279 3281 uno
1306 3224 1529 3294 dempto
1552 3241 1743 3282 recen-

159 3293 345 3366 tissimo
370 3294 712 3366 Colbertino,
765 3294 817 3349 iu
847 3310 980 3366 quo,
1016 3297 1156 3350 sicut
1187 3304 1243 3350 et
1283 3297 1334 3350 in
1383 3293 1629 3366 vulgatis,
1658 3307 1744 3353 est

159 3364 463 3438 perducermt
485 3382 505 3420 :
536 3365 687 3438 quod
707 3366 847 3438 idem
867 3364 980 3421 est.
999 3366 1201 3438 Eodem
1230 3380 1394 3438 sensu
1435 3364 1736 3438 producere,

157 3449 244 3503 pro
264 3434 569 3503 perducere,
585 3436 731 3506 apud
763 3436 1101 3492 Terentium.
1123 3437 1231 3492 Nec
1252 3434 1444 3491 dubito
1461 3434 1594 3505 'quin
1623 3440 1743 3493 inec

161 3506 373 3577 genuina
402 3508 473 3563 sit
499 3507 769 3563 Lactantii
798 3507 976 3562 lectio.
1006 3506 1212 3563 Eodem
1242 3522 1408 3562 sensu
1437 3510 1739 3577 producere,

156 3575 280 3642 apud
308 3577 687 3635 Columellam.
713 3577 846 3645 Quis
866 3577 1007 3633 enim
1037 3578 1285 3633 librarius
1308 3579 1359 3632 in
1383 3575 1740 3648 producerent,

156 3658 520 3714 commutasset
544 3648 907 3714 perducerent,
932 3663 1122 3703 vocem
1145 3649 1397 3704 omnibus
1419 3649 1636 3704 notam?

215 3716 363 3772 Enim
388 3736 450 3773 ac
477 3722 628 3792 feris.
662 3719 998 3774 Desunthatc
1023 3720 1073 3774 in
1107 3735 1208 3775 tus.
1242 3720 1372 3774 Bov.

219 3808 320 3864 Sed
343 3809 411 3863 ad
447 3809 749 3879 faciendum
775 3809 1279 3879 temperaudumque.
1315 3808 1474 3876 Vera,
1509 3818 1565 3864 ιιι
1616 3826 1738 3871 cum

156 3876 372 3952 Cellario
399 3876 908 3952 opinorLLactantji
941 3880 1118 3952 lectio,
1146 3876 1266 3952 quae
1294 3890 1382 3952 est
1399 3883 1741 3952 manuscrip-

157 3950 366 4022 torum4
393 3949 548 4022 Reg.,
608 3950 802 4015 Cauc.,
844 3949 1031 4022 G_otlt.-,
1071 3952 1106 4006 3
1131 3951 1338 4014 Coll)...
1367 3950 1523 4022 Nav.,
1576 3951 1735 4017 \'iet.,

159 4018 275 4088 Ult.,
300 4021 448 4091 Ltps.
474 4018 500 4077 ἱ
548 4022 719 4076 Brun.
748 4037 812 4075 ac
832 4020 957 4076 edd.
984 4022 1141 4075 Rom.
1168 4023 1330 4083 1470,
1362 4019 1525 4087 1474,
1552 4031 1606 4074 ει
1635 4022 1736 4076 Βε-

157 4092 241 4146 tul.
270 4106 388 4147 cum
415 4108 549 4149 mss.
575 4093 603 4147 1
640 4092 792 4147 Colb.
819 4101 874 4146 et
899 4091 1112 4154 Marm.,
1138 4093 1189 4145 in
1218 4093 1412 4161 quibus
1441 4103 1523 4145 est
1551 4101 1741 4154 tempe-

155 4162 477 4233 (aridumque,
500 4164 723 4217 omissis
749 4164 840 4217 sed
864 4162 932 4216 ad
957 4163 1272 4230 faciendum.
1296 4163 1395 4218 Ed.
1416 4162 1572 4216 Rom.
1602 4162 1739 4218 1468

157 4230 299 4304 habet
317 4230 783 4304 "parandumque,
810 4249 907 4302 pro
925 4234 1444 4303 temperandumque;
1465 4234 1605 4301 quod
1622 4250 1741 4287 ver-

157 4301 266 4356 bum
294 4301 395 4359 non
419 4301 790 4374 intelligentes
812 4301 993 4374 plures
1016 4304 1240 4374 librarii,
1264 4301 1743 4359 ei‘substituerunt

157 4374 527 4445 tmeuduutqtte,
550 4384 614 4428 ut
637 4373 675 4427 2
700 4373 859 4441 Bon.,
885 4374 1098 4441 2Reg.,
1118 4376 1154 4426 2
1179 4373 1357 4445 Colb.,
1379 4374 1537 4437 Tam,
1563 4373 1738 4441 Bold.,

156 4445 367 4510 tSorb.,
397 4446 570 4511 (ilum,
622 4445 829 4513 Baluz.,
875 4447 896 4499 1
932 4444 1099 4499 Brun.
1124 4444 1268 4513 quod
1309 4446 1449 4498 idem
1496 4456 1598 4499 est.
1634 4446 1739 4499 Sed

155 4515 267 4582 quid
289 4516 385 4571 sibi
407 4510 600 4571 volunt
624 4510 960 4570 cmteri'editi
987 4510 1318 4580 complures,
1340 4516 1389 4569 in
1419 4516 1615 4584 quibus
1634 4526 1737 4578 est,
1767 4510 1821 4571 D

154 4586 233 4663 sed
253 4586 642 4663 adfaciendum
677 4586 1140 4663 pperanduntque?
1182 4587 1334 4657 quasi
1383 4585 1583 4651 facere,
1636 4602 1745 4642 non

155 4654 282 4729 idem
302 4657 371 4711 sit
394 4673 456 4729 ac
476 4658 714 4729 operari.

225 4725 578 4800 quoribus'et
620 4730 854 4800 brevibus
881 4728 1101 4800 ossibus.
1133 4727 1263 4800 Mss.
1298 4727 1463 4783 Brun.
1506 4738 1560 4785 ct
1611 4728 1743 4783 edit.

155 4794 318 4869 Betui.
344 4800 629 4869 majoribus
650 4810 696 4852 et
721 4799 1034 4853 brevioribus
1063 4798 1281 4853 ossibus.

218 4866 571 4923 Molliafblss.
600 4872 623 4924 1
664 4869 897 4933 Bonum,
926 4871 962 4923 2
993 4870 1155 4939 Περι..
1184 4872 1219 4921 '2
1267 4868 1529 4930 Cnlbert.,
1561 4869 1744 4925 Baluz.

156 4938 397 5059 :uolliora.
427 4942 621 4997 επιετί
643 4957 765 4998 cum
790 4941 1043 4997 omnibus
1069 4938 1249 5008 editis,
1274 4949 1334 4995 ut
1358 4940 1411 4995 in
1447 4950 1596 4996 textu
1623 4957 1748 4997 nos-

176 5021 249 5059 ro.

176 5021 249 5062 l’d.

220 5078 412 5137 Solidtz
431 5086 609 5138 cratis.
639 5084 856 5153 Virgil.,
888 5099 961 5137 xu
990 5081 1117 5137 ιΕιι.
1152 5098 1204 5136 v.
1236 5082 1374 5138 508:

382 5175 699 5239 Transadigit
722 5186 885 5226 costas
908 5184 962 5226 et
995 5181 1163 5225 crates
1182 5174 1399 5238 pectoris
1423 5188 1618 5226 ensem.

222 5254 369 5311 Ovid.
396 5256 492 5313 lib.
518 5274 614 5313 vm
636 5258 852 5314 Metam.
887 5273 1031 5313 vers.
1057 5257 1198 5315 806:

389 5349 574 5403 Pectus
596 5357 650 5402 et
671 5366 700 5402 a
723 5353 877 5416 spiute
901 5351 1233 5403 tantummodo
1256 5356 1391 5401 crate
1418 5354 1603 5403 teneri.

159 5446 266 5506 Lib.
289 5468 359 5508 ιιι
382 5453 597 5511 Metam.
626 5472 769 5511 vers.
790 5457 929 5513 570:

391 5545 511 5604 Quae
538 5544 717 5607 (hasta)
739 5546 955 5597 laterum
978 5552 1162 5598 cratem
1181 5548 1426 5610 perrupit.
1523 5548 1647 5599 Bux.

231 5620 321 5678 Vel
338 5625 585 5696 faciendi.
617 5627 876 5696 Additum
904 5644 975 5684 ex
990 5630 1198 5685 cunctis
1215 5646 1345 5686 mss.
1379 5640 1432 5687 et
1461 5631 1528 5687 M
1551 5632 1737 5688 editis:

158 5690 299 5768 deest
322 5690 449 5751 vero
476 5700 528 5752 in
560 5699 729 5768 Thys.
756 5709 810 5753 et
836 5690 974 5755 Call.

224 5763 286 5818 Et
314 5769 510 5832 paucis.
534 5763 795 5824 Similiter
810 5771 1047 5825 additum
1074 5786 1139 5825 ex
1160 5771 1225 5825 M
1249 5771 1462 5826 excusis
1484 5780 1538 5828 ct
1563 5773 1741 5826 omni-

158 5830 249 5894 bus
275 5830 402 5896 mss.
431 5838 651 5909 dempto
682 5856 790 5900 uno
819 5839 1151 5908 Colbcrtitto,
1199 5842 1283 5896 cui
1315 5851 1394 5903 est
1450 5854 1495 5899 et
1539 5844 1736 5910 parvis.

1846 3228 2197 3284 Desideratur
2225 3228 2278 3283 in
2300 3227 2424 3284 edd.
2454 3188 2621 3299 Tltvs.
2656 3234 2711 3282 ct
2738 3222 2879 3281 Gall.

1918 3319 2133 3375 Finivit.
2163 3319 2221 3374 In
2253 3334 2355 3374 ms.
2384 3319 2516 3375 Bov.
2540 3319 2770 3387 ﬁnirent.

1915 3412 2245 3480 lnforutarit.
2276 3411 2504 3467 Restitui
2530 3425 2596 3464 ex
2627 3406 3008 3464 vetustioribus
3028 3405 3187 3461 editis
3210 3405 3451 3461 cunctis-

1845 3500 1950 3553 que
1976 3500 2134 3545 mss.,
2157 3483 2391 3551 demptis
2409 3484 2445 3535 9..
2465 3481 2618 3536 Colb.
2646 3495 2757 3553 rec.
2792 3482 2843 3533 in
2871 3480 3067 3553 quibus
3087 3485 3170 3553 est
3196 3480 3447 3553 reforma-

1846 3548 1936 3618 in,
1965 3564 2022 3611 et
2048 3570 2155 3609 uno
2186 3548 2319 3624 Reg.
2349 3554 2476 3608 item
2504 3568 2618 3624 rec.
2645 3551 2696 3605 in
2723 3566 2850 3620 quo,
2869 3550 3022 3624 sicut
3050 3558 3104 3601 ct
3123 3548 3193 3624 _in
3217 3548 3450 3624 vulgatis

1854 3615 1966 3681 rec.
1998 3635 2081 3680 est
2117 3615 2374 3695 [οι-ηιιῖυίι,
2404 3622 2545 3692 quod
2571 3622 2710 3675 idem
2740 3615 2842 3675 est.
2864 3618 3191 3695 Smpeenim
3216 3615 3445 3695 Lactan-

1855 3698 1958 3751 tius
1989 3688 2150 3751 verba
2177 3688 2474 3765 composita
2499 3700 2723 3758 usurpat
2750 3706 2845 3762 pro
2859 3688 3215 3765 simplicibus,
3235 3697 3291 3740 ct
3314 3688 3447 3765 sim-

1855 3768 2008 3841 plicia
2043 3782 2139 3836 pro
2184 3757 2500 3841 compositis
2539 3781 2552 3817 :
2602 3757 2720 3832 qm
2750 3757 3102 3841 'rccentio‘rcs
3152 3757 3446 3841 emendare

1854 3827 2096 3893 videntes
2124 3827 2405 3907 perperam
2436 3836 2609 3907 imum
2619 3827 2815 3907 larunt.
2836 3859 2902 3871 ——
2924 3828 3254 3907 lniortuatgit.
3270 3827 3443 3907 gntu-

1852 3910 2083 3975 positum
2104 3897 2238 3961 δἐἰιὸ
2266 3922 2362 3975 pro
2405 3904 2643 3975 simplici
2665 3901 2861 3975 posuit,
2906 3911 2963 3975 ut
3008 3914 3127 3968 cap.
3158 3900 3222 3953 8:
3258 3897 3446 3975 Noluit

1853 3969 1990 4032 Deus
2020 3977 2228 4048 (aures)
2266 3969 2526 4048 mollibus
2566 3972 3158 4048 pclliculisinformare;
3186 3984 3308 4048 cap.
3340 3969 3443 4024 12:

1854 4041 2079 4119 Utraque
2106 4041 2379 4118 coagulum
2404 4046 2705 4115 informari;
2735 4060 2785 4099 ιι.
2820 4044 2904 4110 19,
2934 4042 3167 4112 corporis
3195 4041 3449 4112 informa-

1844 4121 1934 4173 tio.
1979 4120 2110 4174 BUN.

1916 4210 2130 4267 Curvari
2155 4212 2376 4266 membra
2410 4212 2689 4281 Oportebat.
2740 4208 2872 4263 Ven.
2910 4207 3070 4281 1472,
3096 4215 3321 4276 utraque
3354 4206 3440 4272 78,

1844 4284 1934 4347 95,
1949 4283 2038 4347 97,
2059 4286 2222 4345 Pier.,
2238 4279 2452 4347 Parrb.,
2469 4282 2640 4337 Paris.
2653 4322 2666 4344 ,
2682 4281 2819 4335 lunt.
2838 4280 2976 4333 male
2991 4279 3308 4331 intcrserunt
3327 4293 3448 4330 cur-

1844 4355 1954 4408 vari
1982 4354 2205 4406 membra
2250 4355 2301 4407 itt
2345 4368 2533 4407 omnes
2563 4363 2742 4422 partes
2785 4349 3070 4416 Oportebat,
3106 4347 3448 4422 incommode

1845 4441 1912 4480 ex
1940 4425 2207 4496 prioribus
2236 4424 2496 4495 repetita,
2528 4418 2723 4494 quibus
2768 4431 3031 4493 repugnat
3076 4418 3444 4544 (uulttéttmodt).

3250 4505 3336 4544 ua.

3250 4505 3336 4546 ΗΝ.

1927 4589 2009 4645 Ea:
2029 4607 2086 4664 eo
2116 4591 2224 4645 loco
2250 4590 2387 4664 unde
2409 4590 2642 4643 oriuntur
2670 4586 2872 4664 ubique,
2894 4595 2998 4639 etc.
3025 4582 3350 4664 Siereposni
3382 4597 3448 4664 of

1850 4661 2228 4720 vetustioribus
2246 4661 2407 4723 editis
2428 4670 2481 4714 et
2499 4653 2906 4728 quamplurimis
2933 4669 3060 4710 mss.
3092 4654 3338 4728 Quinque
3357 4653 3445 4705 alii

1849 4741 1903 4785 et
1931 4733 2129 4801 vulgati
2162 4748 2269 4786 rec.
2299 4748 2356 4784 eo
2384 4723 2735 4796 omit'tttttt,'ct
2767 4736 2883 4798 post
2909 4728 3143 4780 oriuntur
3167 4723 3388 4789 addunt,
3415 4740 3448 4778 α

1849 4818 2062 4866 corpore
2090 4818 2109 4856 :
2131 4803 2274 4873 quod
2301 4802 2650 4870 superﬂuum.

1920 4896 2221 4951 Probascidi
2269 4897 2451 4950 similis
2494 4894 2766 4947 videretur.
2816 4889 3101 4945 Proboscis
3142 4902 3332 4942 manus
3361 4899 3448 4943 est

1849 4967 2167 5034 elephantis,
2195 4982 2299 5036 qua
2324 4967 2478 5021 obvia
2505 4979 2730 5035 qumque
2759 4963 2858 5015 sibi
2886 4960 3094 5036 objecta
3126 4959 3448 5036 submovere

1849 5029 2351 5105 dicitur:quae'cum
2389 5029 2656 5109 serpentis
2668 5036 2874 5109 “instar
2921 5031 3111 5109 ﬂexilis
3137 5029 3448 5109 sit,‘abbac

1849 5100 2597 5182 elephantumanguimanum
2648 5105 2780 5182 diait
2810 5103 3046 5182 Lucret.)
3079 5100 3246 5182 ,Ιώ-ιι
3282 5108 3344 5182 _e_t
3392 5115 3445 5154 ν.

1854 5170 2132 5233 Πεέτιιιειιι
2164 5170 2374 5242 Cicero,
2399 5195 2434 5233 ιι
2462 5178 2527 5232 de
2554 5180 2674 5232 Nat.
2704 5178 2886 5239 l)enr.,
2919 5183 2972 5229 ct
3001 5172 3247 5237 Aristot.,
3282 5170 3375 5225 lib.
3408 5186 3447 5226 ll

1849 5250 1916 5323 de
1945 5250 2144 5305 Partib.
2170 5252 2528 5323 ianim.,icap.
2559 5250 2646 5311 16,
2697 5247 2931 5323 1εἰι1ιιιίιιε
2983 5244 3074 5297 lib.
3108 5258 3221 5323 XII",
3246 5242 3445 5323 cap._2.

1853 5321 2102 5374 Rostrum
2132 5312 2402 5391 elephanti
2448 5312 2745 5391 promuscis
2773 5318 3120 5391 t_|icitnr,_quo
3171 5312 3258 5365 ille
3290 5312 3447 5377 pabu-

1849 5391 1958 5445 lum
1983 5394 2060 5446 ori
2082 5384 2352 5457 admovet,
2378 5384 2530 5445 etest
2560 5389 2714 5459 angui
2755 5386 2966 5459 similis.
2999 5384 3443 5459 B_t'r'rtzusut18tus.

1846 5492 1919 5505 --
1940 5464 2065 5517 Mss.
2096 5472 2300 5531 septem
2340 5455 2545 5516 habent
2573 5455 2886 5531 proboscidig
2913 5455 3093 5509 similis
3109 5470 3129 5519 ;
3155 5462 3278 5531 octo
3318 5468 3445 5508 cunt

1847 5535 1934 5589 ed.
1966 5534 2119 5587 Rom.
2160 5522 2326 5600 1170,
2377 5522 2746 5603 promuscidis;
2788 5527 2827 5583 2
2852 5527 2984 5597 Reg.
3014 5539 3123 5580 rec.
3144 5532 3197 5579 et
3226 5522 3446 5593 Marm.,

1847 5605 2202 5675 prouwrcidis.

1918 5696 2291 5764 Anguimanus.
2324 5694 2481 5749 Notat
2500 5691 2829 5756 Lucretium,
2860 5686 2950 5758 qui
2976 5685 3319 5764 elephantum
3341 5702 3444 5740 an-

1843 5757 2139 5837 guimdnum
2181 5768 2540 5834 cognominat,
2571 5764 2659 5817 lil).
2692 5778 2745 5823 tl,
2770 5776 2835 5837 eo
2857 5757 3006 5837 quod
3026 5757 3322 5837 probttscis,
3347 5771 3446 5811 att-

1842 5828 2024 5910 guiutu
2053 5828 2318 5907 instatfin
2350 5850 2535 5909 omnes
2564 5845 2740 5923 partes
2769 5828 3225 5891 circumﬂectitur.
