3970 6342
488 348 560 409 27
1523 340 1708 396 FIRM.
1748 335 2109 396 LACTANTII
2147 334 2240 392 DE
2273 334 2428 392 0P1!“
2431 332 2564 392 lClO
2603 333 2740 392 DEI.

3706 330 3794 390 28

483 462 866 518 immanissima
915 460 1088 518 bellua
1136 457 1449 515 mirabiliter
1486 455 1732 512 ell‘ectum
1778 464 1882 510 est.
1933 455 2072 508 Deus
2098 450 2529 516 AProvidentize
2565 427 2744 506 inesse
2787 447 3068 511 rationem,
3097 459 3218 518 qua:
3247 445 3534 519 (malum!
3567 443 3588 518 )
3623 445 3792 499 vani-

484 554 652 621 cnim,
681 555 768 624 qui
803 551 1187 624 providentiam
1225 560 1281 605 et
1323 555 1646 619 potestatem
1691 560 1841 600 suam
1883 535 2074 598 multa-

483 662 602 702 rum
649 662 828 704 rerum
875 643 1105 701 mirabili
1136 642 1391 697 varietate
1418 640 1585 695 voluit
1605 637 1908 700 ostendere,
1940 651 2074 706 quo-

482 739 625 796 niam
655 749 811 810 caput
837 738 952 808 eius
977 736 1221 790 animalis
1249 751 1356 789 non
1403 742 1508 788 tam
1553 731 1710 802 longe
1738 736 2070 800 porrexerat,

483 840 542 886 ut
573 840 765 885 terram
796 836 980 900 posset
1007 842 1101 883 ore
1143 827 1472 897 contingere,
1501 824 1642 896 quod
1689 831 1803 876 erat
1837 821 2073 876 futurum

482 921 740 977 horribile
765 931 926 992 atque
955 928 1172 985 tetrum,
1201 928 1254 974 et
1277 919 1399 988 quia
1416 931 1477 971 os
1505 915 1674 986 ipsum
1695 911 1920 982 profusis
1940 911 2075 966 den-

483 1014 624 1070 tibus
653 1013 732 1068 sic
759 1018 1080 1077 armaverat,
1110 1018 1168 1063 ut
1205 1007 1415 1064 etiamsi
1437 1005 1788 1076 contingeret,
1825 1001 2074 1072 pascendi

483 1115 666 1162 tamen
717 1104 1026 1160 facultatem
1063 1102 1253 1157 dentes
1294 1099 1622 1162 adimerent;
1658 1094 1903 1166 produxit
1939 1095 2076 1148 inter

483 1213 579 1254 eos
607 1213 637 1252 a
665 1210 872 1252 summa
899 1193 1075 1250 fronte
1104 1191 1263 1248 molle
1282 1207 1344 1246 ac
1371 1189 1602 1245 flexibile
1626 1187 1943 1248 membrum,
1972 1199 2076 1254 quo

485 1296 773 1368 prendere,
798 1309 906 1366 quo
935 1304 1118 1349 tenere
1161 1291 1434 1360 quodlibet
1473 1293 1674 1358 posset,
1706 1301 1772 1340 ne
1816 1283 2074 1338 rationem

485 1385 658 1442 victus
681 1385 946 1456 capiendi,
976 1385 1059 1440 vel
1103 1384 1338 1440 dentium
1385 1379 1692 1453 prominens
1751 1373 2074 1446 magnitudo,

483 1477 568 1535 vel
594 1477 818 1534 cervicis
841 1476 1074 1534 brevitas
1094 1473 1394 1546 impediret.

1109 1586 1338 1646 CAPUT
1376 1586 1467 1643 VI.

582 1709 661 1764 De
683 1706 896 1778 Epicuri
924 1721 1123 1777 errore;
1153 1714 1197 1758 et
1223 1703 1286 1757 de
1310 1702 1543 1756 mentbris
1562 1716 1833 1772 eorumque
1862 1715 1978 1754 usu.

2177 551 2258 597 tas
2286 551 2403 597 erat
2442 542 2621 597 dicere
2660 539 2826 596 fuisse
2864 538 3114 594 animalia
3145 536 3468 611 prodigiosa,
3499 536 3554 593 in
3583 538 3794 610 quibus

2176 633 2430 690 nascendi
2465 633 2601 689 ratio
2624 631 2898 689 cessaret?

2177 763 2184 772 ι
2247 725 2506 794 Quoniam
2550 725 2710 796 igitur
2749 723 2928 778 omnia
2974 737 3094 794 qua:
3141 721 3385 778 videmus
3411 736 3536 777 cum
3567 703 3812 778 ratio:er

2175 829 2299 874 nata
2329 828 2471 883 sunt,
2503 818 2554 873 id
2579 819 2720 874 enim
2751 818 2922 888 ipsum
2943 817 3110 884 nasci,
3141 803 3354 872 efﬁcere
3374 817 3474 871 nisi
3497 817 3642 872 ratio
3676 831 3795 871 non

2175 917 2373 980 potest,
2407 908 2744 965 manifestum
2773 921 2875 975 est,
2904 907 3033 963 nihil
3063 909 3282 963 omnino
3306 907 3533 963 rationis
3584 921 3798 978 expers

2178 1000 2414 1070 potuisse
2433 1001 2698 1070 generari.
2721 1001 2861 1056 Ante
2887 1003 3027 1055 enim
3054 999 3328 1071 provisum
3359 1008 3444 1055 est
3469 999 3522 1053 iu
3553 986 3814 1071 singulis

2177 1095 2473 1164 quibusque
2497 1094 2775 1166 ﬁngendis,
2800 1103 3062 1164 quatenus
3091 1102 3146 1148 et
3175 1091 3475 1148 ministerio
3503 1091 3795 1148 membro-

2179 1205 2295 1243 rum
2328 1189 2394 1242 ad
2426 1189 2728 1244 necessaria
2767 1190 2889 1243 vitae
2937 1196 3200 1253 uteretur,
3229 1193 3284 1243 et
3329 1195 3600 1258 quatenus
3630 1185 3798 1255 adju-

2178 1280 2315 1350 gatis
2339 1281 2654 1350 corporibus
2711 1280 2848 1335 elata
2893 1279 3128 1345 soboles,
3156 1277 3432 1333 universas
3481 1277 3798 1348 generatim

2181 1379 2524 1426 eottservarct
2562 1373 2880 1427 animantes.
2927 1370 3058 1426 Nam
3101 1371 3147 1426 si
3194 1369 3396 1442 peritus
3428 1369 3798 1438 architectus,

2182 1480 2304 1519 cum
2334 1479 2581 1535 maguum
2611 1465 2822 1536 aliquod
2853 1463 3144 1519 :cdificium
3163 1464 3342 1518 facere
3360 1461 3663 1530 constituit,
3684 1463 3800 1532 pri-

2183 1573 2272 1613 mo
2295 1559 2533 1614 omnium
2561 1558 2779 1628 cogitat,
2818 1573 2936 1628 qua:
2962 1571 3169 1612 summa
3200 1553 3422 1626 perfecti
3463 1552 3681 1611 aedilicii
3714 1553 3801 1608 fu-

2184 1658 2302 1703 tura
2348 1651 2436 1714 sit,
2463 1658 2515 1704 et
2557 1659 2681 1704 aute
2709 1649 2978 1713 emetitur,
3008 1650 3191 1717 quem:
3211 1647 3388 1702 locum
3431 1645 3553 1701 leve
3575 1645 3800 1716 pondus

2185 1748 2448 1810 expectet,
2480 1741 2568 1795 ubi
2595 1739 2772 1810 magni
2801 1739 2980 1810 operis
3010 1748 3210 1794 statura
3231 1739 3300 1792 sit
3325 1736 3516 1803 moles,
3549 1752 3674 1808 qua:
3701 1752 3801 1792 co-

555 1823 674 1878 Νοη
725 1835 940 1892 Possum
999 1819 1101 1875 hoc
1129 1820 1247 1875 1000
1299 1818 1505 1884 ιεηθτίν
1537 1817 1821 1888 (ιιιοπιῑιιυε
1860 1814 2074 1886 Εβίυυνῖ
2106 1831 2482 1901 Blumuarum
2524 1831 3083 1901 intervalla,qui,aut
3131 1828 3218 1883 ubi
3269 1843 3533 1900 aquarum
3589 1828 3799 1884 caden-

487 1914 762 1970 stultitiam
792 1928 1000 1968 rursum
1029 1925 1350 1980 coarguam;
1391 1909 1530 1963 illius
1569 1909 1710 1963 enim
1750 1916 1875 1961 sunt
1898 1905 2076 1964 omnia

489 2021 609 2078 quae
638 2005 831 2061 delirat
875 2004 1154 2060 Lucretius
1187 2021 1198 2056 :
1233 2003 1356 2073 qui,
1385 2011 1442 2057 ut
1477 2001 1783 2057 ostenderet
1829 2001 2078 2056 animalia

491 2113 598 2152 non
630 2095 854 2152 artificio
883 2096 1061 2166 aliquo
1089 2096 1283 2150 divina:
1310 2095 1522 2160 utentis,
1553 2095 1667 2159 sed,
1697 2103 1755 2148 ut
1782 2094 1940 2163 solet,
1968 2094 2079 2149 for-

492 2189 625 2244 tuito
650 2205 770 2243 esse
814 2196 968 2253 nata;
995 2187 1144 2254 dixit,
1171 2186 1224 2241 in
1254 2187 1511 2258 principio
1553 2186 1736 2240 mundi
1763 2186 1896 2240 alias
1924 2197 2082 2256 quas-

491 2279 615 2336 dam
647 2280 1063 2336 iunumerabiles
1083 2280 1382 2335 animantes
1411 2279 1650 2334 miranda
1672 2280 1850 2350 specie
1874 2289 1928 2334 et
1964 2294 2081 2333 tua-

492 2373 770 2446 gnitudine
808 2374 968 2428 fuisse
999 2384 1170 2440 natas,
1201 2373 1296 2428 sed
1334 2388 1427 2428 eas
1470 2389 1784 2442 permanere
1833 2389 1937 2428 non
1983 2387 2081 2444 po-

495 2467 680 2533 tuisse,
709 2464 849 2536 quod
875 2465 993 2520 illas
1035 2475 1124 2520 aut
1174 2465 1416 2520 sumendi
1455 2466 1558 2522 cibi
1590 2466 1831 2531 facultas,
1855 2474 1945 2520 aut
1989 2481 2082 2522 co-

493 2557 652 2612 eundi
682 2557 1077 2628 gencraudiqne
1108 2557 1244 2610 ratio
1294 2556 1598 2611 defecisset.
1645 2556 1907 2612 Videlicet
1943 2567 1998 2612 ut
2029 2567 2085 2614 et

495 2651 686 2706 atomis
716 2651 826 2708 suis
848 2651 1022 2706 locum
1061 2650 1262 2707 faceret
1288 2667 1384 2722 per
1419 2653 1678 2706 iuliuittttn
1709 2662 1762 2707 et
1791 2653 1947 2708 inane
1985 2668 2083 2709 vo-

494 2743 798 2809 litantibus,
851 2743 1086 2798 divinam
1129 2744 1514 2814 providentiam
1561 2745 1726 2799 voluit
1773 2744 2080 2800 excludere.

494 2836 600 2896 Sed
628 2852 749 2894 cum
797 2835 1002 2893 videret
1027 2837 1080 2892 itt
1110 2837 1358 2894 omnibus
1382 2854 1502 2911 qua:
1531 2839 1754 2910 spirant.
1787 2839 2084 2896 mirabilem

2183 1925 2313 1978 tium
2341 1925 2600 1979 decursus
2625 1934 2678 1979 et
2701 1925 2896 1990 exitus,
2922 1933 2975 1978 et
2995 1923 3349 1994 receptacula,
3370 1923 3509 1988 haec,
3542 1923 3798 1994 inquam,

2187 2018 2334 2088 prius
2358 2017 2621 2087 providet,
2653 2027 2708 2072 ut
2732 2031 3080 2088 quaecumque
3101 2025 3225 2071 sunt
3253 2015 3616 2086 perfectojam
3641 2014 3802 2086 operi

2185 2109 2506 2175 necessaria,
2536 2125 2657 2164 cum
2687 2108 2814 2178 ipsis
2860 2107 3216 2162 fundamentis
3260 2107 3461 2177 pariter
3503 2106 3751 2160 ordiatur
3780 2123 3796 2160 :

2185 2216 2282 2256 cur
2310 2199 2476 2255 Deum
2503 2200 2781 2270 quisquam
2806 2209 2954 2269 putet
2973 2201 3025 2253 iu
3065 2197 3439 2253 macltiuandis
3465 2196 3800 2253 animalibus

2187 2308 2294 2348 non
2334 2302 2459 2348 ante
2501 2291 2832 2362 providisse,
2866 2306 2984 2360 qua:
3031 2289 3099 2344 ad
3143 2289 3436 2344 vivendum
3484 2289 3800 2344 necessaria

2187 2391 2387 2448 essent,
2416 2398 2574 2452 quam
2602 2382 2768 2452 ipsam
2793 2382 2950 2434 vitam
2978 2380 3164 2436 daret?
3187 2382 3318 2447 Qua:
3336 2381 3520 2450 utique
3543 2375 3802 2438 cortstare

2187 2493 2293 2532 non
2322 2485 2522 2546 posset,
2540 2477 2640 2530 nisi
2667 2476 2812 2546 prius
2838 2474 3030 2530 ell‘ecta
3058 2483 3242 2530 essent
3265 2474 3460 2543 quibus
3483 2483 3720 2529 constat.

2258 2565 2484 2621 Videbat
2521 2566 2680 2636 igitur
2706 2565 2965 2636 Epicurus
3009 2566 3063 2620 in
3105 2565 3425 2634 corporibus
3475 2565 3798 2621 animalium

2188 2657 2380 2713 divinae
2410 2658 2630 2712 rationis
2656 2657 2928 2712 solertiam
2955 2671 2968 2708 :
3003 2655 3096 2710 sed
3125 2665 3183 2709 ut
3208 2654 3466 2720 ellicercl,
3498 2656 3644 2726 quod
3671 2666 3800 2712 ante

2188 2749 2559 2819 imprudenter
2579 2755 2960 2818 assumpserat.
2979 2747 3176 2816 adjecit
3199 2745 3345 2802 aliud
3371 2746 3801 2804 deliramentum

2187 2840 2447 2912 superiori
2502 2855 2826 2920 congruens.
2879 2839 3022 2896 Dixit
3068 2840 3233 2907 enim,
3283 2855 3459 2912 neque
3491 2841 3696 2918 ,ocnlos
3730 2841 3802 2898 ad

1847 2954 2207 3013 VARIORUM
2238 2955 2470 3014 NOTAE.

575 3089 978 3145 humanissima.
1010 3089 1287 3160 Frequens
1314 3090 1590 3158 epitheton
1619 3089 1688 3143 de
1737 3089 2040 3160 elephantis
2072 3107 2086 3144 :
2116 3093 2162 3157 C,
2195 3100 2266 3145 est
2291 3093 2390 3145 ista
2426 3093 2712 3146 voluntaria
2731 3093 2979 3155 servitus;
3005 3091 3098 3146 lib.
3125 3107 3162 3145 tt
3184 3089 3340 3145 Offic.
3371 3105 3491 3158 cap.
3523 3092 3593 3145 15
3622 3112 3638 3148 :
3673 3094 3802 3160 Qute

497 3160 624 3217 hinc
653 3176 772 3231 cap.
803 3162 836 3217 8
865 3161 999 3216 dixit
1027 3177 1040 3214 :
1073 3161 1232 3215 Boves
1260 3162 1400 3215 lucos
1415 3177 1538 3213 rum
1563 3161 1941 3214 immanissimis
1973 3178 2086 3214 cor-

535 3234 724 3287 oribus.

499 3251 883 3367 Ροῖῗιεσεηὶυι,
913 3302 1019 3372 qui.
1049 3299 1296 3357 Omnium
1323 3317 1453 3356 mss.
1485 3311 1539 3356 et
1569 3303 1834 3372 editorum
1865 3310 1948 3356 est
1975 3302 2088 3358 haec

501 3373 678 3438 lectio,
709 3376 753 3428 si
781 3371 1019 3444 excipias
1039 3389 1056 3429 ι
1077 3372 1211 3444 Reg,
1235 3389 1297 3428 ac
1321 3374 1408 3429 ed.
1433 3374 1569 3429 Gall.
1596 3385 1649 3428 et
1677 3371 1867 3442 Spark.
1901 3373 1955 3427 in
1980 3373 2090 3444 qui-

500 3444 601 3500 bus
627 3451 710 3500 est
737 3443 891 3500 quod.

540 3458 601 3499 us
621 3451 710 3514 est
737 3451 891 3514 quod.

578 3513 676 3572 Ne.
707 3513 795 3570 Sic
817 3513 1020 3569 restitui
1051 3529 1114 3568 ex
1148 3515 1212 3570 17
1241 3531 1370 3570 mss.
1401 3523 1453 3570 et
1493 3514 1580 3570 ed.
1610 3515 1780 3572 Betui.
1803 3523 1860 3568 et
1889 3514 2083 3570 Cellar.

503 3584 562 3640 In
588 3585 620 3639 6
646 3601 772 3639 mss.
797 3585 1060 3655 editisque
1083 3586 1261 3639 multis
1291 3595 1372 3641 est
1403 3595 1476 3640 ut.

575 3655 680 3711 Sed
702 3666 756 3708 ut
776 3655 1137 3710 solet.0mues
1165 3657 1306 3720 libri,
1335 3658 1445 3721 sed,
1476 3666 1530 3710 ut
1551 3656 1712 3723 solet;
1742 3658 1808 3711 ita
1837 3657 1974 3711 Solet
2000 3657 2038 3710 ι.
2070 3673 2087 3711 ι

503 3726 840 3796 lnstit.,cap.
864 3728 929 3780 12
951 3744 964 3778 :
990 3727 1152 3781 Stoici
1171 3739 1222 3779 ut
1249 3731 1431 3790 solent;
1464 3728 1554 3781 lib.
1581 3743 1671 3793 vn,
1697 3743 1744 3780 (ι.
1765 3730 1795 3782 7
1825 3745 1835 3780 :
1869 3727 1936 3782 Ut
1956 3727 2091 3780 Acao

503 3796 684 3868 demisi
708 3797 888 3868 solent.
923 3797 1080 3852 Posui
1120 3813 1241 3853 cum
1283 3798 1368 3854 ed.
1402 3799 1570 3853 l’aris.
1605 3799 1760 3863 1515,
1811 3801 1863 3852 in
1894 3813 2089 3868 paren-

507 3868 643 3937 thesi
665 3867 684 3937 (
707 3879 762 3919 ut
791 3867 929 3922 solet
950 3871 989 3936 ).
1018 3868 1146 3924 Ben.

578 3936 648 4010 Ut
673 3936 852 3991 atomis
875 3940 979 4010 suis
1007 3941 1173 3992 locum
1200 3939 1582 4010 [acereLV'ulgo
1603 3940 1801 3995 addunt
1835 3939 2088 3994 nonnulla

503 4009 666 4064 verba
688 4021 806 4076 quae
839 4023 935 4080 nec
959 4009 1012 4062 itt
1035 4026 1163 4065 mss.
1198 4009 1393 4076 insunt,
1435 4009 1604 4080 neque
1627 4013 1678 4065 in
1715 4011 1802 4065 ed.
1836 4011 1990 4064 Rom.
2023 4010 2092 4064 Et

506 4093 631 4150 mox
679 4079 1004 4132 recentiores
1030 4121 1044 4143 ,
1076 4081 1131 4134 in
1166 4082 1344 4150 quibus
1389 4079 1630 4134 nascendi
1663 4083 1792 4135 ratio
1831 4091 2088 4136 cessasset.

505 4147 614 4204 Sed
645 4163 815 4217 neque
843 4153 1079 4203 nascendi
1111 4153 1160 4205 in
1178 4147 1293 4207 'vet.
1326 4151 1473 4204 libris
1501 4163 1602 4206 est.
1636 4153 1799 4205 CELL.

580 4217 683 4272 Per
702 4219 959 4287 inﬁnitum
996 4231 1042 4272 et
1093 4223 1245 4276 inane
1285 4221 1623 4276 volitantibus.
1661 4223 1782 4276 llrec
1832 4221 2024 4274 absunt
2061 4237 2090 4274 a

507 4291 577 4345 15
610 4303 739 4342 mss.
763 4300 816 4342 et
843 4292 928 4344 ed.
959 4290 1113 4346 Rom.
1151 4294 1341 4348 Extant
1367 4305 1546 4346 autem
1596 4295 1649 4346 itt
1697 4291 1908 4346 ca-teris
1934 4291 2092 4344 editis

506 4373 562 4433 et
611 4374 738 4433 mss.
767 4358 1059 4433 289mm,
1110 4363 1146 4416 2
1194 4365 1409 4433 lleg.,3
1438 4364 1612 4427 Colb.,
1668 4364 1851 4424 Surb..
1903 4361 2089 4425 Cauc.,

508 4431 664 4495 'l‘ax.,
696 4430 848 4494 Peu.,
883 4431 1236 4500 Ultr.,Baluz.
1261 4430 1330 4474 —'—
1355 4435 1456 4487 Per
1482 4434 1737 4501 inﬁnitum
1767 4443 1810 4484 et
1833 4436 1984 4483 inane
2008 4449 2094 4484 vo-

506 4501 784 4574 litantibus.
815 4503 938 4557 llmc
963 4506 1286 4568 restiondent
1307 4506 1443 4574 style
1465 4503 1728 4557 Lactantii
1761 4504 1850 4556 lib.
1869 4519 1944 4567 Ill,
1970 4517 2088 4570 cap.

509 4573 608 4644 i7:
640 4571 761 4625 Non
789 4582 863 4626 cst
890 4577 1215 4640 prouidentiae
1237 4571 1384 4644 opus.
1433 4575 1567 4630 Sunt
1608 4575 1739 4628 enim
1777 4574 1970 4627 sentina
2008 4589 2096 4640 per

507 4643 657 4696 inane
680 4644 978 4710 volitantia;
1003 4645 1071 4700 de
1113 4645 1215 4711 Ira,
1238 4643 1359 4714 cap.
1391 4648 1490 4700 lt):
1519 4645 1578 4698 Si
1603 4645 1803 4713 quidem
1830 4661 1918 4712 per
1946 4645 2096 4696 inane

506 4714 663 4767 atomi
714 4716 942 4770 volitant.
1005 4716 1348 4771 Heuutaunus
1390 4735 1403 4771 :
1453 4716 1558 4769 Per
1613 4717 1869 4780 inﬁnitum
1922 4715 2092 4768 inane.

1643 4787 1916 4840 BUNEIAN.

585 4855 710 4929 Qua:
735 4855 755 4929 (
766 4857 955 4911 malum
976 4857 996 4911 !
1021 4855 1041 4929 )
1071 4858 1264 4911 vanitas
1295 4868 1424 4913 erat.
1469 4857 1566 4929 Sic_
1605 4856 1784 4929 legunt
1813 4873 1940 4929 mss.
1971 4855 2091 4910 cod.

507 4927 543 4980 2
569 4927 790 4991 Βοη.,’⁴2
817 4929 973 4997 Reg.,
1003 4927 1186 4990 Cauc..
1220 4931 1449 4992 Erasm.,
1482 4930 1500 4980 l
1531 4927 1704 4990 Colb.,
1733 4927 1910 4980 Baluz.
1940 4933 1994 4981 et
2017 4935 2097 4997 ty-

511 5000 592 5066 pis
637 4998 832 5068 vulgati
879 4997 1048 5058 Crat..
1095 4999 1263 5052 Betul.
1289 5039 1302 5060 ,
1345 5001 1620 5066 Autwerp.
1657 4997 1812 5063 1570,
1840 4997 2092 5068 Tornes.,

511 5067 798 5131 Sonbrou.,
831 5069 868 5120 2
905 5069 1099 5134 Parim,
1131 5069 1224 5134 ls.,
1259 5068 1453 5138 Spatk.
1476 5109 1490 5132 ,
1535 5068 1685 5138 Gall.
1721 5083 1890 5138 caque
1939 5067 2096 5138 lectio

513 5140 767 5210 probatur
788 5139 855 5194 ab
883 5139 1128 5200 Erasmo,
1159 5137 1636 5210 ltauc’seutentiam
1663 5137 2096 5210 'l'ereutianzeilli

511 5207 740 5266 similem
785 5210 1018 5273 dicente,
1049 5210 1166 5277 qui,
1196 5211 1412 5263 malum!
1441 5212 1551 5265 alii.
1582 5209 1774 5264 Malum
1824 5214 1966 5263 enim
2011 5207 2096 5263 hic

513 5280 900 5349 interjectiouis
932 5281 1038 5333 vim
1070 5280 1294 5333 obtinet.
1341 5280 1535 5335 Crateri
1581 5297 1709 5335 mss.
1743 5288 1796 5335 et
1829 5279 1955 5332 editi
1998 5277 2095 5332 ha-

515 5355 675 5415 bent,
721 5351 857 5420 quod
899 5351 1088 5420 malum
1136 5351 1368 5420 vanitatis
1419 5363 1564 5416 erat;
1598 5352 1805 5412 vitiose.
1850 5357 1906 5402 ut
1950 5357 2099 5403 recte

515 5423 682 5477 sensit
715 5419 987 5474 Erasmus.
1032 5419 1086 5472 ln
1135 5419 1280 5490 Lips.
1313 5423 1433 5489 quid
1473 5425 1660 5475 malum
1705 5421 1940 5475 vanitatis
1965 5429 2097 5485 erat;

517 5495 567 5546 in
598 5509 612 5546 ι
641 5491 797 5546 Colb.
836 5492 973 5561 quod
1010 5491 1222 5544 multum
1273 5494 1508 5546 vanitatis
1537 5504 1664 5546 erat.
1699 5493 1884 5561 Lectio
1915 5501 2097 5544 nostra

517 5559 866 5617 confirmatur
915 5578 980 5615 cx
1023 5563 1326 5616 auctoribus
1381 5564 1600 5618 Latinis.
1647 5564 1734 5616 Sic
1764 5563 1827 5628 Q.
1859 5559 2096 5625 Curtius,

521 5633 614 5686 lib.
640 5645 752 5704 vut,
786 5632 926 5704 Qnaj,
962 5634 1173 5685 malum!
1202 5637 1418 5687 amentia
1445 5645 1492 5688 te
1522 5637 1679 5704 coegit
1703 5634 1818 5686 belli
1842 5635 2100 5700 fortunam

521 5702 762 5768 experiri;
791 5703 864 5753 sic
889 5703 1124 5768 Plautus,
1157 5704 1394 5759 Metteclt.
1427 5721 1476 5758 ν.
1506 5702 1652 5758 2-H:
1685 5704 1808 5769 Quir
1835 5706 1962 5767 Ita'c,
1993 5719 2100 5754 nta-

523 5772 664 5824 lttnt!
695 5773 1004 5840 impudentia
1049 5775 1157 5826 est?
1202 5804 1271 5814 —
1308 5777 1451 5840 Qum,
1485 5793 1529 5828 tn
1552 5777 1703 5836 :lnut,
1737 5775 1931 5826 vanitas
1973 5783 2097 5825 rrat.

525 5841 600 5895 Ita
626 5841 835 5907 Cicero,
863 5843 1011 5899 Orat.
1046 5860 1060 5898 ι
1086 5845 1314 5916 l'ltilipp.
1338 5863 1453 5918 cap.
1490 5849 1522 5900 6
1555 5865 1566 5900 :
1602 5847 1866 5914 Quantum,
1892 5843 2101 5910 nulum,

2117 4404 2170 4464 D

2198 3173 2264 3228 te,
2285 3164 2497 3227 nmium,
2543 3164 2726 3230 inquit,
2753 3165 2884 3216 ratio
2915 3163 2969 3215 in
3015 3163 3165 3215 istam
3207 3179 3350 3231 spent
3375 3163 3582 3217 induxit
3607 3183 3629 3230 ;
3661 3167 3802 3219 adde

2197 3249 2294 3303 pro
2319 3234 2516 3288 Roscio
2535 3232 2815 3298 Commdo,
2839 3235 2890 3287 in
2925 3233 3048 3286 fine.
3077 3232 3276 3304 Livius,
3305 3233 3400 3287 lib.
3437 3249 3486 3298 v,
3523 3249 3650 3304 cap.
3683 3234 3755 3290 54
3785 3252 3800 3289 :

2199 3305 2346 3369 Qum,
2369 3307 2582 3370 malum,
2619 3306 2751 3358 ratio
2789 3305 2898 3358 est?
2926 3305 3129 3358 Seneca
3155 3303 3220 3357 ad
3252 3303 3528 3372 Marciam,
3553 3303 3678 3374 cap.
3716 3308 3750 3362 5
3784 3323 3798 3361 :

2199 3376 2324 3440 Qum
2346 3378 2500 3439 enim,
2527 3377 2735 3438 malum,
2761 3375 2982 3428 antentia
2998 3376 3098 3427 est?
3118 3374 3248 3428 Buu.

2265 3445 2332 3500 In
2361 3447 2541 3516 quibus
2568 3446 2810 3500 nascendi
2849 3447 3001 3498 ratio.
3043 3444 3179 3516 Male
3205 3445 3404 3516 omissa
3434 3452 3522 3516 est
3552 3445 3676 3500 lucc
3703 3463 3801 3501 na-

2194 3515 2551 3570 scendidictio
2582 3517 2635 3570 in
2675 3531 2805 3570 mss.
2835 3516 2906 3571 20
2934 3525 2988 3569 et
3005 3515 3251 3586 pluribus
3281 3515 3529 3584 vulgatis,
3559 3532 3688 3586 qum
3722 3521 3801 3573 le-

2191 3589 2334 3657 gitur
2357 3590 2407 3642 in
2435 3603 2452 3640 t
2482 3589 2638 3656 Reg.,
2671 3587 2940 3651 IBonon.,
2971 3585 3174 3657 Tax.,_t
3201 3585 3382 3650 Colb.,
3421 3585 3610 3642 Italus.
3646 3589 3801 3643 aliis-

2193 3654 2303 3731 que
2325 3654 2580 3731 optimis,
2611 3673 2819 3711 necnon
2865 3657 2919 3710 in
2949 3657 3108 3712 editis
3135 3654 3419 3722 Thomas,
3454 3657 3524 3710 Is.
3545 3698 3561 3723 ,
3597 3658 3798 3731 'fltys.,

2192 3729 2356 3792 Gall.,
2380 3729 2570 3795 Spark.

2267 3798 2516 3854 Cessat-et.
2547 3797 2623 3853 fta
2653 3797 2940 3870 emendavi
2959 3813 3025 3852 ex
3056 3813 3194 3870 mss.
3229 3814 3244 3852 ι
3272 3798 3482 3852 Bonon.
3533 3800 3741 3870 antiq.,
3781 3816 3800 3856 ι

2192 3869 2371 3935 Colb.,
2403 3871 2589 3924 Marm.
2609 3909 2624 3933 ,
2656 3869 2889 3923 Clarum.
2919 3869 3046 3936 Quae
3075 3869 3234 3923 lectio
3265 3870 3421 3924 nobis
3451 3869 3656 3925 melior
3681 3869 3799 3928 risu

2193 3952 2295 4001 est,
2327 3957 2484 4002 quant
2517 3942 2567 3994 iu
2594 3941 2806 3994 czcteris
2833 3949 3092 3992 cessasset.

2266 4011 2415 4065 Nihil
2455 4013 2657 4065 omnino
2692 4011 2904 4064 rationis
2943 4025 3122 4078 expers
3144 4050 3160 4074 ,
3201 4010 3424 4078 potuisse
3452 4014 3715 4079 generari.
3743 4012 3799 4068 Id

2195 4092 2294 4140 est.
2331 4082 2463 4136 nihil
2489 4083 2726 4150 potuisse
2755 4081 3018 4149 generari,
3049 4081 3102 4133 in
3132 4095 3237 4148 quo
3273 4096 3379 4134 non
3407 4081 3599 4150 aliquo
3634 4085 3797 4138 modo

2196 4153 2352 4217 ratio,
2379 4162 2429 4205 et
2460 4152 2792 4220 providentia
2812 4151 3109 4204 conditoris
3131 4154 3390 4205 eluceret.
3421 4151 3616 4207 lsmus.

2266 4223 2393 4275 Ante
2412 4223 2564 4294 enim.
2593 4222 2681 4275 Sic
2703 4223 2912 4294 reposui
2935 4237 3002 4276 ex
3025 4236 3158 4294 mss.
3183 4221 3478 4294 ‘2_Bonon.,
3504 4223 3543 4276 2
3567 4223 3733 4294 Reg.,
3766 4223 3802 4278 4

2195 4291 2346 4346 Colb.
2379 4293 2664 4360 multisque
2684 4291 2821 4345 aliis.
2854 4291 2910 4344 lu
2939 4308 3030 4345 sex
3059 4291 3274 4360 scriptis
3305 4291 3802 4362 totidemque'vul-

2195 4365 2447 4436 gatisﬁest
2479 4365 2700 4436 Atcnim
2723 4364 2823 4436 ;Aiu
2854 4379 2954 4416 ms.
2991 4363 3126 4418 Ultr.
3149 4402 3163 4429 ,
3195 4364 3294 4415 Aut
3323 4365 3496 4427 enim;
3525 4365 3582 4418 itt
3619 4382 3634 4419 I
3663 4367 3799 4436 Reg.

2195 4445 2247 4487 et
2277 4449 2290 4486 l
2316 4433 2491 4494 Colb..
2521 4433 2658 4486 Adeo
2681 4434 2833 4487 enim.

2270 4505 2898 4576 Adjugatisicorporibus.
2949 4503 3038 4558 Sic
3067 4518 3277 4576 omnes.
3319 4501 3554 4558 Verbum
3599 4507 3692 4560 alii
3734 4522 3803 4562 ex

2199 4575 2432 4628 Pacuvio
2463 4585 2517 4628 et
2547 4575 2719 4628 Plinio
2751 4575 3072 4642 probarunt;
3109 4575 3308 4628 rariora
3342 4590 3406 4628 ex
3429 4576 3634 4644 glossis
3661 4579 3804 4633 auti-

2199 4648 2338 4716 quis,
2369 4645 2711 4716 abjugussere,
2743 4646 3008 4717 abjugare,
3039 4646 3280 4717 abjugus.
3313 4645 3448 4700 BUN.

2276 4737 2374 4792 Ubi
2419 4738 2590 4807 magni
2635 4737 2819 4804 aperis.
2862 4737 2958 4790 Ms.
2991 4753 3008 4789 t
3039 4737 3241 4790 Bonuu.
3276 4736 3470 4805 antiq.,
3504 4739 3702 4792 oneris.
3734 4770 3804 4784 —-

2206 4808 2382 4878 Magni
2411 4811 2595 4876 operis.
2630 4809 2762 4878 Bon.
2797 4807 2932 4876 apud
2957 4807 3146 4860 [sanun
3180 4822 3362 4878 prave,
3389 4823 3640 4877 magnum
3680 4827 3802 4864 one-

2200 4882 2270 4950 ris
2297 4877 2314 4932 ἐ
2343 4880 2419 4932 sic
2457 4879 2614 4933 tnodo
2659 4877 2816 4938 infra,
2847 4883 3068 4950 perfecto
3103 4879 3280 4948 aperi;
3320 4877 3412 4931 lib.
3445 4894 3540 4943 vtt,
3568 4895 3692 4950 cap.
3722 4884 3744 4936 1
3783 4897 3798 4936 :

2203 4949 2557 5002 Fundamenta
2576 4950 2723 5010 ﬁrma
2735 4960 2778 5002 et
2801 4949 2998 5000 idonea.
3011 4987 3022 5001 .
3035 4991 3047 5002 .
3067 4950 3206 5019 operi
3223 4950 3550 5018 perferendo.
3567 4949 3797 5012 Seneca,

2199 5035 2283 5086 cp.
2320 5020 2388 5074 55
2417 5036 2431 5073 :
2469 5021 2788 5088 speluncat...
2835 5021 3005 5086 magni
3039 5020 3224 5089 operis.
3256 5019 3414 5074 Plura
3455 5019 3704 5076 Gronov.
3733 5021 3800 5076 ad

2199 5091 2314 5144 Liv.
2341 5091 2432 5146 lib.
2469 5107 2576 5155 χχι,
2610 5105 2728 5159 cap.
2774 5091 2862 5144 57.
2897 5090 3027 5144 BUN.

2275 5183 2428 5237 Prius
2484 5185 2730 5251 providet.
2779 5185 2866 5238 Sic
2919 5183 3129 5237 restitui
3177 5199 3246 5238 ex
3297 5199 3422 5240 mss.
3475 5184 3718 5253 Bonon.,
3767 5186 3800 5241 4

2201 5255 2356 5324 Reg.,
2409 5256 2441 5311 5
2482 5254 2657 5317 Colb.,
2698 5254 2910 5321 Marm.,
2955 5255 3164 5319 Baluz.,
3197 5255 3364 5308 Brun.
3391 5296 3406 5320 ,
3440 5255 3578 5310 edit.
3613 5257 3798 5320 Rom.,

2201 5328 2372 5388 ωιτη..
2403 5326 2596 5379 Cellar.
2627 5327 2694 5380 Et
2721 5327 2910 5379 melius
2937 5325 3164 5394 quadrat
3188 5325 3300 5379 lucc
3329 5325 3490 5380 lectio
3510 5343 3639 5381 eum
3673 5344 3797 5382 mox

2203 5399 2545 5463 sisque-utilius
2590 5407 2705 5449 ante
2735 5397 3029 5464 providisse,
3060 5411 3217 5464 quant
3243 5396 3278 5448 ‘2
3309 5411 3438 5450 mss.
3480 5407 3536 5450 et
3581 5399 3616 5453 9
3665 5399 3796 5455 edit.

2202 5469 2344 5535 prius
2373 5467 2628 5535 prwvidet.
2659 5467 2714 5520 ltt
2745 5467 2810 5518 10
2837 5467 2992 5518 editis
3021 5475 3103 5518 est
3132 5467 3272 5534 prius
3300 5467 3550 5536 pervidet.

2275 5556 2339 5611 In
2359 5557 2709 5610 marhinandis
2726 5556 3048 5610 animalibus.
3076 5555 3138 5608 In
3163 5558 3427 5626 praeposui
3452 5574 3518 5613 ex
3541 5561 3797 5615 omnibus

2206 5645 2334 5682 tuss.
2360 5636 2415 5681 et
2441 5627 2525 5682 ed.
2556 5627 2739 5691 Rom.,
2767 5627 3036 5696 Gyumic.,
3059 5627 3269 5682 Waleb.
3301 5628 3462 5681 Deest
3489 5630 3546 5684 in
3569 5633 3797 5703 vulgatis

2205 5709 2424 5821 ougixit
2464 5769 2615 5842 enim.
2649 5767 2772 5842 llicc
2799 5784 2862 5842 ex
2894 5767 3412 5842 Ltteretiolilirotv.
3447 5770 3523 5826 De
3557 5771 3665 5829 hoc
3688 5773 3794 5842 jam

2208 5841 2438 5910 loquitur
2467 5840 2769 5895 Lactantius
2799 5840 2931 5895 libro
2962 5855 3014 5895 ιιι
3049 5840 3282 5896 Divinar.
3327 5841 3562 5899 lnstitut.
3594 5840 3714 5916 cap.
3739 5845 3794 5899 5.
