3970 6320
180 362 244 419 29
817 364 969 423 CAP.
1011 366 1097 424 Vl.
1135 369 1231 426 DE
1263 371 1436 429 EPIC.
1477 373 1712 430 ERR.-—
1746 373 1898 431 CAP.
1943 376 2050 435 VII.
2093 382 2182 440 DE
2218 385 2415 445 CORP.
2456 389 2816 453 PABTlBUS.
3377 408 3448 466 50

181 475 449 584 videndum
471 491 591 584 esse
608 487 980 584 natatu-neque
1004 498 1162 539 aures
1186 484 1252 540 ad
1276 486 1623 555 audiendum,
1654 502 1748 543 ne-
1769 489 1828 551 Α
1850 490 2048 548 animal
2074 495 2370 570 ejusmodi,
2399 503 2542 574 quod
2571 505 2791 563 naribus
2819 509 2997 579 potius
3024 513 3268 584 audiret,
3302 518 3440 573 od”.

179 586 272 640 que
300 569 455 640 pedes
502 570 567 625 ad
620 572 1022 643 ambulandum,
1054 578 1305 646 quoniam
1350 581 1590 636 membra
1635 580 1752 638 btec

180 665 313 735 prius
340 673 454 718 nata
473 674 597 719 sunt
621 681 780 736 quant
805 676 950 724 esset
983 685 1112 725 usus
1141 670 1449 739 videndi,ct
1475 674 1747 741 audiendi,

178 766 227 809 ct
250 754 535 810 ambulandi
558 773 572 809 :
597 755 690 810 scd
716 758 902 813 borum
931 760 1109 814 omnia
1137 761 1311 816 ofﬁcia
1353 777 1422 817 ex
1453 764 1591 819 natis
1618 764 1749 818 exti~

182 848 315 903 tisse.
355 845 548 902 Vereor
589 862 655 901 ue
697 846 1003 916 hujusmodi
1049 861 1295 921 portenta
1332 862 1385 909 et
1413 854 1633 909 ridicula
1667 871 1752 910 re-

178 937 334 993 futare
360 953 461 993 non
512 938 687 995 minus
737 940 974 1010 itteptum
1015 958 1137 999 esse
1162 944 1423 1000 videatur.
1477 946 1581 1001 Sed
1623 946 1751 1003 libet

178 1030 401 1100 ineptire,
423 1032 673 1101 quoniam
703 1047 824 1087 cum
862 1034 1044 1105 inepto
1090 1038 1318 1107 agimus,
1355 1056 1421 1092 ne
1447 1055 1506 1096 se
1534 1042 1624 1097 ille
1663 1044 1745 1097 nio

176 1124 268 1179 nuis
301 1134 535 1196 argutum
580 1133 747 1194 putet.
777 1126 913 1194 Quid
962 1129 1060 1193 ais,
1091 1129 1364 1199 Epicure?
1391 1131 1505 1186 Non
1535 1146 1654 1186 sunt
1679 1116 1749 1188 ad

177 1213 441 1270 ridendum
481 1215 619 1270 oculi
652 1218 799 1271 nati?
837 1216 945 1273 Cur
971 1219 1130 1290 igitur
1175 1221 1399 1277 vident?
1428 1223 1639 1293 Postea,
1671 1224 1751 1279 itt-

172 1306 294 1376 quit,
324 1321 444 1363 usus
486 1322 673 1362 eorum
699 1310 964 1379 apparuit.
1003 1311 1225 1366 Videndi
1272 1328 1401 1384 ergo
1437 1330 1594 1369 causa
1640 1315 1749 1369 nati

172 1407 308 1463 sunt;
330 1397 589 1469 siquidem
619 1400 756 1457 nihil
784 1413 1008 1472 possunt
1033 1404 1176 1459 aliud
1198 1421 1355 1476 quam
1385 1407 1585 1462 videre.
1616 1408 1747 1465 Item

171 1493 387 1548 membra
432 1503 647 1558 cetera.
674 1494 827 1564 cujus
848 1497 927 1551 rei
974 1512 1135 1553 causa
1160 1508 1282 1553 nata
1310 1509 1454 1567 sunt,
1483 1502 1595 1571 ipse
1621 1516 1749 1557 usus

170 1582 380 1638 ostendit
408 1600 421 1636 :
451 1583 540 1653 qui
566 1586 750 1655 utique
795 1586 943 1642 nullo
967 1588 1131 1643 modo
1154 1602 1335 1658 posset
1359 1592 1615 1657 existere,
1644 1592 1748 1647 nisi

170 1684 330 1729 essent
353 1676 590 1731 membra
640 1678 818 1731 omnia
848 1687 953 1734 tam
981 1680 1246 1749 ordinate,
1271 1690 1377 1737 tam
1404 1683 1749 1754 providenter
1776 1734 1785 1743 κ

168 1765 349 1831 cllecta,
384 1776 438 1823 ut
459 1783 615 1822 usum
641 1780 862 1839 possent
882 1771 1102 1828 habere.

1855 596 2069 642 raretur
2093 590 2263 647 oculis
2286 633 2302 660 ,
2328 595 2547 652 auribus
2573 602 2867 656 cerneret?
2892 602 2949 658 Si
2983 604 3124 660 enim
3154 608 3447 679 primordia

1855 678 2059 733 nullum
2113 697 2280 751 genus
2350 688 2627 755 positionis
2680 693 3015 762 inexpertum
3087 678 3442 771 relinquunt,

1854 773 2091 839 Oportuit
2114 775 2379 842 ejusmodi
2406 781 2640 849 quotidie
2663 792 2901 840 monstra
2931 790 3207 858 generari,
3244 792 3298 847 itt
3329 796 3447 864 qui-

1854 864 1954 917 bus
1979 874 2032 919 et
2062 867 2424 924 membrorum
2466 871 2599 927 ordo
2625 872 3015 944 prreposterus,
3048 878 3261 937 et‘usus
3286 883 3447 955 longe

1853 959 2099 1018 diversus
2155 966 2431 1023 existeret.
2464 967 2596 1024 Cum
2651 986 2783 1026 vero
2836 973 3084 1029 universa
3126 990 3357 1047 genera,
3394 987 3447 1035 et

1854 1055 2099 1111 universa
2129 1074 2342 1130 quoque
2372 1062 2611 1117 membra
2644 1063 2787 1136 leges
2808 1080 2968 1130 suas,
3003 1074 3059 1123 et
3084 1069 3304 1126 ordines
3328 1113 3342 1139 ,
3392 1084 3447 1127 et

1855 1165 1982 1204 usus
2012 1151 2111 1205 sibi
2150 1153 2437 1209 attributos
2488 1165 2754 1225 tueantur,
2788 1159 3125 1215 manifestum
3188 1172 3273 1218 est
3311 1165 3445 1220 nihil

1852 1241 2071 1298 fortuitu
2098 1260 2219 1301 esse
2248 1246 2441 1302 factum
2461 1290 2476 1314 ,
2507 1251 2759 1319 quoniam
2782 1250 2977 1306 divinae
2999 1253 3227 1310 rationis
3256 1256 3446 1326 dispo-

1852 1336 1975 1390 sitio
2002 1348 2258 1408 perpetua
2289 1350 2560 1394 servatur.
2584 1342 2779 1397 Verum
2806 1342 2940 1398 alias
2981 1344 3290 1401 relcllemus
3323 1346 3448 1418 Epi-

1851 1441 2038 1482 curum
2065 1444 2079 1495 ;
2109 1444 2253 1486 nunc
2304 1431 2371 1487 de
2428 1433 2758 1502 providentia
2791 1434 2811 1508 (
2834 1446 2890 1491 ut
2936 1437 3238 1510 coepimus)
3272 1439 3447 1498 disse-

1852 1537 2055 1577 ramus.

2444 1642 2669 1700 CAPUT
2706 1644 2820 1701 νιῐ.

2210 1752 2290 1809 De
2315 1756 2547 1810 omnibus
2572 1757 2799 1828 corporis
2830 1760 3078 1829 partibus.

230 1858 355 1927 Quid
376 1860 514 1915 enim
542 1902 556 1926 ,
591 1861 815 1923 sidicas
845 1877 975 1925 aves
1005 1878 1109 1919 non
1164 1866 1230 1919 ad
1287 1867 1573 1923 volandum
1613 1884 1738 1926 esse
1764 1875 1814 1935 Β
1916 1872 2055 1927 Deus
2088 1871 2246 1942 igitur
2269 1870 2627 1926 solidamenta
2648 1871 2926 1941 corporis,
2953 1888 3077 1943 qua:
3098 1888 3219 1929 ossa
3242 1874 3430 1933 dicun-

169 1958 334 2016 natas,
363 1965 535 2022 neque
564 1952 712 2008 feras
749 1952 816 2008 ad
860 1955 1192 2011 saeviendum
1214 1997 1230 2023 ,
1268 1972 1441 2028 neque
1472 1960 1648 2028 pisces
1672 1960 1739 2015 ad

166 2043 461 2110 natandum,-
492 2060 673 2115 neque
705 2047 955 2102 homines
1001 2048 1069 2102 ad
1110 2049 1426 2119 sapiendum
1447 2066 1461 2117 ;
1486 2066 1606 2105 cum
1639 2068 1736 2122 ap-

165 2146 329 2203 pareat
350 2136 400 2191 ei
425 2146 669 2205 natura},
718 2137 1008 2209 ofﬁcioque
1064 2142 1275 2197 servire
1310 2144 1639 2211 animantes,
1670 2145 1738 2199 ad

164 2225 287 2298 quod
313 2238 391 2284 est
413 2245 647 2299 quaeque
683 2240 938 2302 generata
963 2232 985 2285 ?
1014 2232 1119 2288 Sed
1146 2232 1396 2289 videlicet
1449 2237 1538 2305 qui
1585 2251 1735 2291 sum-

165 2332 288 2373 mam
316 2319 477 2390 ipsam
507 2323 756 2377 veritatis
800 2323 1016 2390 amisit,
1059 2340 1274 2394 semper
1325 2333 1470 2382 erret
1514 2342 1736 2383 necesse

164 2421 251 2466 est.
276 2408 326 2468 Si
349 2414 485 2469 enim
518 2431 629 2470 non
656 2417 984 2486 providentia
1009 2458 1025 2483 ,
1049 2420 1143 2473 sed
1168 2419 1400 2474 fortuitis
1427 2429 1734 2476 atomorum

160 2508 576 2565 concursionibus
609 2520 906 2567 nascuntur
944 2514 1123 2567 omnia
1147 2555 1161 2579 ,
1191 2529 1288 2568 cur
1314 2530 1591 2583 nunquam
1622 2513 1736 2570 for-

163 2597 278 2654 tuito
299 2600 516 2669 accidit,
541 2603 627 2658 sic
655 2604 801 2659 coire
855 2605 942 2661 illa
989 2604 1244 2677 principia
1267 2648 1280 2674 ,
1340 2616 1398 2661 ut
1450 2605 1738 2663 clficcreut

1852 1977 1957 2030 tur,
1978 1964 2171 2020 nodata
2200 1972 2256 2018 et
2282 1962 2530 2031 adjuncta
2565 1962 2794 2019 invicem
2823 1964 3005 2019 nervis
3020 1965 3253 2035 alligavit
3280 1976 3444 2038 atque

1845 2054 2207 2123 constrinxit,
2251 2055 2443 2125 quibus
2480 2069 2635 2109 mens
2657 2095 2672 2121 ,
2704 2055 2750 2109 si
2795 2069 3122 2122 excurrere,
3156 2066 3250 2112 aut
3273 2061 3444 2113 resis-
3472 2078 3479 2091 π

1848 2160 1962 2205 tere
1988 2149 2155 2215 velit,
2190 2156 2441 2218 tanquam
2488 2145 2802 2201 retinaculis
2844 2156 3112 2213 uteretur;
3143 2157 3197 2203 et
3223 2149 3443 2219 quidem

1845 2242 1994 2296 nullo
2018 2240 2230 2305 labore,
2265 2237 2520 2308 nulloque
2549 2246 2743 2292 conatu
2776 2260 2790 2292 :
2823 2238 2918 2293 sed
2948 2239 3032 2293 vel
3064 2240 3287 2295 minimo
3305 2252 3440 2298 nutu

1846 2333 2008 2387 totius
2032 2330 2276 2400 corporis
2324 2329 2526 2384 molem
2577 2338 2904 2399 temperaret
2933 2345 2996 2385 ac
3022 2330 3284 2387 ﬂecteret.
3316 2333 3445 2389 llaec

1843 2433 2021 2479 autem
2045 2420 2343 2476 visceribus
2372 2418 2619 2489 operuit,
2664 2429 2721 2475 ut
2771 2435 3041 2490 quemque
3077 2421 3254 2476 locum
3282 2422 3442 2479 decc-

1844 2514 1969 2578 bat,
2033 2521 2092 2568 ut
2139 2528 2260 2583 qua:
2311 2510 2485 2566 solida
2537 2519 2748 2578 essent,
2809 2512 3060 2568 conclusa
3107 2522 3439 2584 tegerentur.

1846 2607 1976 2662 Item
2007 2605 2303 2661 visceribus
2347 2603 2475 2674 ipsis
2515 2617 2680 2659 venas
2729 2602 3049 2669 admiscuit,
3090 2603 3244 2677 quasi
3291 2604 3449 2662 rivos.

1496 2738 1853 2797 VARIORUM
1890 2739 2123 2796 NOTAE.

224 2879 393 2949 Neque
411 2895 561 2934 aures
593 2879 666 2933 ad
687 2878 1015 2933 audiendum.
1046 2879 1172 2934 llaec
1200 2893 1322 2948 qum
1350 2878 1543 2934 desunt
1569 2880 1621 2933 iu
1646 2880 1734 2935 ed.

163 2948 319 3021 Thys.’
344 2962 392 3005 et
423 2950 561 3006 Gall.
597 2949 813 3005 restitui
833 2965 898 3004 ex
918 2952 1128 3021 ceteris
1159 2951 1372 3005 excusis
1399 2960 1455 3004 et
1490 2951 1738 3005 onmibus

163 3020 279 3075 mss.
310 3022 607 3093 thuidem
640 3031 808 3075 recte.
844 3020 976 3075 Vide
1005 3021 1162 3089 paulo
1190 3032 1337 3089 post,
1363 3037 1481 3075 usus
1510 3022 1734 3088 videndi,

162 3101 201 3143 ct
223 3093 485 3158 audiendi,
509 3103 558 3146 et
585 3092 924 3155 ambulandi,
952 3092 1146 3159 quibus
1194 3093 1307 3144 inec
1349 3094 1447 3145 tria
1492 3094 1732 3146 membra

1913 2878 2243 2947 Inexpertunt
2283 2878 2591 2947 relinquunt.
2638 2876 2765 2931 Mss.
2799 2876 2832 2932 8
2854 2890 2985 2941 reo.,
3018 2886 3322 2947 expertum.
3368 2905 3438 2920 --

1844 2946 2068 3004 Nullum
2113 2965 2269 3017 genus
2312 2946 2578 3017 positionis
2620 2957 2880 3017 expertum
2932 2946 3243 3017 relinquunt.
3278 2947 3445 3014 Male,-

1844 3021 2014 3090 iuquit
2042 3016 2337 3081 Cellarius,
2396 3018 2556 3088 vulgo
2594 3016 2933 3090 iuegspertum.
2968 3016 3174 3090 Nollem
3195 3057 3212 3079 .
3234 3018 3330 3090 ita!
3356 3019 3439 3075 vir

1842 3086 2170 3147 clarissimus
2202 3086 2619 3160 pronuntiasset.
2663 3086 2936 3160 Continuo
2959 3102 3025 3160 es
3054 3088 3191 3142 libro
3220 3089 3288 3143 de
3313 3088 3393 3143 lra
3416 3131 3434 3154 ,

163 3163 484 3232 respondent.
537 3162 600 3217 l'n
659 3178 789 3217 mss.
822 3167 847 3217 ἢ
879 3158 1135 3229 Sorbon.,
1169 3161 1204 3215 ξ.)
1258 3163 1409 3218 Coll).
1464 3173 1515 3216 et
1548 3162 1729 3217 Baluz.
1760 3158 1804 3219 C
1838 3178 1956 3230 cap.
1984 3164 2085 3228 lt);
2116 3158 2364 3232 Alcimi...
2379 3161 2580 3232 nullam
2602 3159 3221 3232 positionem—relinquunt
3244 3199 3257 3221 ,
3281 3176 3437 3232 quam

164 3248 247 3304 pro
259 3249 416 3304 neque
440 3244 523 3289 est
549 3235 842 3303 utrobique
867 3250 975 3287 nec.

234 3303 405 3359 Vereor
430 3320 588 3359 ηομ..
625 3320 731 3357 non
755 3304 920 3375 minus
966 3306 1263 3373 ineptum...
1295 3303 1543 3358 videatur.
1583 3304 1729 3375 Lips.

163 3382 269 3429 tert.
288 3375 512 3430 Reimtn.
538 3390 855 3446 perperam,
883 3374 1067 3429 Vereor
1090 3391 1219 3428 ne...
1250 3391 1350 3427 non
1380 3376 1550 3428 nimis.
1574 3376 1734 3430 Eras-

162 3460 290 3509 mus.
317 3448 517 3514 Sermo,
546 3449 761 3515 inquit,
788 3446 986 3499 videtur
1009 3446 1330 3514 imperfectus
1354 3486 1367 3509 ,
1403 3447 1500 3499 nisi
1530 3446 1694 3501 addas
1716 3491 1730 3513 ,

160 3531 298 3583 quam
320 3517 499 3573 dicere
518 3559 533 3581 ,
565 3527 663 3570 aut
689 3517 855 3570 simile
868 3518 1152 3584 quippiam.
1190 3517 1295 3571 Sed
1323 3518 1465 3569 salva
1496 3526 1550 3571 et
1596 3517 1737 3572 inte-

157 3602 237 3653 gra
262 3586 345 3643 hic
370 3590 573 3643 omnia.
616 3586 736 3641 Pari
770 3588 931 3640 modo
973 3588 1041 3641 de
1076 3587 1192 3647 Ira,
1226 3602 1345 3653 cap.
1386 3587 1450 3640 10
1478 3605 1490 3640 :
1527 3586 1731 3655 Vereor,

158 3675 213 3709 ue
246 3672 344 3713 non
388 3660 561 3714 minus
612 3658 833 3712 delirare
862 3659 1110 3721 videatur,
1143 3659 1227 3726 qui
1258 3658 1365 3729 licet:
1386 3667 1535 3729 putet
1576 3659 1734 3729 refel-

160 3729 332 3795 lenda;
377 3730 785 3800 respondeamus
840 3738 1041 3797 tamen,
1100 3737 1204 3783 etc.
1260 3727 1415 3782 Conl.
1468 3729 1562 3783 lib.
1620 3727 1731 3799 im,

156 3814 259 3869 cap.
289 3802 374 3855 Η.
405 3801 537 3857 BDN.

222 3870 334 3925 Non
355 3884 493 3926 sunt.
517 3873 599 3927 Ita
621 3886 813 3925 omnes
830 3885 965 3939 pene
987 3884 1117 3924 mss.
1142 3879 1193 3924 et
1213 3870 1431 3940 vulgati.
1460 3870 1739 3940 Expunxi-

163 3957 267 3996 tuus
289 3944 363 4006 si,
393 3945 537 4006 quod
592 3951 915 4014 praepunuut
957 3956 1089 3996 mss.
1132 3942 1157 3994 1
1215 3940 1448 4006 Βοιιοη.,
1495 3941 1641 4011 Lips.
1683 3953 1736 3996 et

156 4027 254 4066 rec.
278 4015 310 4068 5
338 4014 488 4069 editi.

217 4083 367 4153 Cujus
382 4086 455 4138 rei
473 4100 636 4139 causa
651 4094 772 4138 nata
785 4093 923 4139 sunt.
947 4084 1026 4137 Ex
1049 4084 1296 4137 omnibus
1315 4097 1447 4136 mss.
1465 4092 1521 4137 et
1540 4083 1737 4137 veleri-

157 4153 245 4225 bus
255 4155 410 4209 editis
423 4156 638 4211 restitui
653 4166 787 4209 sunt.
807 4156 863 4209 In
880 4155 1107 4225 vulgatis
1120 4154 1510 4225 recentioribus
1523 4163 1605 4208 est
1616 4155 1733 4207 sint.
1776 4180 1782 4188 ·

219 4224 477 4280 Ordinate.
512 4227 591 4280 Ita
623 4241 753 4280 mss.
776 4224 1000 4287 omnes;
1032 4234 1086 4278 at
1117 4224 1244 4278 Buv.
1282 4226 1437 4278 habet
1470 4224 1732 4279 ordinata.

164 4294 345 4349 —Tam
373 4298 632 4351 ordinate.
646 4295 922 4351 Confirmo
943 4298 1117 4351 exlib.
1143 4311 1199 4349 ιιι
1218 4295 1452 4349 Ittstitnt.
1485 4311 1603 4364 cap.
1629 4297 1694 4351 17
1722 4314 1735 4349 :

157 4367 407 4427 Quotitodo
428 4380 535 4423 tant
564 4369 799 4423 ordinate
809 4407 836 4434 ,,
867 4379 973 4421 tam
997 4367 1257 4437 disposite
1285 4367 1505 4419 mundus
1531 4365 1740 4432 e/fectus

154 4439 387 4563 “FB-lt]:
395 4481 409 4494 ’
429 4510 500 4565 ad
552 4509 882 4564 sariendam.
916 4469 1169 4563 ‘Videtur
1220 4508 1487 4575 respicere
1537 4508 1602 4562 ad
1635 4508 1739 4564 0d.

154 4580 413 4637 Auacr.—
442 4584 645 4635 Aves...
676 4583 810 4651 feras
831 4581 898 4632 ad
919 4579 1373 4651 swviendumetc.,
1403 4579 1626 4651 Videtur
1654 4595 1741 4634 re-

155 4651 380 4715 spexisse
433 4654 501 4706 ad
554 4652 650 4705 illa
677 4649 938 4718 Quintil“
990 4651 1124 4704 lib.t
1164 4649 1292 4702 lnst.
1332 4651 1503 4718 capJ
1538 4668 1550 4703 :
1598 4650 1742 4703 Sicut

155 4738 258 4775 aves
280 4723 346 4776 ad
370 4723 601 4777 volatum
619 4761 635 4785 ,
666 4724 780 4792 equi
810 4724 878 4775 ad
899 4737 1120 4783 cursum,
1149 4720 1217 4772 ad
1249 4721 1491 4774 saevitiam
1518 4722 1643 4789 ferte
1666 4723 1744 4792 gi-

154 4803 412 4918 glmunturB:
440 4796 515 4848 ita
547 4792 694 4848 nobis
716 4793 924 4865 prapria
946 4802 1019 4846 est
1045 4793 1224 4846 mentis
1244 4792 1455 4861 agitatio
1483 4802 1632 4861 atque
1659 4809 1744 4845 so-

173 4873 311 4917 eum.
401 4881 490 4920 UN.
860 4912 863 4915 λ

476 4905 558 4991 est
584 4952 797 5006 qumque
819 4912 1077 5006 generata.
1107 4933 1197 4989 Sic
1213 4933 1491 5006 emendavi
1525 4949 1589 4987 ex
1615 4949 1742 5006 om-

156 5005 301 5060 nibus
321 5023 451 5062 mss.
496 5019 552 5062 et
598 5004 791 5062 multis
822 5004 1014 5061 editis.
1041 5004 1095 5058 lu
1140 5007 1171 5059 7
1202 5005 1431 5073 vulgatis
1467 5019 1577 5058 iec.
1614 5005 1745 5074 legi—

158 5087 251 5149 tur,
282 5088 398 5130 suut
424 5094 638 5149 qumque
678 5087 918 5149 generata
942 5118 957 5140 ,
981 5076 1075 5131 sed
1100 5076 1316 5149 vitiose,
1349 5075 1413 5128 ad
1446 5076 1569 5145 quid
1598 5082 1739 5130 enim

157 5148 406 5202 refertur?
431 5151 501 5203 ad
534 5148 718 5203 feras?
745 5150 813 5202 ad
842 5148 1164 5200 animantes?
1198 5194 1203 5199 .

224 5220 484 5290 Summam
512 5215 681 5290 ipsam
705 5220 949 5273 veritatis.
982 5218 1160 5290 [psmn
1189 5217 1455 5290 addidiAex
1478 5215 1641 5290 editis
1665 5217 1735 5290 Is.

153 5297 203 5340 ct
230 5288 420 5345 Cellar.
452 5301 510 5345 et
535 5287 788 5345 omnibus
806 5304 937 5345 mss.
962 5287 1183 5357 demp’tn
1211 5303 1319 5342 uno
1361 5287 1526 5358 Regio
1542 5303 1653 5343 rec.
1687 5289 1738 5342 in

154 5375 251 5426 qui)
272 5403 286 5422 ,
317 5371 372 5414 ut
394 5372 447 5414 et
474 5363 529 5415 in
565 5363 633 5415 10
654 5362 883 5430 vulgatis
904 5404 917 5423 ,
948 5360 1305 5414 desideratur.

221 5430 554 5486 Odoraretur.
589 5432 662 5486 Ita
715 5429 919 5485 restitui
953 5447 1017 5485 ex
1049 5445 1178 5483 mss.
1214 5432 1245 5484 6
1276 5431 1433 5499 ch.,
1464 5429 1734 5485 l'Bunon.

154 5503 331 5571 antiq.,
362 5501 559 5567 Cauc.,
599 5505 633 5557 4
683 5499 881 5563 Oxum,
914 5503 948 5556 5
992 5501 1256 5563 Culhert.,
1291 5503 1407 5555 Em.
1435 5542 1447 5559 .
1475 5501 1736 5563 Clarom'.,

155 5570 308 5624 Brun.
335 5588 398 5627 ac
424 5574 588 5627 editis
611 5573 768 5627 Boni.
799 5582 855 5627 et
889 5573 1009 5625 aliis
1038 5586 1152 5625 sex.
1182 5572 1238 5625 In
1280 5586 1410 5625 mss.
1444 5572 1475 5624 7
1522 5579 1602 5624 est
1648 5580 1740 5625 aut

153 5641 480 5705 odoraretur;
510 5646 564 5697 in
600 5646 622 5699 l
656 5644 816 5712 Reg.
867 5643 897 5698 5
933 5641 1113 5705 Colh.,
1144 5640 1325 5709 Cztnt.,
1377 5640 1563 5695 alarm.
1595 5650 1650 5696 et
1680 5644 1732 5696 in

155 5712 184 5764 8
206 5714 424 5784 vulgatis
452 5723 538 5770 est
565 5716 820 5768 odoraret.
1266 5726 1269 5731 ‘

224 5781 522 5839 Po'sitionis.
558 5785 616 5839 ιιι
635 5792 750 5846 est.
777 5785 968 5849 situm,
999 5791 1215 5837 statum.
1246 5784 1363 5839 Lib.
1397 5798 1451 5838 ιιι
1478 5783 1730 5851 lnstitut.,

158 5866 269 5923 cap.
302 5855 370 5910 l7
404 5874 417 5910 :
463 5853 620 5911 Vario
650 5855 831 5911 ordine
849 5868 909 5908 ac
940 5853 1184 5924 positione
1209 5856 1526 5911 conveniunt.
1564 5854 1693 5911 BUN.

1769 4548 1825 4608 1)

1841 3250 1942 3287 non
1967 3234 2314 3303 experiantur.
2349 3231 2418 3287 Ut
2442 3244 2571 3303 vero
2595 3230 2725 3303 nihil
2751 3240 3011 3300 expertum
3036 3230 3318 3303 relinquere
3343 3231 3435 3303 vix

1839 3304 1945 3358 dici
1990 3300 2199 3373 potest,
2236 3302 2307 3356 ita
2339 3302 2636 3372 saepissime
2679 3302 2906 3356 alterum
2964 3301 3223 3354 occurrit.
3263 3300 3437 3372 Virgi-

1843 3374 1968 3442 lius,
1999 3375 2090 3429 lib.
2118 3390 2167 3428 IV
2194 3373 2323 3430 ιΕιι.
2351 3374 2459 3428 415
2495 3390 2510 3425 :

1962 3486 2037 3536 Nc
2056 3486 2173 3548 quid
2198 3487 2510 3549 ineXpertum
2534 3482 2713 3533 frustra
2735 3484 2971 3533 moritura
2994 3481 3214 3545 reliquit.

1910 3581 2162 3645 Ovidius,
2196 3579 2409 3635 lleroid.
2446 3593 2534 3648 ep.
2575 3578 2679 3645 20,
2716 3592 2768 3632 v.
2798 3576 2889 3631 42.

2024 3672 2185 3723 Ardor
2207 3674 2520 3733 inexpertum
2543 3669 2610 3718 nil
2632 3669 2763 3718 sinet
2787 3679 2901 3716 esse
2924 3674 3081 3715 meus.

1839 3758 1993 3826 Step8
2013 3757 2083 3811 ita
2109 3755 2343 3817 Curtius,
2366 3753 2458 3826 lib.
2484 3764 2709 3826 iu.__cap.
2739 3749 2772 3804 ο
2802 3767 2815 3801 :
2844 3748 2953 3803 Nec
2980 3745 3255 3816 Philippus
3276 3744 3430 3814 quid-

1840 3822 1992 3899 quam
2018 3828 2334 3895 inexpertum
2360 3824 2548 3899 omisit.
2571 3822 2699 3899 ΒΜ..

1916 3887 2158 3953 Unircrsa
2188 3910 2381 3964 quoque
2400 3893 2639 3964 memora.
2673 3891 2745 3944 lla
2765 3889 2970 3964 rectius
3001 3887 3214 3958 plurimi
3246 3887 3431 3955 scripti

1839 3979 1893 4024 et
1920 3980 2107 4023 omnes
2137 3959 2309 4031 editi,
2328 3978 2487 4034 quam
2518 3963 2725 4017 Bonon.
2762 3959 3011 4015 Universa
3040 3972 3235 4031 quaque
3266 3974 3428 4011 metu-

1839 4040 2287 4166 bngoﬁiliinenm.
2318 4105 2430 4161 Non
2463 4120 2526 4159 ex
2573 4101 2963 4173 atttiqttinrlbus
2994 4100 3124 4156 mllti
3156 4102 3385 4157 innotuit
3412 4121 3427 4167 ;

1843 4180 2035 4236 Lexica
2062 4179 2265 4234 addunt
2292 4178 2667 4248 Augustinum.
2704 4175 2880 4248 Nostri
2928 4184 3226 4244 praeceptor
3254 4174 3429 4230 Aruo-

1840 4253 1990 4316 bius,
2023 4251 2111 4305 lib.
2142 4265 2212 4316 ιι,
2246 4244 2627 4303 όίκὶἶδοιίάιιιη
2651 4262 2786 4316 ossa.
2815 4244 2942 4298 Buzv.

1915 4315 2100 4376 Nervis
2141 4315 2401 4389 alligavit,
2430 4328 2535 4372 etc.
2560 4316 2690 4371 Vide
2718 4315 3020 4389 Galerium,
3053 4316 3140 4386 qui
3171 4315 3424 4389 tinguer-

1844 4410 2028 4448 vorum
2055 4386 2252 4463 genera
2281 4405 2400 4463 esse
2428 4389 2589 4455 dicit,
2618 4396 2672 4442 et
2696 4388 2917 4441 Aristot.
2954 4386 3045 4440 lib.
3067 4389 3206 4441 inde
3228 4386 3427 4442 llistor.

1844 4460 2186 4531 animalium,
2215 4476 2334 4531 cap.
2363 4460 2419 4515 5.

1924 4527 2196 4588 Resistere.
2232 4527 2297 4586 ld‘
2315 4540 2428 4597 est,
2462 4530 2762 4591 subsistere.
2792 4527 3092 4597 oppositum
3125 4527 3431 4597 praeceden-

1852 4607 1915 4660 tis
1944 4622 2229 4659 excttrrere.
2262 4602 2396 4658 Vide
2446 4608 2558 4655 not.
2616 4600 2683 4655 ad
2733 4600 2825 4654 lib.
2855 4597 2923 4654 de
2967 4597 3078 4663 Ira,
3111 4613 3228 4669 cap.
3254 4601 3286 4654 4
3320 4617 3332 4652 :
3364 4598 3430 4653 In

1845 4688 2065 4732 extremo
2105 4676 2268 4746 gradu
2298 4674 2498 4746 restitit.

1926 4746 2013 4800 Vel
2035 4738 2239 4800 minimo
2266 4755 2411 4798 nutu.
2437 4743 2510 4798 lta
2542 4743 2592 4796 in
2623 4757 2751 4796 mss.
2780 4741 2813 4796 5
2838 4738 2995 4810 Reg.,
3026 4741 3057 4794 4
3084 4738 3256 4799 Cnlb..
3278 4738 3428 4804 Em.,

1845 4819 2032 4875 Brun..
2061 4819 2294 4871 Clarom.
2324 4815 2638 4883 cunctisque
2662 4812 2852 4876 editis;
2880 4812 2934 4866 in
2960 4811 3228 4865 nonnullis
3253 4810 3426 4877 deest,

1844 4891 1939 4943 rel.
1970 4888 2025 4942 In
2058 4890 2089 4941 7
2118 4904 2246 4942 mss.
2276 4897 2358 4941 est
2386 4896 2545 4939 motu.

1925 4959 2207 5013 Visceribus
2254 4957 2469 5026 operuit.
2513 4955 2728 5010 Viscera
2772 4967 2876 5006 nun
2928 4950 3178 5026 intestina
3193 4953 3426 5026 magis,

1843 5046 2000 5099 quam
2041 5022 2301 5101 quidquid
2327 5027 2567 5082 carnium
2614 5034 2697 5081 est
2735 5034 2857 5079 cute
2905 5033 3122 5078 tectum.
3149 5022 3237 5077 Sic
3259 5027 3427 5078 utitur

1844 5103 1976 5158 Ovid
2008 5099 2072 5157 in
2091 5099 2408 5170 epist.’Pen.
2443 5117 2455 5151 :

2028 5194 2229 5245 Viscera
2251 5199 2415 5243 nostra
2440 5200 2522 5242 tua
2543 5189 2869 5241 dilacerantur
2893 5201 3009 5253 0pc.

1848 5287 1997 5344 Unde
2026 5289 2401 5344 viscerationes
2424 5327 2440 5353 ,
2472 5285 2540 5341 de
2593 5285 2787 5356 quibus
2815 5282 2954 5355 apud
2993 5281 3105 5337 Cic.
3138 5280 3191 5335 in
3220 5278 3325 5335 Off.
3359 5281 3425 5336 ab

1844 5361 2226 5428 interpretibus
2252 5358 2467 5413 dicitur.
2499 5357 2705 5417 Baros.

1917 5421 2251 5499 Ut'quemque
2271 5431 2437 5483 locum
2459 5429 2681 5482 decebat-
2705 5426 2829 5481 Mss.
2855 5428 2889 5481 4
2908 5438 3016 5479 rec.
3047 5433 3098 5479 et
3131 5432 3238 5479 tres
3258 5421 3383 5477 editi
3407 5464 3423 5492 ,

1843 5510 1894 5553 ut
1919 5517 2277 5569 quemcumque
2300 5541 2312 5562 ,
2342 5512 2449 5555 etc.

1918 5564 1983 5625 Ut
2008 5588 2120 5641 qua:
2132 5573 2296 5625 solida
2321 5579 2480 5624 essent
2499 5611 2513 5633 ,
2547 5570 2785 5623 conclusa
2813 5574 3111 5641 tegerentur.
3143 5564 3217 5620 Ita
3247 5576 3423 5637 potio-

1840 5658 1928 5697 res
1955 5636 2366 5712 et'antiquiores
2394 5656 2522 5694 mss.
2542 5641 2739 5712 decem
2765 5679 2779 5703 ,
2805 5636 2951 5712 _citm
2981 5636 3139 5689 editis
3171 5636 3421 5707 quatuor,
3512 5669 3521 5673 ρ

1839 5713 1965 5767 Mss.
1995 5708 2183 5767 decem
2224 5727 2334 5766 rec.
2383 5726 2502 5765 eum
2536 5711 2564 5762 7
2595 5709 2751 5762 editis
2799 5708 3009 5773 ferunt,
3056 5718 3209 5777 utque
3260 5712 3427 5767 solida

1839 5800 1953 5837 ossa
1983 5783 2219 5854 conclusa
2252 5790 2535 5852 tegrrrntnr
2558 5794 2577 5842 ;
2600 5788 2706 5833 trcs
2729 5778 2855 5834 edit.
2891 5787 3130 5850 tegerent.
3154 5779 3249 5835 Ms.
3272 5782 3418 5854 Lips.

1840 5857 2009 5925 utique
2033 5853 2215 5909 solida.
