3970 6332
483 385 549 449 81
1482 391 1524 446 F
1528 390 1669 446 18M.
1709 383 2074 445 LACTAN'I'II
2115 385 2242 442 LIB.
2273 387 2361 442 DE
2401 388 2688 448 OPIFICIO
2727 391 2863 449 DEI.

3716 389 3794 448 32

484 519 584 577 per
609 519 807 576 corpus
856 519 1018 560 omne
1073 504 1272 559 divisos
1293 543 1308 566 ,
1336 516 1432 572 per
1471 517 1606 571 quas
1647 501 1954 556 discurrens
1983 499 2077 552 bu-
2104 501 2156 559 A
2183 500 2470 557 virentium
2504 504 2889 571 multitudine,‘
2923 505 3339 576 unumquodque
3368 503 3565 562 animal
3611 504 3664 559 in
3699 505 3788 560 sui

489 611 632 661 mor,
661 605 716 651 et
741 595 987 666 sanguis,
1019 595 1267 648 universa
1323 594 1561 648 membra
1606 594 1780 647 succis
1825 591 2070 646 vitalibus

486 687 764 756 irrigaret;
796 695 850 740 et
873 700 937 740 ea
969 686 1206 749 viscera,
1250 684 1474 738 formata
1533 685 1586 737 in
1639 698 1761 738 eum
1813 681 2028 735 modum
2057 723 2072 748 ,

487 777 576 846 qui
609 775 891 846 unicuique
916 777 1100 846 generi
1147 791 1211 830 ac
1248 760 1366 830 loco
1395 786 1552 844 aptus
1602 775 1733 837 luit,
1771 773 2074 843 superiecta

483 870 623 938 pelle
650 869 918 934 contexit,
949 884 1110 938 quam
1153 869 1238 924 vel
1268 869 1382 924 sola
1415 854 1814 939 pulchritudine
1839 867 2071 922 decorav

481 961 588 1028 vit,
623 961 705 1016 vel
749 960 879 1016 setis
903 960 1186 1030 adoperuit
1209 1002 1224 1026 ,
1255 960 1342 1015 vel
1397 961 1638 1030 squamis
1695 960 1957 1024 munivit,
1986 959 2073 1012 vel

481 1052 678 1123 plumis
706 1052 1008 1120 insignibus
1054 1051 1352 1106 adornavit.
1377 1051 1514 1106 Illud
1554 1067 1684 1106 vero
1707 1060 2071 1105 commentum

484 1143 578 1199 Dei
605 1141 848 1198 mirabile
870 1183 886 1208 ,
909 1143 1051 1212 quod
1082 1158 1184 1196 una
1214 1141 1529 1210 dispositio,
1563 1150 1618 1196 et
1657 1156 1795 1196 unus
1822 1141 2034 1196 habitus
2056 1183 2070 1204 ,

480 1232 900 1291 innumerabiles
931 1235 1177 1305 imaginis
1226 1235 1474 1304 praeferat
1513 1235 1820 1289 varietates.
1849 1233 1984 1288 Nam
2018 1234 2071 1288 in

483 1325 736 1380 omnibus
789 1325 1081 1398 fere,quae
1130 1325 1370 1396 spirant,
1401 1325 1586 1381 eadem
1616 1327 1784 1381 series
1834 1334 1890 1381 et
1941 1325 2073 1381 ordo

486 1416 857 1475 membrorum
906 1427 1007 1473 est.
1050 1418 1286 1472 Primum
1318 1419 1459 1472 enim
1506 1426 1700 1486 caput,
1733 1427 1786 1472 et
1816 1417 1941 1472 huic
1979 1433 2074 1471 an-

483 1524 622 1564 nexa
647 1509 848 1564 cervix.
875 1509 1006 1564 Item
1037 1508 1178 1564 collo
1226 1519 1412 1577 pectus
1437 1508 1746 1576 adjunctum
1769 1549 1784 1575 ,
1813 1517 1868 1562 et
1907 1524 1972 1562 ex
2008 1523 2075 1562 eo

483 1597 850 1668 prominentes
899 1599 1073 1663 armi,
1123 1597 1408 1654 adhaerens
1458 1598 1660 1667 pectori
1700 1609 1906 1654 venter.
1942 1599 2072 1652 Item

485 1688 660 1744 ventri
691 1689 932 1746 subnexa
955 1688 1231 1762 genitalia.
1283 1688 1481 1746 Ultimo
1508 1688 1626 1744 loco
1655 1687 1852 1745 femina
1883 1688 2078 1760 pedes-

487 1795 614 1852 que.

2179 605 2378 660 genere
2402 601 2455 646 et
2473 593 2652 662 specie
2674 595 3090 663 pulcherrimum
3124 593 3230 649 est?
3258 595 3370 650 utsi
3387 594 3514 665 quid
3539 595 3784 650 vicissim

2178 683 2248 737 de
2277 685 2447 738 altero
2475 685 2526 739 in
2547 685 2776 740 alterum
2810 686 3181 751 transferatur,
3217 686 3346 740 nihil
3376 685 3691 755 impeditius
3712 685 3785 739 ad

2181 774 2488 842 utilitatem,
2517 775 2649 830 nihil
2673 775 2970 832 deformius
2983 777 3046 830 ad
3059 785 3335 846 aspectum
3358 776 3528 830 videri
3549 791 3782 831 necesse

2175 867 2247 919 sit
2281 880 2294 918 :
2328 873 2386 920 ut
2414 869 2460 920 si
2489 866 2774 936 elephanto
2799 868 3062 922 cervicem
3117 867 3374 936 prolixam
3403 867 3636 932 tribuas,
3683 874 3784 920 aut

2175 958 2381 1012 camelo
2411 957 2664 1027 brevem;
2693 957 2778 1015 vel
2823 961 2866 1014 si
2894 961 3236 1029 serpentibus
3278 959 3465 1032 pedes,
3495 970 3592 1015 aut
3638 960 3782 1030 pilos

2175 1049 2362 1114 addas,
2389 1049 2440 1104 in
2472 1051 2666 1119 quibus
2696 1053 2928 1119 porrecti
2958 1053 3238 1119 aequaliter
3265 1052 3506 1121 corporis
3531 1051 3780 1120 longitu-

2175 1137 2245 1194 do
2271 1139 2400 1193 nihil
2431 1140 2573 1194 aliud
2589 1141 2858 1206 exhibeat,
2884 1142 2983 1196 nisi
3013 1151 3068 1197 tit
3087 1141 3310 1197 maculis
3333 1152 3479 1212 terga
3497 1141 3770 1206 distincti,

2171 1241 2224 1286 ct
2251 1247 2650 1301 squamtnarutn
2682 1233 2910 1288 laevitate
2938 1233 3139 1288 sull'ulti
3162 1274 3178 1300 ,
3209 1233 3262 1288 in
3288 1234 3524 1289 lubricos
3551 1242 3763 1290 tractus

2174 1321 2408 1377 sinuosis
2430 1323 2658 1379 ﬂexibus
2687 1324 3014 1380 laberentur.
3029 1324 3086 1378 In
3103 1325 3541 1394 quadrupedibus
3561 1333 3774 1390 autem,

2177 1411 2316 1467 idem
2337 1412 2516 1481 opifex
2539 1423 2848 1469 contextum
2871 1416 3039 1482 spina:
3061 1429 3091 1468 a
3122 1429 3334 1469 summo
3359 1415 3535 1484 capite
3563 1415 3777 1471 deduc-

2179 1511 2287 1557 tum
2320 1504 2526 1574 longius
2568 1513 2719 1560 extra
2744 1520 2941 1576 corpus
2985 1507 3208 1573 eduxit,
3259 1517 3314 1562 et
3356 1507 3687 1562 acuminavit
3721 1508 3776 1562 in

2177 1596 2422 1662 caudam,
2447 1595 2788 1652 utobscoenac
2816 1599 3059 1667 corporis
3085 1607 3284 1666 partes,
3311 1598 3394 1652 vel
3425 1593 3653 1668 propter
3673 1597 3777 1654 fa:-

2177 1685 2396 1740 ditatem
2427 1694 2758 1756 tegerentur,
2781 1687 2865 1742 vel
2907 1697 3124 1758 propter
3151 1689 3568 1744 teneritudinem
3596 1692 3778 1746 muni-

2177 1787 2384 1846 rentur,
2417 1787 2478 1835 ut
2502 1781 2750 1834 animalia
2773 1780 3016 1851 quaedam
3047 1781 3252 1836 minuta
3277 1791 3333 1836 et
3365 1781 3619 1837 nocentia
3653 1799 3776 1840 mo-

555 1872 666 1929 Nec
690 1872 863 1928 solum
885 1873 1120 1929 membra
1143 1889 1296 1928 suum
1321 1883 1559 1932 tenorem
1593 1891 1658 1932 ac
1682 1877 1843 1932 situm
1869 1877 1924 1932 in
1954 1892 2071 1932 om-
2103 1881 2152 1944 Β
2178 1878 2232 1926 ιιι
2259 1871 2376 1940 ejus
2404 1879 2720 1926 arcerentur
2746 1886 2776 1926 a
2803 1886 3030 1942 corpore
3059 1888 3073 1926 :
3105 1871 3246 1942 quod
3277 1872 3580 1927 membrum
3609 1873 3657 1928 si
3684 1873 3777 1928 de-

491 1964 652 2020 nibus
677 1973 914 2030 servant,
937 1964 1031 2020 sed
1055 1966 1216 2020 etiam
1244 1975 1420 2036 partes
1445 1969 1991 2050 membrorumvNam
2021 1970 2073 2026 in

489 2069 599 2110 uno
621 2055 796 2124 capite
837 2055 955 2125 ipso
979 2067 1181 2111 certam
1207 2057 1388 2112 sedem
1421 2060 1699 2128 possident
1745 2075 1926 2125 aures,
1958 2076 2077 2115 cer-

491 2153 600 2201 tam
631 2145 796 2212 oculi,
825 2161 982 2201 nares
1006 2147 1153 2212 item,
1179 2162 1240 2202 os
1263 2163 1494 2217 quoque,
1525 2159 1581 2206 et
1606 2151 1658 2204 iu
1694 2166 1761 2206 eo
1789 2151 2000 2216 dentes,
2022 2159 2078 2206 et

437 2244 447 2250 ‘
493 2236 690 2307 lingua.
722 2238 852 2305 Quae
884 2238 1064 2294 onutia
1089 2254 1212 2294 cum
1254 2239 1361 2294 siut
1387 2241 1572 2295 eadem
1602 2242 1654 2295 in
1689 2241 1939 2297 omnibus
1965 2243 2080 2296 ani-

491 2329 782 2400 mantibus,
816 2341 992 2386 tamen
1019 2332 1226 2386 inﬁnita
1251 2343 1302 2388 et
1331 2333 1608 2404 multiplex
1635 2334 1919 2390 diversitas
1943 2335 2078 2405 figu-

494 2429 732 2476 ratorum
761 2431 876 2487 est;
906 2421 1048 2492 quod
1077 2438 1138 2476 ea
1162 2439 1281 2492 qua:
1311 2424 1442 2490 dixi,
1473 2435 1564 2478 aut
1597 2424 1958 2493 productiora,
1989 2434 2083 2479 aut

493 2513 850 2568 contractiora
878 2513 1214 2569 lineamentis
1243 2516 1390 2571 varie
1422 2515 1792 2573 differentibus
1830 2533 2077 2586 compre-

493 2601 659 2660 hensa
687 2613 832 2674 sunt.
847 2604 1003 2676 Quid,
1028 2605 1157 2662 illud
1181 2622 1363 2664 nonne
1388 2607 1648 2675 divinum,
1677 2608 1818 2680 quod
1847 2609 1899 2664 in
1931 2618 2074 2663 tanta

2180 1961 2380 2028 trahas,
2413 1961 2782 2032 imperfectum
2811 1964 2870 2018 lit
2891 1964 3109 2032 animal,
3135 1979 3199 2020 ac
3228 1963 3430 2020 debile.
3465 1964 3568 2022 Ubi
3595 1974 3778 2021 autem

2179 2055 2350 2122 ratio,
2399 2063 2456 2110 et
2503 2071 2691 2110 manus
2733 2065 2848 2121 est,
2882 2066 2990 2110 tam
3029 2070 3136 2110 non
3163 2064 3247 2112 est
3289 2056 3341 2111 id
3369 2057 3776 2125 necessarium,

2179 2162 2338 2216 quam
2366 2145 2734 2202 indumentum
2761 2147 2988 2215 pilorum
3021 2164 3034 2200 :
3063 2147 3200 2202 adeo
3226 2147 3280 2202 in
3299 2163 3400 2203 suo
3425 2165 3662 2219 quasque
3687 2165 3779 2220 ge-

2181 2253 2310 2292 nere
2330 2237 2608 2308 aptissime
2621 2246 2948 2308 congruunt,
2973 2245 3031 2292 ut
3049 2254 3222 2308 neque
3239 2239 3384 2295 nudo
3404 2239 3780 2312 quadrupede,

2187 2344 2362 2400 neque
2417 2329 2635 2384 homine
2681 2339 2821 2385 tecto
2875 2330 3167 2402 excogitari
3219 2331 3512 2403 quidquam
3566 2334 3782 2404 turpius

2187 2434 2380 2492 possut.

2254 2511 2362 2568 Sed
2393 2522 2568 2566 tamen
2594 2527 2714 2566 cum
2737 2511 2850 2582 ipsa
2880 2513 3092 2567 nuditas
3122 2511 3354 2568 hominis
3378 2513 3517 2571 mire
3555 2515 3625 2571 ad
3659 2517 3780 2588 pul-

2181 2604 2536 2661 chritudinem
2567 2603 2760 2672 valeat,
2785 2620 2892 2660 non
2921 2613 3098 2661 tamen
3121 2604 3284 2661 etiam
3315 2606 3482 2678 capiti
3507 2623 3785 2682 congrue-

1831 2722 2192 2781 VARIORUM
2230 2719 2462 2778 NOTAE.
2521 2735 2526 2740 '

567 2861 670 2917 Per
694 2877 839 2933 quas.
869 2860 960 2917 Sic
978 2861 1228 2933 _reposui
1246 2875 1333 2933 _ex
1379 2876 1510 2916 mss.
1537 2861 1573 2915 2
1604 2863 1762 2929 Bon.,
1784 2862 1820 2917 2
1843 2863 1997 2933 Reg.,
2033 2863 2068 2917 2

491 2931 756 2997 Colbertl,
784 2931 943 2990 Tax..
975 2931 1186 2995 Baluz.,
1215 2931 1427 2998 Marm,
1469 2933 1704 2987 Clarom.
1756 2948 1786 2986 a
1831 2931 2068 2989 secunda

494 3018 657 3059 manu
675 3043 692 3067 ,
722 3011 779 3058 et
804 3001 964 3058 editis
987 3003 1244 3072 quinque.
1273 3002 1441 3057 Recte
1481 3011 1535 3056 ut
1587 3012 1715 3069 puto
1734 3043 1750 3068 ,
1775 3002 2068 3064 referendo

2171 2869 2390 2933 pectunt.
2419 2857 2732 2933 Lactantius
2749 2873 2900 2933 saepe
2913 2859 3177 2933 ejusmodi
3199 2859 3466 2933 adjectiva
3499 2861 3572 2918 ita
3597 2865 3774 2933 ponit.

2175 2932 2287 2984 lloc
2337 2931 2672 3006 libro__,_cap.
2708 2931 2740 2985 8
2773 2948 2787 2984 :
2920 2931 3150 3006 speciem
3176 2932 3365 3006 nullus
3390 2942 3474 3006 est
3503 2930 3788 3006 perfectior

2177 3017 2438 3072 numerus.
2469 2999 2602 3054 Ibid.
2629 3015 2640 3052 :
2668 3017 2773 3072 quo
2797 3001 2929 3072 nihil
2957 3002 3028 3052 ad
3047 3001 3267 3072 speciem
3294 2999 3514 3072 radius,
3531 2999 3613 3058 ad'
3633 3022 3787 3064 usum

497 3073 564 3129 ad
592 3087 778 3137 venas;
805 3089 904 3127 nec
950 3069 1244 3141 malm—per
1282 3089 1406 3141 quos
1436 3072 1486 3126 in
1517 3072 1702 3128 decem
1745 3074 2004 3142 vulgatis,
2028 3069 2145 3132 siC
2177 3071 2451 3142 inutilius:
2493 3084 2614 3142 cap.
2657 3071 2763 3125 1οε
2795 3071 2878 3124 Ad
2931 3087 3078 3125 usum
3125 3069 3404 3142 digitorum
3454 3075 3784 3142 tractabilis;

497 3144 703 3200 referas
720 3143 786 3198 ad
807 3146 958 3198 rivos.
993 3142 1121 3198 Mss.
1145 3143 1330 3198 decem
1353 3157 1472 3197 cum
1497 3142 1626 3198 edit.
1656 3145 1812 3198 Ront.
1837 3160 1926 3212 per
1940 3161 2071 3210 quin.

573 3214 708 3270 Setis
749 3214 1036 3286 adaperuit.
1079 3213 1560 3286 Reinnn._iprave,
1611 3225 1736 3270 satis
1789 3215 2072 3286 adaptavit.

497 3284 674 3342 Betul.
704 3285 922 3353 operuit.
947 3284 1062 3339 Lib.
1097 3299 1166 3338 vn
1193 3325 1208 3349 ,
1235 3299 1284 3338 c.
1309 3283 1379 3337 27
1403 3299 1418 3337 :
1445 3283 1712 3354 adoperta.

569 3354 887 3426 Insignibus.
906 3355 1069 3426 Deest
1094 3355 1145 3408 in
1179 3371 1281 3409 ms.
1303 3354 1432 3426 B_ov.

573 3423 845 3497 imaginis.
873 3425 1062 3497 3153.7
1101 3439 1223 3480 cum
1278 3424 1408 3497 edit.
1460 3423 1535 3497 Is1
1590 3425 1790 3481 habent
1817 3427 2073 3496 imaginis.

503 3498 530 3552 I
555 3495 820 3560 Colbert.,
850 3496 1095 3566 imagines
1119 3537 1132 3557 .
1153 3565 1158 3566 ί
1179 3495 1457 3551 mendose.
1497 3495 1691 3550 Cmteri
1733 3511 1862 3551 mss.
1895 3495 1951 3552 ct
1979 3513 2078 3556 ex-

501 3568 614 3622 cusi
638 3610 653 3634 ,
677 3565 1038 3620 animantium.
1062 3565 1199 3633 Quid
1239 3567 1282 3620 si
1316 3567 1460 3632 legas
1481 3607 1497 3630 ,
1528 3567 1919 3620 innumerabiles
1949 3568 2081 3620 ima.

501 3635 945 3710 ginumprreferat
971 3637 1258 3710 varietates.
1275 3635 1332 3710 In
1358 3638 1624 3710 plerisque
1641 3639 1785 3696 enim
1807 3637 2080 3710 codicibus

502 3705 588 3765 est
608 3705 943 3763 animantium
960 3749 976 3772 ,
1009 3705 1144 3779 forte
1176 3723 1272 3774 pro
1299 3705 1612 3779 imaginum;
1629 3717 1684 3762 et
1712 3708 2076 3778 legitur-infra,

501 3780 770 3847 multiplex
798 3779 1061 3832 diuersitas
1092 3778 1424 3847 ﬁguratoruni
1452 3787 1543 3833 est.

579 3848 849 3920 Prwferat.
880 3848 956 3920 I_ta
985 3849 1192 3920 restitui
1219 3863 1284 3903 ex
1315 3848 1520 3903 7editis
1540 3848 2077 3920 omnibusquemss.,

505 3918 724 3989 dempto
755 3934 860 3972 uno
888 3918 1090 3990 Regio:
1118 3919 1171 3990 in
1198 3934 1339 3986 quo,
1371 3921 1510 3973 sicut
1537 3919 1800 3974 indecem
1828 3919 2078 3990 vulgatis,

505 3999 591 4046 est
615 3986 872 4060 perferat;
896 3989 948 4060 in
977 3986 1002 4043 1
1035 3986 1273 4044 Colbert.
1309 3995 1556 4060 proferat.

582 4059 776 4116 Eadem
801 4059 957 4113 series
1000 4068 1045 4112 et
1073 4059 1197 4112 ordo
1239 4060 1575 4114 membrorum
1611 4068 1705 4114 est.
1753 4059 1971 4114 Phrasis
2001 4070 2084 4114 est

507 4130 875 4192 Lactantisna,
904 4143 1025 4198 quae
1053 4128 1211 4183 simili
1239 4130 1456 4198 gaudet.
1483 4129 1621 4184 Infra
1649 4144 1768 4196 cap.
1803 4131 1870 4184 10
1894 4148 1906 4182 :
1933 4133 2084 4197 pedes

509 4203 610 4255 dno
637 4211 685 4256 et
714 4201 832 4254 item
860 4216 1058 4270 manus.
1091 4199 1238 4253 Alius
1264 4201 1522 4270 dixisset,
1545 4210 1592 4255 et
1617 4199 1750 4254 idem
1776 4200 1902 4254 ordo
1928 4216 2087 4254 ment-

508 4273 780 4327 brorum...
814 4279 860 4324 et
889 4269 1006 4322 dua:
1025 4271 1144 4324 item
1171 4287 1371 4324 manus.

583 4341 845 4396 Subncxa.
879 4340 1005 4395 Mss.
1035 4341 1072 4394 2
1103 4341 1233 4396 Bon.
1259 4343 1494 4396 subnixa.

583 4411 819 4466 Femina.
842 4411 1032 4466 Nullus
1055 4411 1262 4479 dubito,
1285 4413 1412 4483 quin
1441 4413 1519 4467 sic
1545 4413 1825 4477 scripserit
1851 4413 2083 4467 Lactan-

510 4484 664 4540 tius:
695 4483 814 4551 quis
865 4485 1009 4538 enim
1052 4485 1286 4552 femora,
1336 4498 1524 4538 vocem
1571 4484 1700 4538 nulli
1752 4499 1856 4537 non
1905 4494 2082 4538 notam

513 4553 534 4623 (
562 4569 682 4623 qua:
711 4568 904 4624 novem
925 4566 1034 4607 rec.
1063 4567 1193 4624 mss.
1221 4563 1276 4607 et
1305 4552 1570 4609 editorum
1603 4552 1723 4624 est)
1748 4563 2008 4608 mutasset
2030 4555 2086 4610 in

512 4626 704 4696 femina
723 4665 740 4691 ,
769 4623 908 4696 quod
959 4631 1053 4696 est_
1091 4623 1126 4678 5
1150 4623 1395 4696 Reg.,__2
1449 4623 1900 4696 Bouou.,’Cauc.,
1930 4625 2087 4687 'I‘ax..

516 4692 542 4749 1
573 4694 753 4757 Colb.,
783 4695 992 4755 Baluz.,
1021 4693 1186 4746 Brun.
1213 4692 1268 4747 In
1309 4693 1499 4748 Marm.
1540 4705 1593 4748 et
1634 4695 1871 4748 Clarotu.
1903 4703 1986 4748 est
2014 4697 2091 4762 [e-

512 4766 769 4836 moralia,
795 4763 1236 4836 corrttpte._\’ide
1281 4780 1500 4836 quoque
1547 4765 1886 4836 feminum...
1926 4765 2092 4836 longi-

514 4835 658 4900 ludo,
693 4834 852 4894 infra.
886 4849 1006 4904 cap.
1041 4833 1110 4888 1⁷5
1133 4875 1147 4896 ,
1173 4835 1330 4903 paulo
1361 4844 1474 4904 post
1503 4833 1730 4889 initium.

585 4906 790 4960 Solum.
819 4907 887 4960 At
917 4905 968 4958 iu
992 4920 1095 4958 ms.
1120 4904 1250 4958 Bov.
1278 4906 1409 4969 sola,
1440 4905 1598 4972 idque
1627 4906 1756 4960 satis
1781 4915 1920 4975 apte.

585 4976 652 5031 In
679 4994 761 5030 eo.
790 4977 932 5037 Scite
947 4975 1320 5041 quamplurimi
1344 4991 1472 5028 mss.
1491 4975 1918 5045 .vetustioresque
1941 4976 2092 5030 editi.

513 5047 572 5103 In
598 5045 632 5100 5
665 5052 801 5100 mss:
825 5061 933 5116 rer.
957 5053 1011 5098 et
1040 5044 1196 5097 editis
1227 5046 1294 5100 10
1313 5047 1365 5098 in
1388 5061 1494 5106 ore,
1518 5046 1724 5116 ingrata
1752 5044 2090 5116 repetitione,

513 5117 776 5188 siquidem
800 5115 960 5171 modo
984 5115 1274 5188 p_r:ccessit,
1303 5131 1358 5168 os
1381 5115 1597 5188 quoque;
1688 5187 1693 5188 γ
1770 5149 1784 5188 ί

588 5185 1079 5258 Ἐὶςιινριοταηι-νιιιι
1110 5199 1343 5258 (ἒξ-11155.
1391 5187 1629 5258 bilirg,
1669 5187 1702 5241 6
1743 5187 2016 5258 Colberl.,
2057 5189 2093 5244 4

515 5253 716 5324 Omni,
739 5255 921 5310 (10th..
943 5255 1116 5322 Lips.,
1143 5253 1401 5320 Clarium,
1437 5253 1580 5320 Emi,
1603 5257 1850 5323 Cantab.,
1881 5257 2090 5322 Marnt.,

515 5330 704 5394 Brun.,
739 5326 1232 5399 vetustiorilntsque
1252 5325 1410 5382 editis
1435 5330 1644 5392 reposui
1670 5344 1686 5389 ι
1733 5329 1787 5382 in
1813 5329 1849 5382 2
1877 5329 2006 5399 Heg.
2039 5338 2095 5384 et

515 5399 698 5454 Baluz.
730 5397 1018 5462 multisque
1038 5395 1266 5463 vulgatis
1293 5407 1375 5450 est
1396 5399 1698 5464 ﬁgurarum.

589 5468 654 5522 In
679 5468 760 5521 sui
784 5482 964 5537 genere
1008 5474 1054 5518 et
1084 5467 1264 5532 specie.
1300 5467 1650 5522 Restituiutus
1675 5469 1784 5531 sui,
1815 5484 1882 5523 cx
1912 5479 2096 5524 vetus-

516 5539 740 5593 tioribus
756 5537 912 5607 edilis
938 5545 992 5588 et
1014 5551 1143 5589 mss.
1167 5538 1199 5592 6
1215 5537 1421 5607 Βρενηό
1438 5538 1695 5604 COIbert.,
1724 5539 1912 5600 Cauc.,
1938 5541 2092 5607 Pen.,

516 5608 656 5680 Ultr.
685 5616 740 5663 et
771 5607 796 5660 1
829 5606 962 5680 Bon.
991 5608 1155 5680 anliq.
1188 5608 1240 5680 in
1267 5606 1374 5678 quo
1405 5619 1486 5664 cst
1510 5610 1563 5662 in
1591 5611 1666 5663 sui
1698 5611 1892 5680 generis
1911 5606 2090 5680 specie.

516 5678 573 5733 In
595 5678 630 5734 5
659 5692 768 5752 rec.
800 5685 854 5752 et
885 5677 936 5730 in
965 5679 1172 5752 cunctis
1200 5677 1366 5752 ferme
1395 5681 1648 5750 vulgatis,
1688 5677 1748 5752 in
1787 5697 1879 5734 suo
1919 5677 2098 5752 genere

518 5748 770 5810 ctspccic.
804 5746 960 5800 Deest
984 5749 1172 5814 copula
1205 5751 1254 5802 iu
1286 5753 1318 5803 5
1345 5746 1552 5805 ιῐιεε.ἀῑ
1575 5753 1610 5806 2
1631 5751 1806 5806 editis.

596 5817 745 5871 Nihil
771 5818 1053 5887 impcditms
1077 5823 1142 5873 (tr!
1164 5821 1448 5887 utilitatem,
1470 5823 1596 5875 nihil
1627 5823 1902 5892 deformius
1927 5823 1993 5875 ml
2015 5839 2098 5876 (ts-

2182 3140 2310 3217 ibid.
2339 3159 2362 3217 ε
2383 3140 2620 3217 Illuttad
2649 3157 2796 3194 nsum
2825 3142 2970 3196 miris
2997 3143 3161 3217 modis
3184 3140 3392 3217 habite;
3417 3143 3486 3217 de
3517 3145 3625 3217 Ira.
3658 3140 3784 3217 cap.

2181 3211 2250 3265 10
2280 3229 2292 3264 :
2326 3211 2438 3278 Quo
2465 3211 2596 3264 nihil
2620 3221 2780 3278 potest
2811 3229 2916 3266 esse
2943 3228 3034 3265 nec
3079 3212 3380 3280 dispositius
3409 3214 3479 3266 ad
3499 3211 3746 3270 ordinem
3768 3257 3786 3282 ,

2181 3297 2272 3334 nec
2291 3283 2461 3354 aptius
2475 3281 2544 3334 ad
2559 3282 2845 3354 utilitatem,
2869 3298 2960 3336 nec
2981 3284 3212 3338 ornatius
3226 3284 3292 3336 ad
3315 3281 3782 3354 pulchritudinem,

2181 3368 2272 3406 nec
2295 3353 2462 3420 majus
2491 3353 2560 3405 ad
2579 3353 2780 3406 malent.
2807 3353 2940 3408 Bon.
3149 3400 3158 3410 .

2252 3421 2526 3477 Exhibeat.
2564 3423 2782 3492 Legitur
2811 3424 2952 3490 apud
2983 3425 3276 3478 Buneman.
3305 3424 3578 3489 exigebat;
3607 3435 3669 3481 et
3696 3427 3788 3484 ille

2182 3493 2263 3565 sic
2286 3496 2546 3548 rationem
2578 3493 2754 3565 reddit
2786 3494 2946 3565 hujus
2973 3496 3248 3548 variantis.
3277 3523 3350 3565 σέ-
3378 3494 3658 3565 Exigebat.
3691 3497 3786 3552 Sic

2183 3564 2286 3618 edo
2315 3581 2380 3619 ex
2413 3565 2569 3630 Bon.,
2605 3563 2763 3626 'I‘ax.,
2797 3562 2962 3628 Isaeo,
3003 3565 3149 3634 quod
3177 3564 3370 3634 Spark.
3406 3575 3464 3622 et
3485 3562 3782 3623 'ﬂeutnau.

2183 3637 2553 3698 comprobant.
2581 3635 2817 3690 Rciutm.
2845 3645 2902 3690 et
2929 3636 3142 3704 reliqui,
3165 3635 3424 3706 exhibeat,
3457 3637 3606 3706 quod
3635 3641 3786 3695 valc-

2183 3706 2434 3776 retiidem
2458 3705 2600 3774 quod
2631 3720 2818 3776 supra,
2852 3708 3116 3776 prtcferat.
3151 3706 3286 3760 BDN.

2261 3775 2480 3830 Maculis
2525 3786 2664 3843 terga
2694 3775 2938 3830 distincti.
2966 3775 3315 3833 'Graecismus
3361 3785 3449 3833 est
3476 3817 3494 3846 ,
3545 3777 3784 3835 distincti

2184 3846 2360 3918 quoad
2387 3855 2530 3916 terga
2557 3850 2766 3918 attinet.

2257 3915 2601 3987 Squamarum
2628 3917 2846 3971 levitate
2877 3915 3096 3984 sulfutti.
3135 3915 3400 3974 Cellarius
3441 3917 3657 3975 dubitat
3711 3936 3782 3976 an

2185 3987 2415 4060 sincere.
2449 3987 2542 4060 Sic
2563 4003 2688 4060 vero
2710 4003 2926 4060 omnes.
2955 3989 3006 4041 iu
3033 3988 3226 4060 quibus
3251 3989 3462 4042 meliori
3487 3991 3782 4060 orthogra-

2187 4058 2311 4127 phia
2338 4059 2549 4121 Parrh.,
2574 4058 2747 4111 Betui.
2771 4068 2826 4112 et
2845 4058 3011 4112 Toru.
3035 4058 3173 4113 1587
3188 4075 3518 4126 squamarum
3533 4058 3778 4126 laevitate,

2187 4143 2284 4194 per
2322 4143 2386 4181 az.
2421 4128 2512 4182 Sic
2536 4131 2602 4182 de
2630 4128 2733 4192 Ira,
2764 4143 2882 4192 cap.
2915 4129 3004 4192 10,
3032 4129 3295 4196 Iwuitudo,
3323 4139 3382 4184 ut
3407 4129 3515 4196 hic,
3549 4132 3783 4188 lzevitate

2187 4198 2240 4252 in
2275 4197 2508 4270 lubricos
2539 4207 2758 4253 tractus.
2786 4197 2876 4253 Sic
2905 4199 3142 4260 Plinius,
3173 4201 3266 4254 lib.
3297 4216 3355 4260 tt.
3385 4215 3507 4268 cap.
3540 4201 3599 4270 3,
3631 4203 3780 4256 lteri-

2189 4277 2289 4340 tate
2325 4267 2574 4322 lubricum
2598 4285 2780 4337 corpus
2824 4269 3164 4339 serpentibus
3192 4270 3394 4326 tribuit.
3423 4267 3534 4326 Nec
3574 4267 3780 4340 suittlti

2187 4337 2348 4394 debet
2367 4353 2488 4395 esse
2509 4349 2836 4410 suspectum.
2860 4337 3053 4396 Noster
3078 4353 3200 4411 Cap.
3219 4341 3274 4408 2,
3303 4340 3519 4409 stt/fulta
3541 4337 3776 4412 ungulis.

3571 4413 3704 4469 BUN.

2111 4448 2165 4508 D
2231 4479 2598 4553 _Acuminavit.
2631 4480 2707 4536 De
2725 4481 2822 4536 hac
2874 4496 3004 4538 voce
3033 4482 3254 4553 consule
3281 4448 3778 4553 Savaroneu-iinqui

2191 4550 2342 4620 plura
2365 4552 2608 4618 exempla
2625 4553 2918 4621 collegitad
2938 4554 3124 4608 Sidon.
3149 4552 3243 4606 lib.
3265 4568 3356 4618 vn,
3381 4563 3435 4608 et
3452 4555 3517 4607 ad
3547 4555 3640 4610 tib.
3661 4550 3776 4610 vin.

2263 4621 2324 4674 Si
2352 4621 2605 4674 detrahas.
2633 4621 2720 4678 Sic
2748 4625 2961 4690 reposui
2992 4639 3058 4678 ex
3097 4624 3346 4676 omnibus
3367 4639 3498 4680 mss.
3521 4635 3578 4680 et
3602 4626 3636 4681 5
3667 4627 3784 4682 edi-

2192 4690 2290 4762 tis.‘
2310 4691 2366 4745 In
2397 4693 2641 4746 undecim
2665 4694 2892 4762 vulgatis
2915 4705 3019 4759 est,
3050 4694 3094 4747 si
3118 4694 3372 4748 detrahes.

2267 4760 2328 4814 In
2355 4778 2446 4816 suo
2471 4778 2682 4833 (parque
2709 4760 2905 4833 genere.
2933 4764 3008 4818 Ita
3039 4764 3316 4818 emendavi
3351 4779 3417 4819 ex
3446 4779 3579 4820 mss.
3612 4766 3778 4831 Bon.,

2191 4831 2226 4886 4
2259 4833 2455 4901 ltegiis,
2492 4831 2638 4897 Em.,
2671 4831 2834 4888 Brun.
2865 4843 2918 4888 et
2933 4835 3060 4890 edit.
3093 4834 3274 4892 Itoni”
3307 4835 3537 4898 Grarh..
3571 4837 3778 4901 Βοιώ..

2193 4902 2451 4976 Torues.,
2470 4904 2762 4976 Soubr0tt.,
2782 4904 2819 4956 2
2838 4906 3032 4976 Paris”
3051 4905 3146 4966 Is.,
3169 4902 3390 4976 Cellae,
3413 4905 3657 4969 Walch..
3680 4923 3780 4976 ap-

2193 4973 2542 5043 probantibus
2583 4974 2824 5030 Betuleio
2867 4986 2921 5031 et
2949 4975 3198 5031 Francio.
3230 4975 3289 5030 In
3326 4979 3543 5034 ueteris
3585 4973 3781 5050 legitur

2191 5061 2405 5114 quoque.

2269 5114 2458 5170 Possit.
2502 5114 2722 5186 Correxi
2753 5133 2817 5172 ex
2849 5133 2978 5172 mss.
3005 5127 3061 5171 et
3084 5117 3333 5174 omnibus
3353 5117 3468 5174 fere
3502 5119 3688 5176 editis.
3721 5119 3779 5174 in

2193 5185 2228 5241 5
2251 5187 2476 5257 vulgatis
2495 5185 2605 5240 rec.
2631 5187 2854 5242 habetur
2876 5197 3058 5257 posset.

2269 5255 2375 5312 Sed
2409 5268 2573 5330 tamen
2603 5275 2740 5330 cum.
2773 5255 3019 5330 Additum
3051 5259 3188 5326 Sed,
3232 5275 3300 5330 ex
3333 5274 3466 5316 mss.
3493 5259 3528 5313 2
3560 5261 3719 5330 Reg..
3745 5259 3782 5313 2

2197 5327 2429 5394 Bonon.,
2461 5328 2618 5394 Tax.,
2645 5329 2680 5382 2
2707 5329 2968 5394 Colbert.,
2991 5329 3197 5397 Baluz.,
3215 5328 3453 5384 Clarum.
3486 5345 3517 5384 a
3540 5327 3778 5386 secunda

2196 5413 2378 5462 manu,
2408 5409 2461 5454 ct
2481 5399 2638 5452 editis
2666 5400 2921 5467 quinque.
2951 5398 3172 5456 Czeteris
3200 5401 3373 5456 deest.
3409 5400 3515 5456 Sed
3545 5418 3666 5456 cum
3694 5409 3778 5454 ta-

2197 5485 2309 5540 men
2334 5468 2447 5540 ipsa
2473 5469 2674 5524 nuditas
2698 5471 2936 5536 hominis,
2955 5481 3060 5525 etc.
3084 5470 3219 5524 Hinc
3235 5470 3388 5534 forte,
3415 5473 3559 5540 quod
3582 5481 3777 5527 statua:

2199 5539 2352 5592 unda:
2381 5539 2584 5595 Graecis
2615 5541 2932 5606 placuerint,
2961 5541 3082 5609 quia
3116 5541 3189 5594 illi
3227 5541 3356 5595 nihil
3384 5539 3586 5596 velant.
3636 5543 3774 5596 Plin.

2197 5625 2378 5670 xxxiv,
2473 5627 2488 5664 :
2525 5609 2790 5673 Placuere,
2823 5611 3012 5679 inquit,
3041 5622 3088 5664 et
3112 5611 3282 5674 nudtv,
3316 5621 3535 5666 tenentes
3577 5616 3779 5666 hastam

2197 5686 2260 5732 ab
2287 5681 2590 5745 epheborum
2609 5697 2636 5734 e
2659 5681 2933 5750 gymnasiis
2957 5681 3348 5750 exemplaribus.
3365 5699 3496 5750 quas
3518 5681 3779 5736 Achilleas

2198 5761 2395 5803 vocant.
2443 5750 2621 5804 Gra'ca
2661 5768 2741 5804 res
2767 5763 2838 5804 est
2865 5752 2992 5806 nihil
3021 5753 3204 5806 velare.
3240 5753 3471 5806 Romana
3498 5769 3562 5806 ac
3591 5753 3781 5807 milita-

2200 5822 2269 5874 ris
2299 5821 2531 5876 thoracas
2555 5823 2760 5880 tttltlt’t‘e.
2795 5821 2856 5878 lit
2897 5823 3030 5878 lianc
3051 5822 3342 5880 nuditatem
3369 5824 3422 5880 in
3453 5825 3611 5894 signo
3635 5824 3784 5881 senis
