3970 6338
442 299 515 352 45

1405 287 1588 343 FIRM.
1633 282 1997 342 LACTANTII
2035 282 2162 339 ΜΒ.
2207 282 2293 338 DE
2333 277 2626 336 OPIFICIO
2662 275 2779 334 DEI

3556 264 3747 322 ,ιι

442 387 627 464 ret'utu
650 408 731 462 vel
758 406 826 462 de
852 403 1079 473 simplici
1102 400 1322 469 duplex,
1345 398 1430 453 vel
1456 398 1521 451 de
1542 398 1741 465 duplici
1771 397 2017 465 simplex,
2052 407 2099 464 Α
2132 394 2328 465 primit,
2358 402 2412 448 et
2438 392 2752 447 transmittit
2775 388 2842 444 ad
2870 394 3138 442 ventrem.
3172 385 3359 454 itaque
3379 380 3554 436 Varro
3585 395 3617 435 a
3666 379 3747 434 li-

442 508 500 555 et
542 499 837 569 gubernat,
884 504 941 549 et
989 492 1228 559 continet
1260 498 1480 544 totum:
1512 489 1582 543 ita
1614 490 1663 541 in
1691 502 1918 557 corpore
1960 487 2029 541 de

445 590 659 645 duobus
689 588 934 641 universa
960 591 1236 652 compacta
1265 622 1280 644 ,
1306 580 1765 635 indisseciabilem
1795 587 2033 649 praeten-

448 681 641 737 derent
689 680 965 732 unitatem.
1013 674 1134 729 Oris
1158 684 1378 743 quoque
1422 673 1633 741 species
1654 712 1667 735 ,
1700 680 1755 725 ct
1781 672 1949 725 rictus
1965 682 2033 724 ex

449 782 762 829 transverso
787 768 1106 840 patefactus,
1134 778 1299 835 quam
1322 764 1493 830 utilis,
1525 778 1683 833 quam
1702 764 1912 818 decens
1940 763 2031 825 sit,

448 866 688 925 enarrari
738 878 844 918 non
897 869 1074 931 potest
1100 859 1296 928 :cujus
1342 871 1472 911 usus
1497 857 1553 911 in
1580 856 1789 911 duobus
1827 864 2038 911 constat

447 960 662 1026 ciliciis,
690 954 940 1012 sumendi
969 954 1249 1017 vietus,.et
1275 948 1547 1021 loquendi.

524 1054 727 1122 Lingua
772 1050 915 1105 intus
944 1046 1176 1110 inclusa,
1203 1059 1321 1108 quae
1350 1058 1536 1098 vocem
1569 1042 1802 1096 motibus
1842 1041 1953 1095 suis
1984 1041 2035 1093 in

446 1146 610 1201 verba
640 1142 899 1198 discernit
923 1181 939 1207 ,
969 1149 1025 1194 et
1072 1148 1155 1192 est
1184 1138 1445 1204 interpres
1474 1134 1675 1198 animi;
1708 1147 1809 1189 nec
1860 1143 2036 1188 tamen

450 1236 567 1292 sola
599 1245 773 1304 putem
798 1246 894 1303 per
918 1244 978 1284 se
1003 1226 1261 1298 loquendi
1287 1240 1479 1279 munus
1508 1224 1753 1295 implere,
1782 1224 1883 1278 nisi
1914 1239 2040 1279 acu-

453 1341 580 1382 men
622 1339 777 1379 suum
814 1322 994 1391 palato
1021 1318 1264 1385 illiserit,
1310 1318 1412 1371 nisi
1452 1316 1563 1384 juta
1611 1315 1701 1370 vel
1749 1310 2043 1371 offensione

455 1417 719 1481 dentium,
753 1413 837 1468 vel
857 1410 1258 1480 compressione
1287 1407 1549 1461 labiorum
1584 1405 1817 1461 :dentes
1862 1415 2040 1461 tamen

449 1508 573 1580 plus
592 1504 880 1561 conferunt
909 1503 976 1556 ad
1015 1498 1373 1570 loquendum;
1410 1514 1534 1553 nam
1562 1508 1615 1552 et
1658 1498 1886 1554 infantes
1935 1514 2041 1555 non

453 1608 580 1653 ante
607 1596 870 1666 incipiunt
898 1592 1021 1658 fari,
1046 1604 1207 1661 quam
1237 1589 1425 1645 dentes
1447 1589 1750 1655 habuerint,
1782 1599 1837 1644 et
1881 1605 2042 1646 senes

453 1689 672 1744 amissis
695 1685 947 1741 dentibus
973 1683 1045 1737 ita
1082 1681 1399 1744 balbutiunt,
1434 1690 1493 1734 ut
1532 1680 1600 1734 ad
1645 1679 1923 1735 infantiam
1953 1696 2014 1736 re

2135 488 2310 558 gando
2334 488 2454 541 cibo
2485 492 2631 556 putat
2666 482 2857 553 linguae
2903 492 3099 535 nomen
3159 478 3490 546 impositum.
3522 472 3751 528 Bestias

2132 581 2294 635 etiam
2341 589 2467 648 potu
2514 577 2764 647 adjuvat;
2814 580 3062 644 protenta
3092 570 3235 627 enim
3264 576 3559 635 cavatoque
3602 564 3754 650 hau-

2133 673 2278 727 riunt
2330 684 2554 740 aquam,
2587 682 2816 738 eamque
2840 663 3289 735 comprehensam
3342 662 3540 731 linguae
3569 658 3702 713 sinu
3728 695 3749 723 ,

2135 782 2205 822 ne
2257 766 2508 820 tarditate
2535 779 2598 819 ac
2627 778 2779 817 mora
2808 760 3012 827 efﬂuat,
3040 758 3107 813 ad
3136 758 3369 829 palatum
3400 755 3568 810 celeri
3623 766 3756 807 mo-

2137 858 2343 914 bilitate
2364 856 2733 925 complodunt.
2778 854 2903 908 Haec
2934 854 3113 922 itaque
3160 848 3317 920 palati
3345 862 3585 903 concavo
3621 855 3754 900 tan-

2136 967 2295 1021 quam
2321 949 2590 1004 testudine
2618 947 2843 1017 tegitur;
2867 958 3096 1014 eamque
3116 941 3357 1001 dentiunt
3381 939 3552 1011 septis
3597 936 3757 993 Deus

2139 1043 2289 1113 quasi
2326 1055 2481 1096 muro
2510 1038 2953 1095 circumvallavit.

2214 1134 2408 1190 Dentes
2457 1143 2634 1188 autem
2686 1133 2831 1203 ipsos
2873 1130 3100 1186 mirabili
3148 1127 3310 1183 modo
3359 1142 3454 1198 per
3491 1123 3758 1179 ordinem

2143 1230 2297 1295 ﬁxos,
2327 1244 2392 1284 ne
2422 1228 2547 1283 nudi
2576 1242 2639 1283 ac
2666 1226 2901 1281 restricti
2932 1224 3101 1293 magis
3122 1221 3340 1277 horrori
3371 1234 3533 1289 quam
3570 1231 3757 1272 orna-

2142 1331 2325 1376 mento
2372 1328 2586 1384 essent,
2632 1318 2859 1388 gingivis
2913 1315 3196 1375 mollibus,
3250 1326 3368 1382 quae
3398 1328 3428 1365 a
3455 1306 3761 1380 gignendis

2144 1412 2393 1468 dentibus
2422 1412 2787 1474 nominantur,
2815 1423 2877 1462 ac
2903 1407 3099 1461 deinde
3124 1404 3383 1459 labiorum
3416 1399 3763 1470 tegminibus

2145 1502 2477 1567 honesmvit,
2510 1515 2734 1571 quorum
2761 1498 3015 1560 durities,
3050 1496 3187 1550 sicut
3214 1495 3265 1549 iu
3291 1492 3482 1547 molari
3516 1490 3711 1562 lapide
3735 1532 3753 1557 ,

2146 1594 2318 1663 major
2342 1604 2423 1648 est
2463 1603 2516 1648 et
2561 1592 2803 1662 asperior
2825 1632 2839 1656 ,
2871 1605 3030 1657 quam
3080 1590 3131 1642 in
3161 1587 3370 1641 caeteris
3400 1584 3621 1638 ossibus
3642 1623 3659 1649 ,
3696 1590 3767 1636 ut

2147 1684 2213 1738 ad
2235 1683 2591 1739 conterendos
2621 1684 2771 1737 cibos
2800 1680 3156 1749 pabulumque
3200 1674 3541 1732 sufﬁcerent.
3572 1672 3765 1727 Labra

448 1778 944 1836 volutidenuoesse
961 1773 1257 1827 videantur.
1278 1770 1387 1828 Sed
1414 1770 1530 1825 haec
1552 1770 1618 1825 ad
1649 1774 1921 1826 hominem
1952 1786 2038 1827 so-
2068 1774 2118 1839 B
2146 1776 2279 1844 ipsa,
2308 1789 2428 1844 quae
2477 1775 2628 1844 quasi
2676 1781 2829 1826 antea
2876 1770 3241 1831 conterebant,
3269 1782 3429 1835 quam
3483 1766 3768 1819 decenter

396 1895 409 1907 -
456 1872 571 1925 lum
598 1869 892 1938 pertinent,
918 1873 1013 1918 aut
1052 1858 1121 1917 ad
1147 1874 1294 1927 aves,
1326 1862 1384 1915 in
1411 1860 1604 1931 quibus
1640 1863 1941 1917 acuminata
1990 1872 2045 1917 et

450 1963 659 2018 vibrata
680 1960 843 2014 certis
872 1955 1103 2010 motibus
1131 1954 1334 2024 lingua,
1360 1954 1773 2009 innumerabiles
1786 1964 2041 2011 cantuum

454 2053 738 2118 ﬂexiones,
776 2058 833 2106 et
859 2061 1114 2105 sonorum
1142 2047 1321 2102 varios
1346 2046 1534 2101 modos
1559 2048 1830 2115 exprimit.
1876 2046 2047 2102 Habet

452 2158 721 2220 praeterea
745 2155 801 2201 et
826 2142 983 2205 aliud,
1010 2140 1280 2208 officium,
1324 2155 1432 2210 quo
1458 2140 1509 2194 in
1541 2139 1818 2205 omnibus,
1844 2141 1936 2195 sed
1964 2149 2046 2194 ta-

456 2257 583 2297 men
610 2239 795 2295 soloin
825 2236 987 2291 mutis
1010 2236 1177 2290 trtitur
1198 2275 1212 2300 ,
1235 2233 1377 2304 quod
1400 2233 1662 2287 contritos
1693 2240 1747 2287 et
1766 2234 2047 2288 commoli-

451 2344 543 2391 tos
577 2332 828 2389 dentibus
866 2328 1017 2384 cibos
1035 2326 1258 2397 colligit,
1292 2336 1346 2380 et
1385 2324 1734 2395 conglobatos
1755 2326 1804 2381 vi
1834 2339 1929 2380 sua
1952 2325 2047 2382 de—

2148 1866 2452 1931 intercidit;
2484 1880 2709 1935 quorum
2740 1864 2985 1933 superius
3011 1866 3112 1915 sub
3138 1862 3250 1928 ipsa
3297 1858 3596 1913 medietate
3646 1867 3769 1910 na-

2149 1961 2288 2015 rium
2315 1961 2500 2014 lacuna
2531 1958 2758 2027 quadam
2788 1956 2925 2020 levi,
2951 1954 3102 2023 quasi
3147 1951 3284 2007 valle
3327 1949 3577 2021 signavit,
3616 1946 3775 2001 infe-

2150 2054 2266 2107 rius
2296 2051 2590 2106 honestatis
2609 2050 2778 2120 gratia
2812 2047 2955 2102 foras
2981 2046 3214 2099 molliter
3253 2043 3567 2113 explicavit.
3617 2040 3774 2094 Nam

2151 2146 2291 2213 quod
2316 2145 2506 2200 attinet
2531 2143 2597 2198 ad
2622 2142 2871 2211 saporem
2899 2137 3236 2208 capiendum,
3260 2135 3485 2202 fallitur,
3507 2132 3778 2203 quisquis

2152 2237 2297 2292 hunc
2309 2251 2525 2292 sensum
2545 2234 2721 2305 palato
2734 2233 2914 2286 inesse
2935 2229 3259 2291 arbitratur;
3278 2228 3457 2296 lingua
3476 2234 3564 2280 est
3583 2225 3779 2289 enim,

2153 2345 2255 2400 qua
2281 2342 2504 2398 sapores
2528 2327 2830 2382 sentiuntur
2857 2341 2870 2378 :
2896 2337 2998 2378 nec
3024 2331 3205 2377 tamen
3242 2329 3386 2387 tota;
3414 2334 3543 2374 nam
3579 2326 3786 2388 partes

1762 2461 2123 2520 VARIORUM
2160 2465 2392 2521 ΝΟΤᾸΕ.

528 2606 663 2659 In...
712 2599 901 2654 mundo
929 2613 1145 2667 summa
1176 2611 1416 2667 rerum...
1473 2597 1536 2649 de
1585 2596 1779 2667 duplici
1806 2597 2046 2665 simplex.

456 2678 586 2733 11ωο
610 2676 679 2730 de
706 2673 816 2727 Deo
840 2670 999 2725 Patre
1026 2678 1083 2723 et
1105 2666 1243 2739 Filio
1267 2665 1709 2739 interpretantur
1734 2667 1972 2739 Thysius
1995 2677 2050 2722 et

456 2749 843 2806 Heumanuus;
872 2754 992 2807 qua:
1036 2738 1165 2791 tnihi
1198 2735 1446 2790 videntur
1472 2737 1734 2791 sumenda
1760 2735 1832 2792 de
1851 2738 2049 2791 duobus

460 2813 830 2888 principalibus
866 2809 1167 2888 elementis.
1201 2807 1306 2877 igni
1362 2815 1420 2888 et
1472 2823 1639 2875 aqua,
1695 2822 1784 2888 eis
1815 2823 2045 2888 quorum

458 2877 683 2942 discordi
711 2879 983 2937 concordia
1010 2877 1256 2931 mundum
1281 2887 1514 2929 constare
1554 2879 1795 2931 ostendit
1824 2881 2042 2933 uberius

460 2960 555 3013 lib.
581 2972 618 3011 ιι
645 2954 1044 3017 lustitut.,cap.
1075 2947 1130 3001 9.
1160 2946 1400 3008 Addeex
1431 2948 1522 3002 lib.
1548 2964 1604 3009 tt,
1630 2964 1749 3016 cap.
1775 2947 1839 3012 8,
1870 2949 2047 3002 locum

460 3029 685 3083 dubium
730 3024 783 3077 in
834 3019 976 3076 netis
1008 3037 1023 3073 :
1055 3018 1283 3083 Quorum
1330 3017 1556 3070 mixtura
1596 3028 1643 3071 et
1691 3021 2049 3088 temperatione

462 3099 686 3153 mundus
706 3135 722 3160 ,
747 3103 791 3146 et
818 3105 930 3161 qua:
956 3091 1009 3143 in
1030 3105 1086 3141 eo
1112 3096 1227 3161 sunt
1250 3128 1263 3149 ,
1290 3088 1863 3161 universaconsturent.
1894 3090 2056 3143 Certe

463 3184 572 3224 non
601 3157 855 3226 memini,
886 3161 1064 3215 ﬁcum
1094 3173 1128 3211 tt
1169 3157 1448 3212 Lactantio
1476 3159 1670 3212 alicubi
1700 3175 1952 3212 summam
1979 3175 2060 3213 re-

470 3255 588 3295 runt
617 3242 870 3291 vocatum
900 3244 1044 3286 0836.

542 3329 743 3397 Lingua
792 3319 1351 3397 intus‘inclusaAqute
1392 3333 1561 3397 vocem
1597 3319 1839 3397 motibus
1864 3320 1970 3373 suis
2008 3322 2063 3374 in

470 3402 620 3457 verba
640 3386 901 3451 discernit.
923 3391 1059 3447 Plat.
1090 3391 1142 3443 in
1170 3386 1404 3452 Timaeo;
1424 3386 1726 3453 Xenophon
1754 3390 1843 3443 ubi
1863 3405 2022 3457 supra
2046 3407 2061 3456 ;

473 3472 699 3527 Aristot.
741 3480 797 3521 ιιι
843 3464 909 3535 de
947 3460 1220 3535 AniLnaAin
1268 3460 1415 3535 line,
1462 3469 1517 3513 et
1565 3459 1756 3535 lib._tv
1804 3462 1872 3535 de
1926 3460 2061 3515 Hist.

474 3526 663 3603 anim.,
694 3552 813 3605 cap.
843 3528 913 3588 16
944 3540 998 3588 et
1023 3532 1108 3584 17.
1131 3526 1371 3605 ρίαιιὶιί
1424 3544 1625 3599 supra;
1653 3530 1772 3605 Gal.
1806 3531 1898 3605 lib.
1932 3547 2023 3584 vnt
2047 3573 2061 3596 ,

476 3627 596 3681 cap.
626 3599 822 3681 εἷς-ΠΙ).
862 3618 927 3658 1x
951 3644 967 3671 ,
996 3617 1115 3671 cap.
1145 3600 1220 3666 8;
1264 3599 1358 3655 lib.
1404 3614 1473 3666 ιι,
1527 3614 1644 3669 cap.
1680 3601 1781 3668 it);
1818 3601 1911 3656 lib.
1942 3617 2064 3671 xu,

476 3676 597 3752 cap.
631 3680 684 3735 ὅ.
710 3676 900 3733 lstsus.

518 3783 523 3787 ’
553 3773 672 3828 Nisi
685 3772 801 3842 juta
824 3762 1211 3842 vela/fensione
1233 3764 1486 3842 dentium.
1503 3762 1574 3817 ita
1601 3764 1809 3819 restitui
1838 3782 1903 3842 eg
1934 3782 2066 3821 mss.

483 3834 700 3914 διμεςᾲ
738 3836 994 3914 i__Colb.,
1037 3834 1360 3914 flammma
1397 3834 1579 3914 prima
1611 3851 1801 3914 manu,
1852 3835 2067 3902 Marm.,

486 3903 654 3971 Bruti
681 3903 736 3967 et
759 3909 916 3971 Bov.,
948 3919 1012 3959 ac
1036 3903 1073 3956 2
1101 3911 1211 3957 vet.
1242 3903 1364 3958 edd.
1396 3903 1555 3960 Rom.
1590 3914 1645 3959 et
1673 3905 1893 3972 Cellar.,
1919 3923 2074 3963 acce-

489 3984 742 4042 dentibus
789 3993 921 4033 mss.
971 3973 1160 4045 Goth.,
1207 3975 1240 4029 ὅ
1278 3973 1431 4029 Colb.
1486 3986 1541 4028 et
1584 3974 1985 4045 Lipsiensibus,
2018 3978 2069 4031 itt

491 4056 705 4125 quibus
733 4050 928 4125 legitur
963 4043 1376 4125 tuendose‘pita
1399 4086 1414 4108 ,
1452 4059 1551 4125 pro
1591 4043 1729 4125 iuta.
1770 4048 1824 4100 In
1877 4064 2006 4102 mss.
2039 4049 2072 4102 5

492 4111 654 4196 l'teg.,
680 4122 717 4176 2
743 4111 921 4182 0611)..
963 4111 1558 4196 Bal_uz.,-f3larom_.'etn
1591 4111 1870 4196 Sangertn.
1914 4133 1943 4171 a
1992 4132 2077 4171 se-

494 4184 671 4251 cunda
701 4203 861 4246 manu
881 4229 896 4253 ,
928 4195 981 4241 et
1004 4184 1133 4256 edit.
1159 4184 1281 4239 Ald.
1330 4192 1384 4239 et
1412 4184 1661 4256 Parrhas.
1692 4186 1875 4254 adjuta
1898 4228 1911 4251 ,
1942 4202 2076 4256 quos

394 4270 401 4278 .
497 4266 666 4322 secuti
692 4271 816 4317 sunt
840 4257 1020 4312 creteri
1047 4296 1061 4316 ,
1092 4253 1317 4310 fortasse
1358 4254 1485 4325 quia
1539 4271 1636 4309 usu
1690 4253 1857 4325 magis
1895 4253 2076 4311 tritum

498 4270 666 4322 secuti
692 4271 816 4317 sunt
840 4270 1020 4312 cretert
1047 4296 1061 4316 ,
1092 4270 1317 4310 tortasse
1358 4270 1485 4378 quta
1539 4271 1636 4309 usu
1690 4270 1857 4325 magis
1895 4270 2076 4311 ll‘llum

498 4335 799 4391 videbatur.
850 4327 959 4383 Nec
1025 4335 1201 4379 tamen
1255 4326 1373 4378 inso
1397 4340 1493 4379 ens
1553 4326 1814 4393 simplex;
1861 4326 2080 4381 Tacitus

502 4407 646 4465 enim
695 4402 787 4457 lib.
836 4414 945 4464 ιιν,
1000 4409 1118 4464 cap.
1149 4394 1204 4460 4,
1233 4395 1382 4450 initio
1436 4393 1786 4449 ait:Placuit
1832 4397 2078 4462 solemn,

508 4490 729 4545 tempore
754 4471 902 4545 etiam
923 4470 949 4538 j
957 4477 1064 4521 uta.

580 4533 659 4602 Ᾰά
686 4533 954 4615 infantiam
968 4535 1201 4615 revoluti.
1405 4534 1442 4589 5
1475 4544 1554 4615 et_
1570 4535 1801 4615 lle-imm.
1837 4554 1848 4589 :
1882 4537 1960 4589 Ad
1979 4538 2088 4615 in-

513 4618 727 4691 fantium
744 4605 761 4691 '_
774 4610 979 4691 resoluti
999 4649 1024 4689 ,ε
1039 4606 1197 4691 male:
1228 4606 1365 4691 Lib.
1394 4620 1490 4691 vin
1534 4605 1792 4691 Inst-itm”
1817 4623 1936 4678 cap.
2069 4624 2086 4666 ε

516 4676 675 4756 ζρυαεί
695 4683 989 4756 adulteram
1009 4676 1277 4756 infantiam
1300 4676 1547 4756 revoluta:
1710 4693 1779 4756 vit
1797 4718 1813 4743 ,
1832 4676 1951 4745 cap.
1972 4679 2084 4756 9.2”:

511 4745 690 4815 ὖεηιιο
719 4754 787 4809 ad
836 4762 1033 4806 uterum
1066 4745 1259 4800 revolvi
1304 4754 1453 4813 atque
1478 4745 1547 4799 ad
1571 4746 1842 4871 infantis";
1870 4750 2087 4821 regi-edi,

1790 4835 1875 4871 un.

1790 4835 1875 4873 UN.

589 4899 702 4965 Quo
728 4897 781 4950 in
810 4890 1043 4965 omnibus
1063 4927 1078 4951 ,
1109 4895 1213 4941 etc.
1246 4885 1336 4940 Sic
1363 4886 1556 4965 legitur
1585 4887 1636 4941 in
1665 4890 1922 4965 vulgatis;
1952 4900 2006 4944 et
2034 4890 2091 4965 in

518 4957 651 5027 mss.
680 4968 810 5023 Bov.
845 4972 898 5017 et
926 4960 1208 5027 Sangertn.
1232 4965 1392 5025 atque
1420 4957 1540 5011 aliis
1586 4957 1785 5013 multis.
1818 4960 2012 5014 Verum
2038 4963 2091 5015 in

520 5025 840 5111 Regio—PM.
862 5031 978 5111 etin
1003 5025 1109 5106 uno
1135 5025 1352 5111 bonum
1368 5035 1470 5089 est,
1487 5028 1693 5111 quodin
1710 5031 1957 5111 omnibus.

523 5096 733 5168 Erasm.
762 5120 861 5173 quo
880 5104 934 5176 in
960 5096 1264 5176 hominibus.
1294 5096 1719 5176 Lingua_tttitur_
1738 5100 1917 5167 ofﬁcio
1945 5102 2097 5176 colli-

522 5166 681 5254 gendi
711 5166 861 5254 cibos
896 5172 950 5252 in
980 5166 1806 5254 omnibusmutisanimantibus
1828 5214 1842 5239 ,
1871 5173 1965 5226 sed
1992 5172 2098 5228 hoc

527 5237 665 5315 Ξοιο,
724 5248 916 5318 quutn__
939 5242 989 5293 in
1042 5237 1260 5291 homine
1322 5237 1875 5318 geminumprmbeat
1919 5257 2094 5318 usum.

529 5307 1424 5379 Enasuu's.—-lleumaunusautem
1450 5307 1714 5378 legit.’quo
1736 5329 1834 5367 non
1860 5313 1912 5366 in
1932 5312 2098 5367 Itami-

528 5378 674 5450 nibus
702 5390 864 5444 solum
886 5424 902 5450 ,
932 5379 1021 5434 sed
1045 5378 1193 5450 etiam
1226 5378 1276 5429 in
1297 5378 1445 5431 mutis
1472 5379 1649 5450 uti'ur,

604 5463 783 5529 Itaque
823 5448 1058 5529 lfarrona
1101 5448 1327 5518 ligando,
1378 5457 1483 5503 etc.
1512 5448 1699 5529 lsidor.
1741 5451 1835 5529 lib.
1866 5469 1903 5509 tt
1924 5453 2097 5529 Orig.,

533 5550 653 5603 cap.
683 5519 735 5593 ἱ,
775 5519 1274 5603 ιθῑιξιιηνυιηιριιειιι
1305 5534 1410 5603 non
1461 5534 1491 5571 a
1518 5519 1730 5603 liga-udo
1756 5524 1897 5585 cibo.
1928 5534 1989 5603 ut
2020 5519 2101 5581 ait

526 5588 769 5661 Lactant.
785 5596 880 5653 sed
896 5611 925 5648 a
944 5590 1191 5664 lingendo
1207 5589 1327 5664 cibo
1347 5588 1792 5664 liuguanidictam
1809 5597 2098 5664 potavisse,

526 5659 663 5731 alios
690 5684 817 5726 vero
837 5684 867 5721 a
899 5661 1124 5733 Iigaudis
1169 5659 1426 5728 vocibus,
1453 5661 1594 5730 quod
1645 5678 1741 5733 per
1792 5659 2103 5723 articulatos

525 5744 690 5809 sonos
714 5739 877 5799 verba
903 5734 1052 5807 liget.
1092 5731 1278 5788 lseus.

2224 2601 2443 2670 Efﬂuet.
2475 2599 2549 2654 ιω
2578 2601 2791 2667 reposui
2822 2616 2889 2656 ex
2945 2615 3102 2661 mss.,
3153 2607 3351 2670 praeter
3383 2597 3404 2650 1
3450 2597 3673 2670 Bouon.
3709 2597 3776 2652 in

2149 2668 2473 2742 quove/luat
2495 2672 2576 2742 ,2
2607 2671 2740 2740 Reg.
2776 2681 2831 2726 et
2857 2670 3000 2742 vulg.
3032 2672 3084 2723 in
3113 2669 3445 2742 quibusmest
3497 2668 3742 2742 deﬂuat.

2223 2739 2452 2809 Eamque
2492 2739 2721 2795 dentium
2772 2742 2929 2811 septis
2963 2740 3269 2811 Deus,_etc.
3302 2739 3392 2794 Sic
3436 2740 3657 2793 restitui
3710 2752 3792 2794 ex

2150 2812 2308 2867 editis
2338 2798 2497 2867 Rom.
2531 2812 2691 2874 N70,
2720 2798 3067 2877 Is.,'Cellar.,
3097 2809 3336 2872 Waleb.,
3387 2818 3444 2864 et
3470 2825 3540 2863 ex
3586 2812 3791 2864 omni-
3884 2798 3893 2809 ’

2146 2885 2249 2938 bus
2275 2899 2376 2937 ms.
2408 2892 2603 2952 praeter
2633 2882 2798 2937 Cauc.
2834 2883 2887 2935 in
2914 2898 3022 2950 quo
3042 2924 3057 2945 ,
3082 2881 3223 2935 sicut
3273 2891 3327 2934 et
3356 2880 3410 2933 in
3441 2879 3641 2952 decent
3675 2894 3793 2935 ex-

2148 2952 2326 3017 Cusis,
2360 2949 2590 3021 legitur;
2618 2969 2825 3022 eamque
2856 2953 3081 3005 dentium
3133 2952 3314 3004 ordine
3358 2951 3567 3019 sapiens
3599 2949 3787 3005 Deus.

2081 3054 2126 3115 Ο
2156 3053 2230 3115 τ-
2252 3022 2730 3115 ξαηιίιζιιςιςιεηιίιξιιι
2756 3025 2913 3091 septis
2943 3022 3252 3115 Deus‘quasei
3283 3037 3430 3115 antire
3462 3022 3798 3115 circumval-

2165 3094 2305 3146 lavit.
2379 3094 2623 3161 Gellius,
2672 3094 2765 3148 lib.
2798 3110 2853 3158 ι,
2903 3108 3021 3162 cap.
3078 3094 3164 3147 15.
3216 3093 3418 3145 Scribit
3473 3092 3795 3146 Homerum

2164 3166 2371 3219 dixisse
2391 3205 2405 3226 ,
2432 3166 2744 3232 petulantiae
2770 3165 3057 3218 verborum
3079 3162 3393 3217 coercenda:
3418 3162 3625 3216 vallum
3654 3177 3798 3217 esse

2164 3230 2469 3304 oppositum
2498 3230 2735 3289 de'ntiutu
2759 3274 2774 3297 ,
2804 3237 3075 3303 refertque
3098 3234 3267 3302 ipsius
3289 3233 3553 3286 Carmina.
3574 3232 3792 3289 lseaus.

2238 3304 2469 3358 Mirabili
2496 3307 2646 3359 modo
2675 3322 2766 3374 per
2792 3305 3019 3358 ordinem
3049 3306 3198 3372 ﬁxos.
3236 3304 3389 3357 Licet
3438 3306 3799 3374 recentiores

2166 3375 2347 3445 scripti
2401 3375 2584 3445 Angl.,
2633 3373 2819 3440 Gotlt.,
2876 3374 3048 3441 Lips.,
3080 3374 3340 3445 Reitutn..
3386 3383 3440 3427 et
3488 3374 3565 3445 ab
3606 3373 3799 3445 1465-

2169 3444 2308 3498 1566
2340 3441 2519 3500 θιςοιιέὶ
2571 3446 2685 3500 hinc
2735 3447 2893 3499 verba
2939 3461 3043 3499 non
3102 3444 3365 3508 habeant,
3420 3454 3473 3497 et
3526 3441 3676 3498 Ccll.
3732 3456 3797 3500 et

2170 3515 2382 3570 Walclt.
2426 3518 2601 3570 dcutto
2671 3517 3033 3582 proscribunt;
3093 3524 3267 3569 tamen
3330 3529 3589 3582 germana
3663 3515 3799 3571 haec

2170 3597 2250 3641 est
2272 3586 2720 3653 lectioLaclantii
2742 3628 2755 3649 ,
2786 3602 2943 3655 quam
2966 3596 3232 3655 ριἐιξειιτυιι
3265 3582 3373 3638 duo
3402 3584 3799 3655 antiquissimi

2171 3656 2388 3711 codices
2426 3654 2811 3711 Bononienses
2848 3664 2904 3711 et
2950 3654 3151 3725 'l‘axaq.
3184 3671 3248 3710 ex
3282 3655 3477 3722 quibus
3503 3654 3795 3712 Thomas.

2170 3727 2366 3792 Ιεςειιε,
2399 3727 2538 3781 Gall.
2567 3726 2856 3795 Sparkius,
2882 3725 3233 3781 licumanuus
3260 3735 3409 3795 recte
3446 3726 3803 3795 ‘jttdicarunt

2172 3796 2501 3863 recipienda.
2530 3792 2698 3853 Simili
2727 3797 3177 3867 ratioueAnoster,
3226 3811 3276 3850 c.
3328 3794 3401 3850 5:
3435 3792 3643 3851 Penno:
3697 3815 3802 3867 per

2174 3862 2404 3921 ordinem
2449 3869 2583 3936 ﬁxae.
2647 3868 2777 3922 BUN.
2807 3894 2878 3906 --
2920 3862 3144 3920 Mirabili
3191 3866 3341 3919 modo
3394 3883 3485 3934 per
3543 3862 3800 3922 ordinem

2175 3940 2328 4007 ﬁxos.
2374 3938 2479 3992 Has
2532 3940 2767 4008 quinque
2815 3952 2977 3992 voces
3016 3944 3169 3991 recte
3234 3951 3297 3990 ex
3367 3938 3593 4008 optimis
3663 3939 3801 3994 cudi

2176 4009 2325 4062 cibus
2374 4023 2504 4063 mss.
2552 4007 2595 4063 ⁷2
2647 4007 2853 4062 Βοιιοιι.
2898 4016 2953 4063 et
2996 4008 3130 4062 Tax.
3165 4008 3400 4061 restituit
3429 4007 3802 4076 'l‘hotnasius,

2177 4093 2301 4202 qutg
2341 4094 2367 4131 a
2403 4081 2617 4201 lcaeteris
2643 4093 2775 4132 mss.
2808 4089 2864 4133 et
2893 4095 2922 4133 a
2956 4077 3181 4148 vulgatis
3207 4078 3434 4145 absunt,
3467 4090 3676 4147 praeter
3720 4080 3802 4135 Is.

2179 4158 2233 4202 et
2308 4164 2455 4202 nar‘.
3064 4182 3069 4189 -
3331 4181 3350 4200 .

2179 4158 2233 4202 et
2264 4158 2455 4216 Spark.
3064 4182 3069 4189 -
3331 4181 3350 4200 .

2258 4220 2329 4271 Ac
2379 4219 2560 4273 deinde
2609 4220 2858 4274 (abiaram
2910 4218 3210 4289 tegminibus
3252 4220 3566 4272 'ltonestavit.
3616 4219 3805 4276 Lahia

2183 4289 2327 4341 enim
2374 4298 2483 4343 tum
2527 4291 2764 4345 dentium
2795 4290 3117 4345 tuendorum
3146 4305 3341 4346 causa.
3373 4299 3488 4345 tum
3520 4290 3590 4343 ad
3627 4306 3805 4346 usum

2184 4359 2452 4414 sermonis
2476 4371 2601 4416 sunt
2626 4372 2930 4431 comparata
2952 4359 3148 4424 ,Arist.
3174 4376 3209 4414 ιι
3237 4362 3303 4415 de
3331 4362 3457 4432 Part
3486 4401 3502 4424 ,
3536 4375 3667 4432 cap.
3699 4361 3805 4421 16.

2108 4436 2164 4496 1)
2756 4430 2761 4431 ί
3376 4430 3566 4485 isses.

2267 4520 2333 4575 In
2376 4522 2558 4576 molari
2602 4524 2801 4592 lapide,
2834 4536 2937 4578 etc.
2973 4524 3122 4580 Unde
3168 4524 3359 4579 dentes
3413 4526 3697 4592 molares,
3731 4527 3808 4583 ad

2191 4604 2326 4660 (ιυοε
2357 4594 2565 4647 videtur
2591 4596 2865 4650 alludere:
2897 4611 2989 4649 cos
3014 4597 3173 4649 etiam
3222 4596 3530 4651 maxillares
3560 4610 3800 4652 vocant.

2269 4662 2336 4737 ζζι
2366 4664 2439 4737 uti
2475 4665 2820 4737 conterendos.
2874 4664 2948 4719 Ita
2996 4680 3125 4719 mss.
3154 4664 3191 4718 2
3224 4666 3457 4731 Βοιιοη.,
3490 4667 3522 4719 7
3565 4667 3743 4737 Reg.,
3769 4669 3806 4725 5

2192 4732 2369 4797 Colb.,
2398 4733 2557 4802 Tax.,
2590 4735 2744 4802 Peu.,
2776 4735 3036 4801 Clarotn.,
3070 4737 3260 4798 Brun.,
3311 4746 3367 4790 et
3417 4747 3527 4790 vet.
3564 4732 3704 4792 edd'.
3730 4732 3805 4794 In

2194 4805 2467 4878 nonnullis
2513 4821 2644 4860 mss.
2676 4817 2727 4863 et
2755 4807 2789 4863 5
2820 4808 3044 4876 vulgatis
3080 4807 3275 4878 legitur
3322 4816 3451 4872 aut;
3475 4810 3529 4862 in
3564 4808 3590 4863 l
3628 4807 3807 4869 Colb.

2192 4884 2247 4929 et
2275 4874 2486 4941 Maron,
2515 4885 2621 4933 etc.

2268 4965 2486 5037 Sensum
2504 4968 2695 5037 palato,
2714 4975 2819 5023 etc.
2838 4966 3062 5021 Fallitur
3076 4982 3204 5037 ergo
3215 4967 3563 5033 Aristoteles,
3586 4968 3810 5026 fallitur

2195 5034 2418 5113 Plinius,
2454 5034 2652 5113 fallitur
2680 5053 2798 5113 cum
2831 5034 3180 5093 his‘universa
3209 5045 3227 5109 (
3256 5038 3561 5113 etquidem
3592 5040 3811 5113 docta)

2196 5107 2501 5178 antiquitas.
2521 5108 2759 5176 Namque
2783 5108 2895 5161 haec
2909 5120 3013 5162 vox
3037 5107 3445 5178 meton‘ymirds,
3464 5110 3609 5164 sicut
3632 5107 3812 5167 etiam

2197 5176 2336 5250 gulae
2359 5188 2493 5250 ,_prti
2524 5180 2792 5249 voluptate
2820 5180 2887 5234 ab
2910 5176 3439 5250 auctoribtts‘crebro
3468 5191 3805 5250 usurpatur;

2198 5248 2338 5315 apud
2360 5248 2669 5303 Ciceroneni
2698 5251 2870 5311 enim,
2902 5250 2991 5303 ubi
3042 5249 3110 5304 de
3134 5249 3310 5304 Finib.
3344 5251 3435 5304 lib.
3470 5266 3508 5303 ιι
3539 5248 3619 5308 de
3644 5248 3811 5309 Ltclii

2199 5318 2457 5392 sapientia
2485 5322 2641 5392 verba
2666 5320 2785 5373 facit
2813 5336 2826 5371 :
2860 5320 2979 5373 Non
3010 5322 3255 5389 sequitur,
3281 5322 3441 5388 utqui
3472 5338 3565 5374 cor
3584 5326 3768 5391 sapiat
3788 5363 3809 5392 ,

2203 5388 2249 5464 ei
2275 5405 2375 5441 non
2406 5390 2573 5464 sapiat
2604 5392 2835 5464 palatus.
2862 5402 2914 5442 et
2943 5388 3166 5456 Quintil.
3200 5392 3292 5445 lib.
3318 5406 3337 5443 1
3358 5431 3373 5453 ,
3401 5407 3526 5460 cap.
3559 5393 3621 5457 2,
3650 5388 3810 5464 agre

2201 5456 2501 5530 fert,quod
2528 5456 2653 5514 ante
2692 5461 2898 5529 palatus
2912 5476 3238 5528 puerorum,
3269 5477 3433 5530 quant
3463 5456 3529 5518 es
3559 5456 3811 5520 instit'ui-

2204 5529 2681 5603 _tur._Phavorinus
2718 5532 2855 5603 apud
2886 5530 3026 5603 Gell.
3062 5531 3155 5603 lib.
3181 5529 3434 5600 χνίςεψ.
3484 5536 3557 5599 8,
3611 5551 3811 5603 repre-

2203 5595 2391 5674 hendit
2440 5600 2726 5674 prtefeetos
2756 5595 3024 5674 'Popinte,
3071 5602 3161 5671 qui
3201 5603 3353 5674 aiunt
3380 5595 3503 5656 'eos
3544 5595 3808 5674 palatum

2205 5684 2335 5750 non.
2367 5669 2587 5750 habere,
2619 5672 2709 5750 qui
2754 5669 3104 5750 superiorem
3139 5672 3346 5742 partem
3398 5669 3587 5732 avium
3634 5688 3810 5750 atque

2206 5739 2431 5796 altilium
2458 5739 2649 5797 edunt.
2670 5739 2799 5797 Hor.
2827 5742 2863 5795 '2
2893 5742 3060 5814 Epist.
3095 5760 3109 5797 :
