3970 6324
229 340 298 398 49
1028 347 1183 405 CAP.
1224 347 1313 404 χι.
1357 347 1446 405 DE
1488 347 1929 439 INTESTlNalN
1966 348 2131 408 HOM.
2171 352 2555 427 EORUMQUE
2597 354 2755 412 USU.

3461 358 3535 415 50

226 459 474 528 spiritum
522 461 833 534 reciperet,
883 464 1009 519 dum
1063 464 1243 519 vitalis
1298 473 1493 519 ventus
1540 479 1634 534 per
1682 465 1831 521 illam
1857 487 1910 547 Α
1934 476 2157 523 vocatur
2178 471 2442 541 gurgulio.
2483 472 2533 527 Is
2561 480 2772 527 constat
2806 487 2873 528 ex
2912 473 3129 529 ossibus
3168 471 3427 529 ﬂexuosis
3463 488 3528 527 ac

226 556 498 624 spargitur
525 556 830 623 raritatem,
855 567 909 611 et
936 556 1185 613 eumdem
1206 571 1394 612 rursus
1418 556 1675 625 paulatim
1708 557 1833 613 red-
1935 559 2211 627 mollibus,
2240 562 2391 632 quasi
2418 578 2483 618 ex
2505 564 2720 618 annulis
2748 564 2799 618 in
2831 564 3021 619 cicutze
3050 564 3267 619 modum
3290 564 3523 619 invicem

224 644 407 711 deret,
434 645 563 700 dum
593 662 656 702 se
682 663 749 702 ex
779 648 873 703 illo
901 648 1154 717 explicat.
1183 648 1302 717 Ipsa
1338 648 1483 703 enim
1515 648 1830 704 vicissitudo
1932 654 2229 721 compactis
2277 663 2332 708 et
2378 654 2808 719 cohaerentibus;
2856 664 3109 725 patetque
3159 670 3377 725 semper
3438 654 3525 710 hic

227 737 388 793 ﬂandi
413 747 468 794 et
483 740 756 809 spirandi,
777 742 1181 813 respirandique
1199 750 1419 810 tractus,
1437 743 1599 799 vitam
1617 752 1829 799 susten-
1931 745 2207 799 transitus.
2237 745 2445 801 Nullam
2476 748 2620 803 enim
2652 749 2890 818 requiem
2921 748 3132 804 meandi
3170 749 3372 804 habere
3413 750 3525 817 spi-

228 838 305 884 tat
326 830 379 885 itt
406 845 659 903 corpore.

292 1008 564 1076 Quoniam
610 1024 744 1081 ergo
786 1010 896 1066 duo
931 1019 1058 1068 sunt
1098 1011 1155 1066 in
1203 1011 1419 1067 homine
1465 1012 1822 1083 receptacula,

220 1116 388 1155 unum
436 1104 620 1170 aeris,
666 1102 812 1172 quod
858 1102 953 1157 alit
988 1102 1247 1168 anim‘am,
1292 1103 1521 1159 alterum
1550 1104 1820 1173 ciborum,

216 1191 364 1263 quod
394 1192 495 1246 alit
524 1207 747 1263 corpus,
786 1202 844 1247 ut
884 1192 1027 1249 ﬂecti
1058 1194 1270 1259 cervix,
1312 1208 1376 1249 ac
1414 1194 1618 1250 moveri
1665 1192 1827 1271 facile

213 1284 410 1355 possit,
443 1284 581 1341 duas
610 1300 736 1342 esse
763 1302 859 1356 per
887 1286 1086 1342 collum
1111 1286 1320 1342 ﬁstulas
1349 1300 1573 1343 necesse
1600 1297 1714 1354 est,
1744 1288 1821 1343 ci-

211 1376 415 1444 balem,
454 1392 524 1432 ac
558 1378 885 1449 spiritalem,
931 1394 1160 1450 quarum
1209 1380 1455 1449 superior
1498 1379 1566 1434 ab
1609 1395 1705 1436 ore
1749 1381 1818 1436 ad

207 1475 460 1523 ventrem
495 1469 653 1534 ierat,
682 1467 907 1524 inferior
925 1484 954 1523 a
982 1468 1200 1525 naribus
1229 1470 1296 1525 ad
1324 1471 1653 1541 pulmonem.
1675 1470 1819 1539 Qua-

203 1576 326 1616 rum
359 1562 524 1626 ratio,
556 1570 614 1618 et
632 1572 825 1621 natura
853 1561 1069 1618 diversa
1094 1572 1197 1619 est.
1225 1564 1321 1619 Ille
1348 1564 1493 1619 enim
1522 1564 1613 1635 qui
1639 1573 1722 1619 est
1747 1564 1815 1619 ab

200 1668 298 1709 ore
321 1655 609 1722 transitus,
640 1653 819 1710 mollis
840 1654 1063 1711 eﬂ‘ectus
1093 1664 1199 1722 est,
1228 1665 1282 1710 et
1310 1655 1401 1726 qui
1431 1670 1647 1725 semper
1669 1656 1815 1711 clau-

198 1761 295 1802 sus
338 1747 622 1803 cohaereat
660 1748 785 1811 sibi,
817 1748 958 1803 sicut
993 1763 1056 1803 os
1098 1749 1305 1819 ipsum;
1335 1751 1586 1819 quoniam
1627 1759 1807 1820 potus,

197 1849 253 1896 et
284 1841 462 1906 cibus,
497 1841 703 1896 dimota
744 1852 798 1897 et
835 1842 1101 1913 patefacta
1140 1844 1284 1915 gula,
1334 1847 1457 1914 quia
1499 1838 1812 1915 corporales

1927 835 2063 891 ritus
2092 846 2294 906 potest,
2325 839 2446 909 quia
2487 840 2560 904 is,
2606 841 2696 909 qui
2731 855 2943 909 semper
2965 849 3251 907 commeat,
3292 840 3523 895 demissa

1926 929 2130 985 utiliter
2152 929 2220 985 de
2250 931 2476 986 cerebro
2508 932 2735 987 membri
2768 933 3033 1002 portione,
3061 933 3145 987 cui
3186 944 3290 986 uva
3322 946 3520 987 nomen

1926 1032 2032 1084 est.
2060 1023 2206 1078 velut
2233 1037 2462 1079 occursu
2490 1023 2722 1094 quodam
2754 1023 3092 1091 refraznatur,
3119 1038 3190 1079 ne
3209 1033 3299 1078 aut
3321 1026 3520 1079 teneri-

1924 1112 2164 1171 tudinem
2190 1114 2452 1171 domicilii
2473 1130 2597 1171 cum
2620 1116 2828 1186 impetu
2849 1116 3075 1170 veniens
3100 1121 3326 1170 attracta
3350 1114 3515 1183 pesti-

1922 1205 2053 1262 lenti
2094 1221 2223 1263 aura
2259 1197 2593 1279 corrumpat,
2624 1218 2718 1263 aut
2746 1216 2915 1263 totam
2945 1206 3177 1263 nocendi
3204 1206 3517 1262 violentiam

1921 1297 2148 1354 internis
2177 1300 2535 1370 receptaculis
2577 1300 2834 1369 perferat.
2880 1299 3115 1370 Ideoque
3156 1299 3318 1355 etiam
3358 1313 3518 1353 nares

1919 1389 2154 1470 breviter
2195 1401 2320 1447 sunt
2364 1396 2587 1462 apertas,
2628 1407 2747 1460 quze
2790 1391 2989 1446 idcirco
3029 1391 3108 1446 sic
3145 1390 3513 1456 nominantur,

1918 1485 2038 1553 quia
2066 1500 2161 1555 per
2186 1500 2279 1539 eas
2301 1486 2387 1541 vel
2417 1485 2574 1550 odor,
2614 1485 2697 1540 vel
2724 1484 3114 1554 spiritusmare
3153 1497 3259 1537 non
3289 1481 3508 1547 desinit,

1916 1591 2037 1648 quae
2061 1586 2185 1632 sunt
2206 1576 2365 1647 hujus
2396 1577 2585 1632 ﬁstulae
2602 1577 2754 1647 quasi
2779 1576 2937 1631 ostia.
2963 1574 3168 1630 Tamen
3190 1574 3307 1628 haec
3333 1572 3509 1627 fistula

1915 1667 2171 1735 spiritalis
2193 1681 2302 1722 non
2334 1676 2537 1722 tantum
2564 1666 2630 1721 ad
2661 1681 2841 1733 nares,
2877 1681 3064 1721 verum
3099 1665 3167 1720 ad
3207 1678 3269 1719 os
3295 1678 3510 1734 quoque

1914 1758 2206 1829 interpatet
2230 1760 2283 1814 in
2306 1758 2566 1815 extremis
2592 1758 2755 1829 palati
2779 1756 3111 1828 regionibus,
3142 1755 3232 1812 ubi
3259 1770 3321 1811 se
3342 1755 3509 1811 colles

1915 1850 2145 1907 faucium
2176 1860 2483 1920 spectantes
2516 1864 2675 1905 uvam
2715 1849 2907 1905 tollere
2945 1846 3211 1916 incipiunt
3247 1845 3303 1901 in
3334 1854 3510 1921 tumo-

195 1945 342 2002 sunt,
369 1937 611 2008 spatium
636 1936 738 1994 sibi
767 1924 1137 1995 transmeandi
1164 1941 1385 1997 faciunt.
1416 1942 1649 2012 Spiritus
1675 1956 1807 1998 con-
1838 1910 1887 1971 Β
1912 1957 2049 1998 rem.
2079 1940 2246 2012 Cujus
2274 1943 2354 1997 rei
2382 1956 2544 1998 causa
2584 1949 2640 1997 et
2676 1940 2815 1995 ratio
2860 1954 2968 1993 non
3010 1939 3242 1993 obscura
3282 1943 3395 2000 est;
3424 1918 3509 1990 lo-

194 2041 297 2094 ira,
337 2032 434 2101 qui
483 2040 572 2088 est
612 2031 993 2103 incorporalis,
1039 2047 1104 2090 ac
1148 2036 1347 2100 tenuis,
1395 2035 1518 2106 quia
1567 2038 1800 2106 spatium

182 2121 289 2178 sibi
319 2122 503 2181 facere
529 2138 642 2180 non
670 2132 902 2196 poterat,
934 2126 1144 2198 accepit
1164 2127 1306 2184 viam
1342 2136 1637 2199 patentem,
1677 2144 1797 2200 quae

1909 2036 2112 2108 quendi
2140 2039 2283 2093 enim
2308 2036 2614 2092 facultatem
2654 2050 2759 2090 non
2789 2033 3134 2098 haberemus,
3172 2030 3239 2096 si,
3281 2039 3337 2085 ut
3362 2030 3502 2101 gula:

1902 2128 2008 2186 iter
2033 2129 2102 2185 ad
2140 2145 2202 2187 os
2236 2138 2465 2197 tantum,
2494 2130 2566 2186 ita
2592 2128 2840 2201 gurgulio
2878 2127 2948 2183 ad
2984 2139 3145 2183 nares
3176 2133 3381 2182 tantum
3406 2139 3502 2196 pa-

1568 2264 1927 2323 VARIORUM
1965 2265 2192 2323 NOTIE.

256 2396 577 2452 Vicissitudo

175 2477 280 2543 tus,
312 2478 428 2543 etc.
461 2468 547 2523 0h
569 2468 633 2543 id_
653 2469 767 2525 l'olli
790 2468 1085 2543 confertur,
1116 2473 1198 2528 vel
1231 2468 1409 2543 potius
1438 2468 1667 2528 humana
1694 2474 1778 2527 in-

172 2539 384 2594 dustria
423 2540 727 2595 naturalem
758 2541 1035 2597 solertiam
1074 2539 1275 2598 imitata
1307 2555 1411 2600 est.
1444 2544 1573 2599 Vide
1601 2543 1779 2598 Then-

170 2609 462 2675 doretum,
515 2609 779 2667 Sermone
828 2612 863 2666 5
911 2614 977 2667 de
1008 2613 1352 2670 Providentia
1393 2616 1507 2670 Dei.
1546 2615 1775 2669 Verbum

211 2679 341 2755 andi
371 2680 575 2755 legitur
613 2682 845 2755 iu__mss.
886 2683 921 2736 2
956 2683 1118 2755 Reg.,
1161 2685 1198 2738 2
1243 2686 1476 2751 Bonon.,
1516 2686 1553 2739 2
1592 2683 1771 2749 Colb.,

249 2752 358 2805 luz.
389 2762 447 2806 et
469 2753 522 2806 in
550 2752 801 2825 omnibus
825 2753 939 2809 fere
964 2752 1213 2825 vulgatis.
1247 2756 1414 2812 Abest
1437 2765 1616 2812 autem
1643 2770 1673 2809 a
1708 2757 1775 2813 l5

167 2836 303 2876 mss.
336 2837 443 2878 nec
470 2838 580 2878 non
608 2824 678 2879 ab
704 2824 863 2879 editis
895 2824 1141 2881 Ιὶοιηίεῑ
1164 2824 1386 2891 Cellar.,
1412 2827 1505 2881 sed
1534 2826 1775 2882 retinen.

167 2892 320 2963 dum.
351 2892 569 2957 Flandi,
600 2894 654 2949 id
676 2904 760 2950 est
781 2896 972 2963 spiritu
994 2896 1214 2951 ductum
1239 2912 1417 2952 aerem
1445 2896 1773 2953 reddendi...

167 2962 453 3037 _Spirandi,
487 2965 539 3037 id
567 2977 651 3021 est
679 2962 875 3037 spiritu
890 2966 1107 3021 ductum
1139 2982 1319 3023 aerem
1342 2969 1693 3025 admittendi:
1722 2969 1773 3023 in

168 3032 442 3108 haeenim
464 3035 689 3090 admissi
712 3032 1019 3108 redditique
1034 3038 1177 3092 aeris
1199 3039 1625 3108 reciprocatione
1645 3054 1776 3095 con-

163 3105 320 3180 sistit
350 3108 534 3180 omnis
576 3106 874 3180 respirandi
897 3105 1131 3180 tractus,
1176 3109 1229 3164 id
1270 3105 1353 3163 est
1394 3119 1562 3164 totum
1603 3111 1774 3180 respi-

653 2399 797 2471 andi,
840 2409 888 2454 et
910 2401 1166 2471 spirandi
1211 2403 1599 2471 respirandique
1638 2411 1777 2456 trac-

1882 2402 2026 2478 quod
2071 2417 2167 2478 per
2210 2419 2272 2459 ea
2315 2407 2430 2462 nasi
2482 2406 2779 2473 foramina,
2814 2405 2998 2462 odoris
3040 2404 3307 2475 cujusque
3345 2406 3496 2478 gnari

1883 2474 2075 2529 simus.
2107 2474 2313 2530 Beroe.

1966 2543 2057 2598 Vel
2079 2547 2294 2614 spiritus
2329 2563 2453 2601 nare
2492 2563 2592 2601 non
2620 2548 2825 2601 desinit.
2861 2547 2936 2601 Ita
2980 2545 3172 2601 Festus
3212 2555 3268 2601 et
3292 2544 3484 2601 Isidor.

1882 2613 2032 2687 Orig.
2068 2616 2159 2687 lib.
2194 2632 2271 2680 χι,
2300 2632 2419 2686 cap.
2456 2619 2506 2683 1,
2542 2618 2629 2686 qui
2656 2633 2754 2687 pro
2777 2634 2902 2672 nare
2928 2617 3088 2671 habet
3113 2631 3362 2687 manare;
3388 2616 3486 2671 sed

1883 2684 2011 2742 hinc
2036 2684 2421 2741 restituendus.
2444 2684 2628 2743 Isaus.
2655 2684 2818 2753 Nare,
2845 2687 2933 2742 hic
2954 2687 3094 2741 idem
3118 2685 3261 2755 quod
3283 2684 3474 2742 ﬂuere.

1957 2758 2086 2823 Quae
2109 2767 2225 2829 sunt
2249 2759 2405 2826 hujus
2433 2759 2622 2818 ﬁstula:
2640 2760 2787 2829 quasi
2801 2759 2966 2829 ostia.
2988 2757 3120 2829 llaec
3148 2757 3484 2829 restituenda

1879 2825 2099 2898 fuerunt
2124 2825 2405 2883 Lactantio
2430 2844 2497 2885 ex
2533 2825 2767 2896 Bonon.,
2798 2828 2955 2895 Tam,
2988 2827 3146 2894 Pen.,
3177 2827 3328 2898 Lips.
3360 2842 3483 2898 qua:

1878 2897 1933 2952 in
1962 2898 2080 2952 aliis
2110 2898 2325 2953 desunt.

1950 2970 2031 3022 Ad
2060 2986 2117 3024 os
2147 2986 2348 3039 quoque
2388 2971 2681 3038 interpatet.
2725 2968 2815 3024 Sic
2856 2968 3139 3025 emendavi
3179 2981 3408 3039 ex_m_ss.
3440 2968 3479 3023 2

1877 3037 2329 3110 Bonon.,,Taxq
2376 3037 2718 3110 RegionPut.,
2760 3041 2795 3094 5
2834 3040 2906 3094 al.
2941 3039 3178 3110 Reg.,75
3219 3037 3401 3110 Colb.,
3441 3040 3477 3093 4

1877 3108 2309 3182 Οχοηηηϐοιὴ..
2339 3108 2496 3173 Ρρηῖ,
2526 3111 2701 3182 Lips.,
2739 3111 2886 3174 Em.,
2921 3108 3070 3182 Gat},
3092 3108 3474 3182 iMarm;_._S_n_r-

165 3177 323 3250 randi
349 3168 861 3250 n_egntittm.'ltaque
895 3168 1180 3247 legendum
1213 3180 1505 3235 vicissitudo
1534 3168 1712 3250 flandi.
1726 3191 1774 3236 et
1799 3168 1845 3233 Ο
1877 3179 2032 3246 bon.,
2065 3168 2238 3246 'Vict.,
2286 3168 2497 3247 Baluz.,
2549 3168 2782 3237 Clarum.
2804 3222 2818 3245 ,
2864 3168 2951 3236 ed.
2992 3168 3126 3235 Gell.
3168 3176 3470 3250 etWalch.

164 3248 790 3321 spirandi,abstinendo
812 3264 843 3304 a
869 3249 1081 3321 virgula
1120 3251 1401 3320 interjecta
1438 3248 1577 3305 inter
1612 3253 1779 3321 flandi

160 3328 211 3370 et
234 3319 502 3386 spirandi,
535 3334 697 3390 quam
727 3322 923 3389 apponi
956 3319 1232 3391 praestabit
1257 3319 1379 3391 post
1411 3319 1666 3390 spirandi,
1692 3334 1777 3377 ut-

160 3397 295 3456 pote
321 3405 450 3445 cum
483 3391 802 3462 vicissitudo
827 3392 896 3447 de
921 3408 1025 3460 qua
1056 3392 1142 3445 hic
1165 3392 1359 3462 agitur,
1385 3407 1493 3447 non
1523 3394 1593 3447 sit
1611 3391 1776 3449 ﬂandi

160 3468 399 3531 tantum.
428 3461 526 3517 sed
558 3471 612 3517 et
635 3462 897 3531 spirandi.
928 3463 1205 3527 Hacque'r.

245 3530 420 3605 Vitam
460 3530 731 3605 sustentat,
763 3544 866 3588 etc.
910 3533 988 3589 Ita
1020 3544 1223 3605 tamen,
1257 3540 1315 3587 ut
1340 3532 1613 3605 quidquid
1644 3534 1776 3590 utile

158 3616 226 3659 ac
254 3602 391 3658 vitae
430 3604 800 3658 necessarium
830 3605 881 3658 in
919 3604 1264 3674 pulmonibus
1303 3602 1637 3659 elaboratum
1667 3614 1770 3671 est,

153 3674 228 3729 ad
261 3674 547 3729 sinistrum
575 3675 758 3729 cordis
781 3673 1139 3743 ventriculum
1167 3673 1439 3746 deferatur
1467 3675 1773 3746 :quidquid

155 3746 377 3817 inutile,
416 3746 563 3811 illac,
596 3761 700 3817 qua
733 3747 1131 3816 inspiravimus,
1163 3745 1394 3801 elﬂetur.
1433 3745 1535 3801 Adi
1563 3745 1631 3800 de
1672 3748 1774 3801 hoc

154 3814 575 3875 Theodoretum
613 3814 737 3875 cum
777 3814 1134 3875 admiratione
1167 3817 1546 3874 disserentem.
1593 3817 1774 3872 Bern-

152 3902 341 3944 LBIUS.

233 3983 392 4050 Quod
430 3984 527 4039 alit
565 3986 812 4040 animam.
845 3984 962 4041 Non
1007 3985 1095 4041 hic
1130 3984 1443 4040 rationalem
1480 3984 1767 4054 intelligas,

148 4054 252 4111 sed
271 4055 493 4110 vitalem
520 4056 664 4110 illam
684 4057 972 4111 nobiscum
990 4056 1165 4112 brutis
1193 4070 1556 4110 communem.
1575 4054 1763 4109 lsreus.

234 4126 304 4181 Ut
329 4127 474 4195 ﬂecti
512 4127 692 4193 cervis,
721 4144 782 4181 ac
819 4130 1008 4181 moveri
1042 4128 1194 4198 facile
1233 4127 1411 4196 possit.
1444 4125 1767 4198 Htcc_verba

144 4198 362 4268 absunt
394 4213 423 4268 a
453 4198 520 4253 19
555 4213 691 4254 mss.
722 4209 884 4268 atque
909 4195 1068 4254 editis
1091 4198 1128 4251 2
1154 4195 1259 4253 vet.
1296 4199 1449 4268 llom.
1479 4211 1542 4250 ac
1566 4195 1766 4251 Cellar.

145 4268 279 4394 Iul?
306 4267 551 4324 Colbert.
580 4279 635 4325 et
668 4270 721 4324 in
753 4267 934 4325 Baluz.
969 4285 1070 4341 pro
1095 4267 1353 4325 adverbio
1377 4268 1551 4337 facile,
1576 4279 1659 4323 est
1686 4270 1768 4337 fa-

145 4356 196 4393 α
248 4356 372 4392 "ut.

142 4356 372 4393 atume.

226 4409 381 4464 Duas
408 4426 517 4465 esse
546 4428 638 4478 per
665 4411 859 4466 collum
892 4412 1165 4480 ﬁstulas...
1202 4411 1434 4476 cibalem,
1464 4425 1525 4463 ac
1553 4410 1764 4478 spirita-

145 4482 276 4535 lem.
305 4481 480 4547 Quam
511 4483 740 4536 cibalem
772 4482 1083 4538 Lactantius
1114 4482 1387 4543 nominat,
1418 4494 1479 4534 ea
1508 4480 1628 4550 gula
1660 4490 1761 4547 est,

143 4568 292 4624 qua;
320 4554 596 4624 οἰσοφάγος
634 4552 839 4609 Graecis
886 4553 1214 4606 nominatur.
1246 4554 1419 4620 Atque
1435 4553 1612 4624 etiam
1650 4551 1766 4624 qui-
1791 4552 1847 4613 D

139 4622 390 4697 busdam
417 4621 712 4697 ῥτόμαχος,
741 4635 794 4679 et
826 4625 961 4697 adeo
982 4624 1058 4697 ab
1087 4625 1203 4691 ipso
1233 4624 1393 4697 etiam
1420 4621 1765 4697 (381806103-

142 4693 1025 4769 ιρηοκὃρὶιιίιέίιίὲ“γθι·ο,βι·ῳείβ
1045 4702 1280 4769 τραχεζᾳ
1306 4696 1545 4768 ἀρτηρία,
1571 4707 1765 4769 aspera

143 4766 381 4823 arteria.
412 4780 480 4820 eo
505 4766 648 4834 quod
679 4766 1047 4834 cartilagineis
1076 4762 1290 4819 annulis
1313 4762 1545 4819 constat.
1569 4762 1766 4818 Noster

144 4836 535 4905 gurgulionem
563 4846 740 4892 vocat.
777 4836 982 4890 Βετυι..

223 4902 335 4959 Ille
371 4907 509 4960 enim
547 4908 635 4972 qui
673 4916 748 4961 est
786 4909 850 4959 ab
888 4922 975 4960 ore
1018 4906 1285 4960 transitus.
1332 4903 1410 4959 Ita
1454 4902 1665 4957 restitui
1697 4919 1764 4958 ex

144 4977 414 5031 omnibus
456 4979 737 5047 impressis
766 4988 819 5032 et
861 4992 990 5031 mss.
1039 4980 1083 5032 si
1131 4976 1370 5047 excipias
1412 4988 1573 5027 unum
1604 4973 1758 5029 Colb.

142 5063 266 5103 rec.
299 5058 359 5102 et
380 5047 515 5104 edit.
534 5046 693 5103 ’Gall.
727 5048 778 5101 in
810 5048 1004 5115 quibus
1035 5058 1139 5113 est,
1167 5046 1259 5101 Illi
1283 5047 1419 5102 enim
1443 5062 1563 5117 qua.

145 5174 152 5185 ,
219 5120 293 5175 In
316 5121 503 5174 cicultz
521 5118 753 5172 modum.
779 5118 925 5190 Virg.
959 5118 1143 5188 Eclog.
1169 5119 1205 5172 2
1229 5136 1242 5172 :

278 5234 513 5349 ἕξειωέὴί
539 5234 818 5299 disparibus
838 5242 1033 5298 septem
1056 5240 1303 5299 compacta
1320 5235 1492 5285 cicutis

324 5312 370 5349 ts
393 5312 424 5347 ιι
479 5333 494 5347 .

324 5312 494 5349 ιειυω.

148 5423 482 5549 “uitantque
504 5441 709 5497 semper
732 5425 816 5481 hic
840 5426 1107 5482 transitus.
1136 5427 1215 5484 Ita
1243 5442 1375 5484 mss.
1408 5425 1462 5481 in
1490 5425 1652 5484 editis
1681 5438 1763 5485 est

223 5564 420 5631 Nares,
454 5577 564 5640 etc.
595 5566 853 5623 Numerat
878 5566 1115 5625 Galenus
1140 5570 1362 5640 spiritus
1381 5569 1756 5638 instrumenta,

148 5650 333 5705 nares,
368 5652 456 5703 os,
486 5637 699 5705 fauces,
729 5652 980 5707 asperam
1009 5637 1287 5706 arteriam,
1318 5649 1370 5696 et
1407 5642 1713 5710 pulmonem
1743 5637 1756 5696 ὲ

151 5710 468 5766 nutrimeuti
492 5724 626 5765 vero
657 5723 806 5773 vasa,
826 5710 1135 5777 os,dentes,
1165 5712 1522 5777 stomachum,
1553 5714 1760 5767 ventri-

149 5780 364 5844 culum,
406 5779 660 5850 jejunum
707 5788 763 5834 et
802 5780 977 5835 tenuia
1027 5782 1295 5839 intestina.
1349 5781 1615 5837 Cteterum
1656 5783 1759 5839 alia

135 5851 346 5907 narium
394 5849 502 5922 est,
548 5849 859 5907 secundum
910 5850 1154 5925 Festum,
1207 5852 1467 5910 derivatio
1509 5871 1521 5910 :
1562 5867 1759 5925 nempe

1882 3251 2091 3306 meliori
2122 3266 2303 3319 sensu,
2348 3268 2507 3321 quam
2546 3252 2662 3307 haec
2700 3268 2819 3322 qua:
2857 3252 2910 3306 in
2938 3253 2969 3305 4
3001 3266 3111 3306 rec.
3144 3257 3200 3303 et
3226 3249 3279 3303 in
3316 3248 3479 3304 editis

1879 3333 2007 3376 sunt
2033 3322 2195 3378 verba
2224 3324 2321 3377 iter
2357 3334 2518 3393 patet,
2557 3338 2678 3393 qua:
2704 3338 2824 3378 cum
2854 3323 3065 3393 syntasi
3097 3330 3347 3393 constare
3378 3336 3474 3375 ne—

1878 3407 2147 3463 quaquam
2178 3390 2424 3462 possunt.
2465 3390 2750 3463 lntérpatet
2786 3390 2964 3448 autem
2995 3392 3165 3463 dixit,
3198 3390 3319 3458 quia
3361 3404 3471 3444 non

1877 3462 2025 3518 recta
2052 3463 2119 3517 ad
2148 3465 2420 3531 ostendit,
2450 3465 2545 3520 sed
2570 3465 2635 3520 ad
2658 3479 2837 3519 nares.
2862 3462 3263 3532 Aliquantulum
3290 3471 3468 3532 autem

1877 3537 2121 3607 patetqad
2157 3549 2241 3598 os,
2274 3546 2327 3590 et
2364 3529 2601 3591 meatum
2627 3549 2840 3607 quoque
2866 3535 2932 3607 ad
2961 3529 3095 3588 illud
3139 3531 3320 3607 habet.
3353 3529 3469 3585 Vox

1875 3603 2056 3658 autem
2107 3606 2220 3659 haec
2274 3606 2406 3661 satis
2454 3603 2769 3661 latinaflta
2809 3605 3115 3674 pulmonem
3163 3603 3471 3674 interpatere

1875 3674 2025 3750 rimis
2043 3675 2178 3750 digt
2195 3676 2511 3750 Macrobius,
2530 3676 2624 3750 lib.
2657 3692 2727 3730 vn
2757 3669 3058 3750 Saturnal.,
3081 3687 3199 3741 cap.
3218 3669 3466 3750 l5._Par-

1876 3744 1970 3799 tim
2010 3762 2073 3800 ea;
2112 3746 2331 3803 Tnvsro.
2382 3739 2506 3801 Nec
2530 3747 2844 3802 Lactantius
2889 3739 3071 3798 noster
3116 3739 3264 3797 vocis
3304 3739 3463 3810 hujus

1872 3824 2060 3869 anctnr
2079 3826 2164 3871 est
2194 3835 2206 3869 :
2237 3827 2383 3872 extat
2405 3832 2618 3885 quoque
2647 3815 2961 3885 apudalios.

1946 3885 2113 3959 (Jollas
2134 3888 2377 3959 faucium.
2403 3888 2487 3959 .lo.
2513 3883 2751 3959 Cauci‘et
2774 3884 2939 3959 [saetis
2961 3883 3464 3959 legendumputant

1871 3956 2052 4019 tolles;
2101 3954 2242 4025 quod
2282 3957 2335 4010 in
2368 3958 2514 4011 nullo
2541 3957 2717 4025 reperi
2744 3956 2948 4011 codice.
2999 3954 3057 4009 ln
3100 3955 3126 4009 1
3157 3954 3312 4010 Colb.
3346 3970 3455 4009 rec.

1870 4036 1953 4097 est
1983 4024 2135 4080 calles
2163 4028 2423 4097 faucium;
2456 4029 2508 4081 in
2538 4029 2573 4081 2
2601 4024 2731 4097 Reg.
2761 4041 2872 4082 rec.
2902 4034 2957 4081 et
2984 4026 3072 4097 ed.
3103 4025 3261 4080 Rom.
3295 4024 3455 4091 1474,

1870 4093 2262 4168 Venetail£90,
2289 4097 2550 4166 Florent.,
2582 4093 2753 4161 Juni.,
2777 4097 3006 4168 Graplt.,
3034 4096 3182 4167 folles
3210 4098 3453 4167 faucium.

1868 4166 1938 4240 fit
1965 4168 2018 4221 in
2048 4166 2174 4222 Mss.
2207 4167 2241 4220 2
2268 4168 2524 4240 Bonon.,
2573 4166 2901 4240 Regio-Pot.
2926 4179 2997 4240 iet
3049 4170 3081 4224 4
3109 4168 3182 4240 a_l.
3211 4166 3393 4240 Reg.,
3422 4169 3456 4222 7

1869 4235 2160 4306 Vaticanis,
2189 4240 2222 4293 5
2242 4235 2691 4304 Colb.,Sorbonf,
2725 4239 2891 4304 Ultr.,
2910 4239 3087 4303 Cant.,
3114 4235 3456 4306 Em.,Cant.,

1867 4305 2014 4371 Gat.,
2048 4309 2261 4372 Marm.,
2293 4310 2458 4373 Vict.,
2489 4311 2749 4375 Clarum,
2781 4310 2984 4375 Baluz.,
3012 4310 3173 4364 Bruti.
3222 4320 3277 4367 et
3311 4313 3361 4365 in
3388 4305 3457 4366 14

1867 4379 2096 4453 vulgatis
2123 4381 2387 4453 cstjfcolles
2431 4383 2675 4451 faucium.
2712 4380 3025 4453 Perpeudat_
3049 4379 3217 4453 lector
3257 4396 3323 4453 an
3358 4396 3458 4453 pro

1868 4449 2025 4503 colles
2050 4460 2101 4505 et
2126 4450 2306 4573 (ollas,
2347 4449 2494 4504 tolles
2522 4453 2591 4505 sit
2622 4452 2927 4519 legendum.
2983 4449 3153 4504 Tolles
3195 4452 3337 4506 enim
3360 4449 3458 4507 vo-

1871 4528 2062 4572 cantur
2091 4536 2119 4573 α
2147 4521 2355 4573 andulze
2385 4522 2455 4573 ob
2484 4522 2764 4573 quamdam
2790 4520 3000 4573 elandis
3028 4520 3450 4573 similitudinem.

1871 4528 2062 4590 cantur
2091 4520 2355 4590 glandulae
2385 4522 2455 4576 ob
2484 4522 2764 4590 quamdam
2790 4520 3000 4590 glandis
3028 4520 3450 4578 similitudinem.

1870 4587 2045 4663 Tolles
2074 4587 2250 4663 autem
2281 4607 2376 4646 seu
2423 4587 2547 4646 toles
2590 4601 2672 4646 est
2726 4587 2816 4663 (ui
2838 4591 3088 4663 observat
3119 4590 3333 4663 Festus)
3368 4604 3455 4647 tu-

1871 4674 1989 4732 mor
2035 4662 2085 4714 in
2136 4660 2407 4725 faucibus,
2468 4678 2589 4732 quae
2637 4660 2746 4732 per
2776 4661 3184 4716 diminutionem
3233 4660 3454 4718 tonsilla:

1869 4729 2135 4784 dicuntur.
2172 4732 2334 4796 Plin.,
2380 4729 2557 4796 lihfn,
2590 4729 2758 4797 c.57,
2794 4732 3012 4785 tonsilla:
3064 4733 3378 4797 in'homine,
3401 4736 3455 4788 in

1866 4816 1958 4854 sue
1982 4802 2263 4870 glandular.
2297 4803 2401 4858 Sed
2428 4812 2484 4857 et
2527 4803 2698 4867 tolles,
2735 4818 2828 4855 seu
2859 4802 3124 4867 tonsillas,
3156 4814 3291 4870 quas
3319 4804 3442 4858 Cel-

1867 4884 1960 4943 sus
1989 4885 2142 4925 vocat
2164 4874 2463 4940 glandulas,
2482 4873 2810 4926 recentiores
2835 4870 3030 4943 medici
3050 4879 3245 4925 vocant
3267 4887 3454 4943 amyg-

1867 4941 2037 5008 dalas,
2069 4943 2241 4997 Graeci
2289 4955 2465 4999 autem
2524 4943 2853 5011 paristhtnia.
2889 4940 3055 4995 Tolles
3085 4951 3261 5011 autem
3294 4957 3321 4995 a
3352 4940 3453 4997 t'nl-

1868 5012 2045 5081 lcndo,
2067 5014 2189 5081 quia
2218 5025 2421 5082 partem
2451 5010 2699 5069 attollunt
2721 5013 2773 5067 in
2806 5021 3088 5067 tumorem.
3111 5010 3239 5082 Legi
3267 5023 3447 5068 autem

1866 5082 2003 5155 forte
2030 5094 2311 5155 praestaret
2349 5087 2543 5154 (inquit
2579 5083 2923 5155 Hecquetius)
2968 5085 3078 5138 tolli
3130 5100 3287 5152 quam
3342 5089 3448 5139 tol-

1865 5152 1997 5208 lere.
2030 5153 2184 5209 Unde
2210 5156 2287 5209 sic
2334 5152 2724 5210 restituendus
2745 5152 2951 5212 veniret
2980 5155 3068 5209 hic
3114 5156 3265 5209 locus
3296 5172 3309 5208 :
3348 5157 3449 5212 Ubi

1864 5240 1918 5278 se
1944 5225 2091 5279 tolles
2122 5227 2346 5295 faucium
2391 5236 2674 5297 spectantes
2697 5243 2846 5280 uvam
2869 5226 2981 5280 tolli
3007 5227 3252 5295 incipiunt
3289 5227 3448 5294 intu-

1864 5310 2075 5350 ntorem.
2110 5298 2176 5350 lit
2205 5297 2405 5351 utinam
2422 5296 2552 5353 huic
2574 5299 2784 5353 lectioni
2817 5297 3057 5353 faverent
3083 5310 3443 5362 mss.,contra

1864 5381 2089 5434 quorum
2121 5366 2279 5422 fidem
2311 5368 2442 5423 nihil
2470 5377 2678 5424 mutare
2715 5370 2880 5423 volui.
2909 5368 3049 5423 Nihil
3081 5370 3223 5424 enim
3268 5371 3448 5427 obstat

1862 5437 2151 5511 quqminus
2201 5448 2377 5511 tumor
2420 5438 2650 5511 faucium
2699 5439 2853 5511 collis
2880 5441 3198 5511 appelletur,
3223 5455 3324 5495 nec
3357 5460 3448 5497 re-

1861 5508 2101 5630 ξὲὶῖῗῗιιὲ
2147 5508 2457 5579 peritissimi
2533 5510 2724 5566 medici
2788 5508 3160 5565 Gaudeﬂ'ridus
3223 5521 3277 5567 et
3339 5513 3448 5569 Ειι.

1859 5585 2117 5632 stachius.

1936 5647 2016 5714 Si,
2043 5658 2097 5702 ut
2125 5651 2261 5720 gula:
2286 5651 2399 5704 iter.
2427 5650 2500 5704 Ita
2532 5651 2746 5720 reposui
2782 5665 2846 5706 ex
2871 5667 3000 5707 mss.
3032 5654 3269 5708 omnium
3296 5665 3450 5711 vetu-

1860 5717 2459 5795 stissitnis'optimisque
2486 5721 2510 5773 1
2543 5717 2749 5795 Bdnon.
2770 5731 2851 5795 “et
2893 5723 3205 5795 Regio-Put‘.
3239 5738 3449 5783 necnon

1861 5790 2155 5867 exlsafana
2183 5791 2437 5867 editione
2462 5808 2474 5842 ε
2498 5791 2639 5867 quod
2680 5792 2870 5848 melius
2901 5790 3218 5867 ﬂuit,quam
3251 5798 3295 5850 si
3322 5800 3450 5852 sicut

1860 5861 1996 5931 gula:
2031 5861 2126 5918 iter
2175 5862 2243 5920 l2
2283 5863 2770 5933 manuscriptorum
2822 5880 2934 5922 rce.
2972 5861 3028 5924 et
3076 5861 3206 5924 edit.
3254 5868 3459 5925 Faveut
