3970 6316
175 347 244 409 57
1102 336 1256 396 CAP.
1297 334 1440 396 XIII.
1481 332 1566 396 DE
1610 334 1911 398 MEMBRIS
1950 337 2449 400 INFERIORIBUS.
3354 337 3428 400 58

177 464 277 523 ﬁeri
302 468 555 536 putantur.
576 457 709 513 Cum
742 454 876 513 forte
899 457 952 511 iu
980 456 1164 512 larvam
1189 459 1324 512 uteri
1350 468 1552 527 partem
1583 471 1723 512 mas-
1751 456 1804 518 Α
1831 456 1975 513 velut
1997 457 2236 523 mollier;
2266 459 2352 514 cul
2382 467 2635 528 suscepto
2666 455 2819 526 fietu,
2867 472 2988 515 cutn
3015 466 3199 529 partus
3228 472 3422 530 appro-

175 557 348 627 culinze
374 552 547 623 stirpis
572 564 755 605 semen
795 547 1063 610 inciderit.
1093 566 1296 606 marem
1341 550 1554 621 quidem
1583 550 1724 621 gigni

175 650 385 722 opinatio
409 653 516 709 est;
541 642 637 699 sed
666 643 788 715 quia
809 644 880 698 sit
909 642 961 697 in
994 641 1268 699 ftmuinina
1320 651 1471 711 parte
1496 657 1726 713 concep-

173 753 267 810 tus,
290 736 470 808 aliquid
498 736 549 791 in
577 750 635 791 se
662 735 860 789 habere
888 732 1224 800 fmmineum,
1253 750 1414 806 supra
1442 749 1597 806 quam
1630 734 1722 789 de-

172 848 257 889 cus
276 830 404 887 virile
425 828 683 900 patiatur;
714 824 797 881 vel
828 825 1054 881 formam
1079 825 1366 898 insignem,
1397 826 1481 881 vel
1506 825 1724 881 nimium

170 926 444 988 candorem,
478 922 557 977 vel
585 920 830 991 Corporis
848 919 1140 985 levitatem,
1165 918 1253 974 vel
1278 928 1426 975 artus
1444 918 1722 986 delicatos,

170 1017 246 1075 vel
266 1024 500 1071 staturam
535 1013 780 1079 brevem,
831 1010 913 1067 vel
945 1026 1133 1067 vocem
1184 1013 1461 1082 gracilem,
1503 1011 1585 1066 vel
1612 1010 1726 1066 aui-

168 1125 292 1167 mum
313 1106 648 1170 imbecillum,
674 1105 761 1161 vel
791 1121 858 1162 ex
886 1104 972 1160 his
994 1103 1339 1176 plura.ltem,
1370 1105 1413 1160 si
1446 1112 1648 1175 partem
1672 1103 1724 1159 in

166 1202 379 1258 dextram
404 1213 583 1254 semen
610 1196 876 1253 ftnmiuini
901 1212 1065 1253 sexus
1092 1197 1389 1263 inﬂuxerit,
1442 1197 1720 1254 fmminam

165 1292 351 1367 quidem
380 1290 672 1362 procreari:
714 1288 1091 1360 sedquoniam
1142 1289 1194 1344 in
1234 1289 1527 1369 masculina
1579 1299 1727 1360 parte

165 1393 388 1457 concepta
436 1384 522 1448 sit,
580 1382 791 1438 habere‘
831 1383 885 1437 in
915 1396 977 1439 se
1022 1381 1220 1452 aliquid
1262 1380 1549 1446 virilitatis,
1588 1381 1725 1435 ultra

161 1493 296 1550 quam
334 1490 489 1533 sexus
514 1476 651 1531 ratio
679 1474 981 1546 permittat;
1012 1483 1105 1529 aut
1128 1458 1299 1529 valida
1346 1474 1606 1538 membra,
1634 1480 1727 1528 aut

161 1569 527 1626 immoderatam
557 1567 967 1639 longitudinem,
998 1577 1091 1623 aut
1116 1567 1322 1623 fuscum
1349 1567 1605 1631 colorem,
1634 1577 1727 1623 aut

158 1660 390 1730 hispidam
415 1659 628 1725 faciem,
659 1670 750 1714 aut
778 1660 980 1713 vultum
1035 1660 1374 1726 indecorum;
1416 1670 1503 1715 aut
1540 1675 1725 1715 vocem

156 1754 419 1818 robustam,
447 1761 537 1807 aut
565 1752 807 1806 animum
838 1751 1123 1816 audacem,
1155 1761 1247 1805 aut
1276 1767 1340 1805 ex
1368 1750 1452 1805 his
1480 1752 1648 1821 plura.

1827 548 2085 621 pinquare
2110 549 2220 620 jam
2249 551 2433 621 cmpit,
2464 560 2840 621 turgescentes
2885 565 3136 606 mamma:
3183 550 3429 607 dulcibus

1826 641 2001 697 succis
2024 641 2421 715 distenduntur,
2450 650 2504 696 et
2529 640 2596 696 ad
2629 640 2956 697 nutrimenta
3003 641 3276 697 nascentis
3304 640 3424 697 fou-

1827 732 1971 787 tibus
2000 732 2187 788 lacteis
2236 732 2540 789 facundum
2587 744 2773 802 peetus
2811 733 3094 789 exuberat.
3124 733 3236 788 Nec
3280 733 3428 787 enim

1829 823 2052 880 decebat
2082 824 2225 880 aliud
2256 840 2415 896 quam
2466 834 2527 882 ut
2552 825 2769 897 sapiens
2817 826 3016 881 animal
3046 840 3076 880 a
3126 824 3291 882 corde
3329 825 3428 880 ali-

1827 918 2060 973 moniam
2084 917 2326 975 duceret.
2354 918 2517 990 quue
2548 919 2721 991 ipsum
2761 917 3115 974 solertissime
3140 931 3425 987 compara-

1827 1019 1938 1065 tum
1961 1021 2065 1078 est,
2097 1019 2157 1067 ut
2181 1011 2419 1067 candens
2461 1026 2525 1067 ac
2565 1010 2749 1082 pingui
2795 1009 2991 1065 humor
3013 1007 3425 1065 teneritudinem

1827 1104 1950 1159 novi
1979 1106 2223 1175 corporis
2251 1104 2526 1177 irrigaret,
2558 1103 2733 1160 donec
2761 1118 2826 1159 ac
2855 1100 3148 1173 capiendos
3177 1100 3429 1157 fortiores

1826 1194 1992 1261 cibos,
2019 1204 2075 1249 et
2093 1195 2346 1251 dentibus
2395 1195 2712 1261 instruatur,
2753 1203 2809 1250 et
2861 1192 3066 1249 viribus
3115 1191 3423 1247 roboretur.

1830 1284 1936 1342 Sed
1959 1286 2242 1342 redeamus
2266 1286 2333 1341 ad
2374 1287 2727 1357 propositum,
2758 1294 2818 1342 ut
2845 1292 3064 1350 caetera.
3086 1298 3208 1357 qua
3235 1296 3426 1355 super-

1827 1388 1952 1437 sunt
1971 1379 2208 1437 breviter
2229 1378 2580 1451 explicemus.

2411 1490 2642 1548 CAPUT
2680 1490 2820 1548 XIII.

2268 1601 2348 1657 De
2371 1601 2612 1658 Membris
2633 1602 2980 1673 inferioribus.

1902 1760 2152 1818 Poteram
2197 1776 2340 1817 nunc
2381 1776 2482 1833 ego
2532 1762 2770 1833 ipsorum
2834 1776 3048 1833 quoque
3106 1760 3419 1831 genitalium

219 1843 267 1900 Si
292 1858 407 1900 vero
434 1843 792 1898 masculinum
847 1843 897 1897 lli
932 1842 1235 1910 dexteram,
1287 1843 1618 1899 lmmiuinum
1666 1843 1718 1898 in
1749 1874 1797 1935 Β
1826 1852 2190 1911 membrorum
2222 1853 2501 1909 miriﬁcam
2546 1854 2810 1909 rationem
2842 1853 2933 1908 [ibi
2979 1868 3286 1924 exponere.
3318 1854 3425 1910 nisi

153 1936 393 1989 sinistram
423 1935 756 2005 pervenerit,
778 1944 1033 2007 utrosque
1052 1934 1214 1992 fartus
1234 1946 1381 1992 recte
1403 1937 1719 2007 provenire;

156 2035 205 2081 ut
228 2036 275 2083 et
292 2027 510 2083 fmminis
533 2045 634 2098 per
654 2030 834 2083 omnia
864 2039 1070 2084 natura:
1099 2044 1210 2085 sua:
1230 2030 1396 2087 decus
1415 2039 1645 2097 constet,
1668 2041 1723 2086 et

150 2120 359 2174 maribus
404 2128 508 2174 tam
541 2129 754 2188 mente,
781 2136 939 2191 quam
972 2136 1198 2191 corpore
1225 2122 1389 2177 robur
1429 2123 1581 2178 virile
1606 2137 1723 2179 ser-

148 2220 297 2265 vetur.
340 2210 478 2267 istud
525 2227 661 2267 vero
705 2213 880 2282 ipsum
922 2228 1080 2280 quam
1126 2212 1373 2270 mirabile
1415 2214 1719 2270 institutum

149 2300 246 2366 Dei,
272 2302 403 2373 quod
429 2305 494 2358 ad
527 2304 999 2359 conservationem
1047 2319 1307 2374 generum
1362 2306 1718 2377 singulorum,

146 2392 263 2448 duos
281 2409 433 2449 sexus
461 2396 635 2449 maris
661 2410 724 2449 ac
752 2394 990 2451 femina:
1020 2395 1355 2451 machinatus
1378 2406 1496 2462 est;
1525 2397 1720 2468 quibus

143 2484 265 2540 inter
286 2501 341 2541 se
364 2502 455 2556 per
476 2486 772 2556 voluptatis
801 2487 1083 2543 illecebras
1104 2489 1390 2558 capulatis,
1416 2490 1717 2544 successiva

144 2575 334 2631 soboles
359 2588 663 2646 pareretur,
696 2594 763 2634 ne
784 2593 946 2634 omne
969 2594 1137 2645 genus
1168 2579 1463 2634 virentium
1487 2581 1722 2635 conditio

143 2669 460 2724 mortalitatis
486 2672 851 2741 extingueret.
879 2671 983 2728 Sed
1009 2672 1128 2742 plus
1154 2672 1362 2729 roboris
1389 2675 1625 2729 maribus
1644 2685 1726 2730 at-

1828 1957 1916 1999 me
1944 1942 2116 2013 pudor
2143 1943 2212 1998 ab
2242 1942 2546 2011 huiusmodi
2580 1959 2829 2001 sermone
2858 1953 3139 2001 revocaret
3181 1962 3195 1999 :
3245 1944 3425 2015 itaque

1826 2049 1857 2089 a
1885 2033 2038 2089 nobis
2068 2033 2380 2090 indumento
2402 2034 2741 2091 verecundiae
2761 2075 2776 2101 ,
2824 2050 2944 2106 qua:
2986 2043 3111 2091 sunt
3167 2033 3417 2104 pudenda

1827 2127 2094 2182 velentur.
2128 2126 2282 2195 Quod
2317 2127 2383 2182 ad
2412 2127 2552 2183 hanc
2582 2142 2699 2182 rem
2722 2127 2947 2194 attinet,
2976 2126 3131 2196 queri
3159 2127 3291 2181 satis
3341 2134 3427 2181 est

1829 2215 2076 2273 homines
2097 2217 2291 2289 impios
2310 2260 2327 2287 ,
2359 2234 2424 2274 ac
2452 2218 2725 2289 profanos,
2750 2232 3020 2274 summum
3047 2216 3200 2273 nefas
3227 2216 3423 2271 admit-

1826 2319 1972 2377 tere,
2000 2312 2088 2382 qui
2118 2311 2354 2367 diviuum
2385 2321 2442 2367 et
2468 2312 2781 2368 admirabile
2810 2312 2898 2365 Dei
2928 2325 3093 2381 opus,
3123 2308 3191 2365 ad
3217 2324 3416 2381 propa-

1819 2401 2048 2472 gaudam
2070 2406 2471 2460 successionem
2496 2402 2892 2474 iuexcogitabili
2918 2403 3127 2458 ratione
3148 2402 3429 2472 provisum

1821 2502 1875 2549 et
1904 2493 2153 2550 effectum
2176 2537 2189 2558 ,
2223 2497 2308 2551 vel
2336 2497 2403 2551 ad
2436 2496 2776 2568 turpissimos
2800 2503 3073 2564 quaestus,
3106 2493 3191 2549 vel
3222 2492 3288 2547 ad
3318 2493 3421 2547 ob-

1822 2598 2021 2640 sciente
2072 2585 2310 2641 libidinis
2341 2586 2588 2657 pudenda
2632 2600 2796 2656 opera
2835 2594 3191 2648 convertunt;
3226 2591 3282 2637 ut
3305 2585 3419 2651 jam

1822 2675 1957 2731 nihil
1987 2677 2132 2733 aliud
2156 2693 2224 2733 ex
2252 2693 2311 2733 re
2340 2679 2675 2734 sanctissima
2706 2685 2909 2746 petant,
2937 2690 3095 2746 quam
3125 2675 3338 2730 inanem
3364 2684 3422 2729 et

143 2759 371 2814 tributqu
396 2769 496 2825 est,
527 2776 641 2829 quo
670 2760 881 2816 facilius
908 2761 973 2816 ad
1006 2762 1315 2833 patientium
1336 2762 1445 2834 jugi
1465 2764 1736 2819 maritalis-
1827 2767 2064 2823 sterilem
2095 2769 2445 2839 voluptatem.
2477 2768 2614 2839 Quid
2656 2769 2879 2838 reliqua:
2923 2767 3166 2836 corporis
3193 2773 3377 2836 partes
3405 2804 3421 2828 ,

139 2851 350 2907 fiumina:
392 2863 742 2925 cogerentur.
772 2853 870 2909 Vir
910 2854 1089 2925 itaque
1111 2856 1420 2910 nominatus
1444 2863 1548 2921 est,
1580 2855 1723 2926 quod

140 2941 293 3011 major
339 2942 390 2997 in
446 2959 511 2999 eo
558 2943 650 2998 vis
702 2953 820 3006 est,
869 2960 1030 3014 quam
1088 2945 1140 2999 in
1192 2945 1446 3011 immitia;
1496 2958 1550 3002 et
1599 2947 1725 3003 hinc

138 3036 289 3090 virtus
318 3052 510 3092 nomen
541 3037 777 3109 accepit.
806 3037 938 3091 Item
968 3036 1162 3093 mulier
1208 3040 1294 3108 (ut
1339 3038 1513 3093 Varro
1560 3039 1725 3093 inter-

1828 2874 1957 2915 num
1988 2870 2178 2917 carent
2203 2863 2411 2917 ratitrne
2430 2902 2447 2927 ,
2495 2876 2559 2916 ac
2585 2858 2991 2931 pulehitudine?
3014 2857 3343 2928 Conglobata
3370 2855 3423 2910 in

1828 2960 1982 3007 nates
1994 2968 2308 3024 caro,quam
2326 2954 2547 3010 sedendi
2566 2953 2749 3010 officio
2768 2952 2910 3023 apta!
2925 2961 2978 3006 et
2993 2949 3181 3006 eadem
3199 2948 3424 3015 firmior,

1828 3060 1989 3113 quam
2034 3047 2086 3102 in
2134 3049 2349 3104 caeteris
2398 3048 2696 3113 membris,
2744 3062 2814 3101 ne
2862 3053 3142 3116 premente
3184 3040 3428 3113 corporis

140 3128 374 3202 pretatur)
403 3146 432 3184 a
480 3129 753 3197 mollitie,
797 3130 1080 3187 immutata
1132 3140 1188 3187 et
1236 3130 1477 3188 detracta
1518 3130 1714 3199 littera,
1745 3125 1792 3191 C
1822 3138 1971 3194 mole
1991 3139 2206 3196 ossibus
2228 3139 2463 3197 cederet.
2494 3139 2629 3196 Item
2656 3138 2935 3196 fremiuum
2979 3135 3242 3204 deducta,
3269 3140 3325 3189 et
3351 3131 3429 3188 la-

1462 3267 1820 3326 VARIORUM
1851 3269 2084 3330 NOTAE.

159 3477 166 3486 _
196 3405 337 3463 Recte
360 3410 649 3486 propenirc.
671 3410 771 3486 _Sic
801 3410 1008 3466 restitui
1037 3410 1198 3486 eam)
1225 3425 1360 3486 mss.
1386 3421 1437 3486 et
1466 3420 1573 3465 vet.
1608 3410 1722 3486 edi-

135 3480 193 3528 tis
212 3490 327 3559 octo
339 3496 401 3534 ac
428 3480 639 3536 Cellar.
671 3481 727 3536 In
746 3496 848 3559 _sex
872 3497 986 3538 rec.
1010 3482 1226 3554 scriptis
1266 3481 1599 3553 totidemque
1614 3482 1726 3537 vul-

132 3555 256 3618 gatis
281 3563 357 3606 est
385 3563 523 3606 recte
544 3555 831 3623 peruenire.

194 3642 354 3706 Quam
386 3644 628 3698 mirabile
657 3643 946 3697 institutum
970 3643 1104 3698 Dei!
1144 3643 1303 3699 Juxta
1335 3657 1524 3698 omnes
1553 3641 1724 3698 ferme

130 3724 249 3767 mss.
274 3715 507 3782 expunxi
565 3724 690 3783 post
717 3713 814 3767 Dei
843 3714 1067 3769 verbum
1098 3725 1192 3777 est,
1222 3714 1362 3783 quod
1416 3726 1531 3769 erat
1571 3715 1623 3768 iu
1657 3714 1715 3768 11

132 3783 364 3851 vulgatis.
405 3784 460 3838 lu
505 3786 576 3840 15
619 3786 837 3854 scriptis
863 3796 915 3838 et
945 3785 1105 3839 editis
1132 3795 1239 3840 vet.
1268 3785 1303 3839 2
1340 3784 1497 3839 Rom.
1533 3784 1724 3854 legitur

129 3854 438 3910 constitutum
454 3855 557 3909 Dei
573 3871 593 3916 ;
621 3856 671 3910 iu
696 3856 829 3911 edit.
855 3854 1060 3924 Graph.
1086 3857 1413 3909 constitutum
1451 3855 1575 3907 Deo.

193 3923 486 3981 Succession
512 3925 738 3981 soboles.
772 3927 843 3980 Ita
882 3923 1004 3979 eum
1048 3928 1255 3981 cunctis
1287 3926 1565 3991 impressis
1592 3940 1722 3979 mss.

125 3993 157 4066 ᾖ
183 3994 341 4066 Reg,
365 3998 391 4051 1
420 3997 612 4058 Colb..
642 3997 807 4061 Vict.,
841 3996 1029 4060 Brun.,
1059 4007 1112 4051 et
1138 4008 1303 4051 recte.
1344 3996 1399 4050 lu
1424 3995 1462 4049 2
1494 3995 1721 4066 Borion”

127 4063 281 4131 l‘en.,
304 4067 464 4133 thx.,
508 4067 706 4129 Caue.,
759 4070 1037 4122 succession
1078 4068 1306 4130 soboles;
1343 4068 1392 4119 in
1421 4068 1456 4122 ὅ
1503 4064 1659 4133 Reg..
1692 4066 1728 4120 5

124 4133 288 4205 Colb.,
318 4137 467 4204 Gat.,
501 4142 522 4189 1
560 4139 822 4205 Sorhun.,
842 4139 1077 4194 Claram.
1104 4155 1130 4191 a
1155 4137 1387 4192 secunda
1410 4136 1726 4200 manu,sub-

123 4208 301 4274 sic'ua;
329 4210 418 4263 alii
435 4210 775 4271 Smeudose,
808 4208 1084 4273 subsiciua,
1107 4208 1386 4272 subvicina,
1408 4216 1514 4263 etc.
1542 4209 1561 4260 l
1588 4208 1718 4275 Ileg.

124 4276 258 4344 l’ut.,
290 4280 419 4334 sicut
443 4280 686 4342 soboles;
710 4289 983 4346 corrupte.
1015 4280 1315 4333 Successiua
1342 4279 1538 4331 soboles
1568 4294 1719 4345 pare-

122 4360 282 4403 retur:
314 4366 439 4405 vera
470 4351 636 4405 lectio
659 4350 827 4404 tribus
869 4350 1201 4404 doctissimis
1226 4349 1454 4404 medicis
1477 4351 1721 4416 probata.

123 4418 337 4491 Scriptis
365 4425 399 4475 I5
424 4430 511 4475 cst
539 4431 850 4491 pararetur;
875 4436 974 4476 nec
1002 4421 1161 4491 tnale.

199 4490 282 4543 Vir
310 4494 507 4560 itaque,
536 4488 646 4546 etc.
683 4490 827 4547 Idem
861 4492 1021 4545 etiam
1050 4489 1285 4560 affirmat
1320 4488 1432 4543 Cic.
1463 4488 1724 4543 Tuscula-

119 4574 300 4616 narum
342 4559 711 4634 quaestionum
759 4562 1040 4618 secundo:
1088 4559 1238 4634 Viri,_
1264 4559 1471 4634 inquit,_
1514 4561 1725 4626 propria

120 4633 329 4685 maxime
358 4632 432 4685 est
462 4632 754 4701 fortitudo:
781 4635 929 4704 cujus
970 4647 1176 4704 munera
1196 4632 1307 4704 rduo
1335 4632 1558 4704 maxima
1582 4641 1721 4704 sunt,

118 4704 286 4774 mortis
316 4704 623 4774 dolorisque
667 4701 995 4771 contemptio.
1034 4701 1291 4774 Utendum
1321 4711 1404 4774 est!
1445 4701 1599 4768 igitur
1622 4701 1719 4762 liis.

113 4773 157 4825 si
184 4774 379 4827 virtutis
409 4772 698 4842 compotes,
731 4776 809 4827 vel
857 4776 1046 4842 potius,
1088 4773 1132 4826 si
1184 4773 1279 4826 viri
1323 4772 1554 4842 volumus
1581 4787 1685 4824 esse
1706 4786 1725 4825 :

116 4845 345 4905 quoniam
395 4864 427 4897 (ι
458 4841 611 4898 vrtus
638 4844 797 4897 virtus
825 4841 1007 4898 nomen
1060 4853 1131 4896 est
1161 4852 1411 4895 nmtuata.
1446 4841 1536 4896 Sic
1559 4842 1722 4897 etiam

112 4913 309 4991 Graecis
329 4918 361 4974 ἡ
382 4914 626 4991 ἀνδρείᾳ,
654 4917 754 4991 ἀδιξρ
785 4922 880 4971 τοῦ
898 4914 1125 4991 μ’Λνδρός.
1158 4914 1355 4991 ΒεἸξυι..

181 4984 310 5039 Item
340 4981 541 5058 mulier
617 4996 672 5040 ut
702 4984 864 5058 Varro
891 4981 1275 5058 interpretatur)
1297 5001 1327 5035 α
1358 4983 1585 5058 mollitie.
1617 4985 1722 5040 Sex

108 5069 238 5109 mss.
274 5071 387 5111 rec.
415 5066 476 5111 ct
522 5053 594 5110 η
625 5057 823 5125 vulgati
855 5053 1058 5110 addunt
1080 5065 1151 5110 est
1176 5055 1350 5119 dicta,-
1377 5053 1471 5108 sed
1501 5055 1719 5109 frustra.

111 5124 242 5181 Vide
283 5128 677 5195 prmcedentia.
716 5124 808 5181 Ha:
861 5128 979 5180 dum
1013 5140 1172 5180 voces
1214 5125 1410 5195 absunt
1442 5139 1473 5178 a
1506 5135 1593 5180 Vot
1670 5138 1725 5179 et

107 5208 218 5264 opt.
248 5194 377 5252 mss.
424 5202 439 5251 l
482 5196 723 5262 Battum,
775 5196 943 5267 Regio
976 5197 1123 5262 Put.,
1153 5197 1187 5267 4
1210 5197 1300 5267 al.
1348 5194 1507 5267 Reg?
1540 5196 1571 5249 4
1600 5195 1724 5251 Col—

102 5267 266 5329 Ju't't.,
314 5267 475 5330 Peu.,
512 5266 681 5325 Vict..
714 5264 1099 5332 Gat.,'Marm.,
1157 5264 1417 5323 Clarom..
1473 5265 1634 5319 Bruti.
1669 5276 1722 5320 et

106 5337 139 5383 7
172 5348 280 5392 vet.
316 5339 505 5393 editis.
540 5339 618 5391 Ad
644 5338 934 5394 Varronem
956 5352 1143 5392 omnes
1174 5336 1313 5391 hanc
1335 5334 1721 5391 derivationem

105 5409 384 5473 referunt;
413 5410 598 5474 major
638 5422 815 5463 uuueu
849 5424 979 5464 usus
1007 5408 1164 5463 istius
1200 5407 1351 5461 vocis
1380 5414 1482 5471 est,
1514 5416 1569 5461 ut
1609 5407 1722 5461 viro

102 5483 296 5546 potita,
330 5498 360 5533 a
389 5480 610 5548 virgine
635 5478 995 5545 discernatur,
1046 5478 1349 5547 praesertim
1387 5476 1539 5548 apud
1558 5476 1721 5548 Jure-

105 5553 403 5605 consultos.
439 5546 651 5604 Eadem
679 5549 792 5604 fere
818 5546 1141 5615 diﬁ'erentia,
1167 5563 1289 5617 qua:
1304 5557 1384 5601 est
1404 5546 1542 5614 apud
1566 5547 1719 5603 Grae-

105 5634 217 5698 cos,
238 5623 329 5692 qui
353 5621 616 5698 παρθένον
635 5618 820 5698 dicunt
834 5635 955 5698 eam
974 5634 1093 5690 qua:
1119 5620 1291 5698 _virum
1324 5632 1428 5672 non
1451 5617 1717 5698 gestavit;

102 5687 320 5765 νύμφήν,
343 5687 473 5763 quae.
493 5690 730 5769 gestavit
757 5687 1005 5769 quidem,
1038 5689 1130 5769 sed
1158 5705 1220 5742 ex
1236 5704 1311 5769 _eo
1343 5704 1447 5742 non
1480 5687 1716 5769 peperit;

99 5760 341 5836 γνέκὶῑκα,
362 5760 500 5836 una:
529 5760 976 5836 etiarp_pepcrjt;
1007 5760 1099 5815 sed
1124 5767 1308 5836 magis.
1337 5760 1587 5836 {unciam
1622 5774 1719 5826 pa-

102 5831 226 5899 rere
251 5834 457 5897 desiit;
485 5845 613 5906 quae
638 5831 939 5890 differentia
951 5842 1034 5889 est
1059 5831 1199 5903 apud
1220 5831 1451 5902 ,lsacium
1467 5831 1715 5902 Izetzam

1751 4531 1807 4593 D

1829 3419 1883 3492 in
1913 3418 2281 3492 Lymplironis
2311 3417 2720 3475 commentario.
2744 3415 2801 3492 [_u
2818 3413 2999 3469 Sacris
3021 3411 3215 3469 litteris
3234 3413 3426 3483 ἡγύνη,

1826 3489 1941 3547 fere
1958 3487 2079 3547 ἂντῖ
2102 3498 2192 3548 τοῦ
2212 3492 2408 3565 ἀλόχου
2430 3499 2735 3557 usurpatur.
2762 3487 2962 3542 Βετυι.

1899 3582 1980 3635 Ad
2009 3583 2317 3637 nutrimenta
2357 3581 2609 3635 nascentis
2656 3572 3213 3649 fontibus_lacteis._Sic
3237 3585 3427 3649 etne"-

1830 3652 1951 3707 davi
1974 3668 2038 3708 ex
2066 3654 2369 3708 veterrimis
2393 3667 2524 3723 mss.
2551 3650 2586 3704 2
2615 3644 2845 3723 Bonam,
2869 3647 3057 3723 gnum,
3075 3644 3427 3723 {legio-354..

1828 3725 1899 3797 τῃ.
1932 3725 1967 3781 3
2012 3723 2171 3797 Reg,
2200 3723 2235 3779 6
2260 3722 2635 3797 Qolb.,_Tax.,
2682 3711 2841 3797 Rem,
2880 3716 3045 3797 Ultra.
3067 3711 3220 3797 Elii-3
3258 3711 3425 3797 Vict»

1832 3793 1979 3856 Gat.,
2012 3782 2226 3860 Malim"
2248 3782 2650 3859 Clar.,'Baluz.,
2685 3782 2875 3843 Bruu..
2901 3784 3031 3839 edit.
3066 3782 3241 3838 Betul.
3270 3796 3429 3860 acce-

1832 3853 1995 3920 dente
2025 3866 2046 3917 1
2084 3853 2314 3920 Sorlion.
2350 3853 2536 3920 iu'uuo
2564 3853 2645 3915 est
2671 3860 2741 3913 ad
2766 3860 3075 3912 nutrimenta
3105 3853 3429 3907 nascentibus

1834 3879 1995 3920 Gellle
2025 3879 2046 3917 ‘I
2084 3879 2314 3920 δοτυοη.
2350 3880 2401 3917 Ill
2470 3879 2536 3914 110
2564 3879 2645 3915 BSI.
2671 3879 2740 3913 aa
2766 3879 3075 3912 nutrimenta
3105 3879 3427 3907 nascetuqu

1834 3936 2056 4003 fontibus
2077 3935 2249 3987 lacteis
2270 3952 2287 3997 ;
2305 3934 2367 4004 in
2387 3879 2577 4004 21kg.
2606 3942 2658 3984 et
2690 3931 2755 3985 M
2781 3924 3287 4004 Vttlgatisnascentis
3311 3925 3427 4004 [ou-

1832 3995 1965 4058 iibus
1994 4006 2178 4068 lactis;
2208 3995 2322 4060 in’5
2349 4004 2421 4056 al.
2449 3995 2610 4074 editis
2637 3998 2967 4074 nascentibus
3007 3996 3234 4074 fontibus
3261 3995 3426 4074 (nolis.

1833 4074 1975 4129 Edtti
2023 4091 2287 4129 annorum
2337 4072 2475 4129 M72
2504 4082 2554 4127 et
2589 4071 2729 4127 M78
2776 4071 2973 4123 habent
3015 4069 3177 4122 etiam
3208 4068 3432 4135 fontibus

1835 4147 2034 4219 lacteis.
2049 4145 2386 4219 -_—Fontibus
2416 4144 2610 4219 lacteis:
2644 4144 2733 4197 Sic
2760 4142 2922 4219 ubera
2970 4147 3125 4192 vocnt
3147 4179 3159 4200 ,
3186 4150 3275 4219 _et_
3305 4136 3428 4189 Gelo

1835 4216 1970 4277 lius.
2022 4216 2115 4271 lib.
2167 4232 2274 4282 xu,
2308 4231 2442 4288 cap.
2488 4215 2553 4274 1.
2583 4213 2787 4288 fontem
2834 4211 2981 4265 illum
3029 4211 3428 4288 sanctissimum

1825 4288 2069 4358 corporis
2093 4329 2107 4350 ,
2136 4277 2349 4358 generis
2381 4277 2612 4358 humani
2644 4286 3026 4358 educatorem.
3063 4288 3172 4358 (tl-0;
3208 4277 3430 4358 "il-“"95

1825 4347 2021 4419 Huﬁiil.
2066 4347 2102 4412 9
2120 4347 2215 4420 ,Viu
2247 4357 2568 4412 Hexaemer.
2598 4357 2823 4420 ἐπιζήτει
2853 4352 2906 4407 δὲ
2936 4353 3027 4411 τὰς
3050 4351 3233 4408 οἰκείας
3262 4347 3431 4420 «mai:

1824 4418 1913 4501 ῖοῦ
1935 4418 2206 4501 γάλακέιέος,
2255 4439 2359 4483 etc.
2411 4429 2467 4482 S.
2518 4418 2802 4501 Augustin,
2859 4424 3190 4501 t‘ljouless”
3223 4418 3425 4486 eapj7.

1832 4491 2255 4553 Pulélierrituam
2274 4514 2487 4568 quoque
2506 4491 2732 4568 uberum
2749 4510 2875 4568 cum
2894 4491 3430 4568 fil-illib-IIS-COIHPQPa'

1834 4569 2032 4624 tionem
2066 4569 2230 4624 habes
2254 4559 2600 4622 a'Plutarcho
2630 4566 2681 4620 in
2718 4565 2879 4619 Paulo
2911 4561 3099 4616 IEiuil.
3131 4559 3319 4614 Isasus.

1898 4658 2207 4713 Indumenta
2229 4659 2565 4721 verecundior,
2588 4672 2701 4723 qua:
2723 4666 2839 4709 sunt
2861 4651 3098 4723 pudenda
3116 4690 3131 4712 ,
3156 4659 3261 4704 etc.
3298 4646 3432 4723 Vide

1832 4729 2055 4784 Paulqu
2109 4730 2333 4795 Ephem,
2388 4744 2444 4790 v,
2498 4717 2561 4779 4(
2602 4717 2910 4780 Ῥτωειτηνὺε
2960 4735 3044 4776 est
3085 4721 3236 4775 locus
3290 4717 3433 4788 apud

1826 4799 2077 4863 Aristot.,
2108 4800 2200 4854 lih.
2234 4815 2302 4853 vn
2348 4799 2533 4862 Polit.,
2568 4812 2689 4866 cap.
2720 4797 2819 4849 ult.

1902 4889 2030 4954 Qua:
2054 4902 2169 4962 sunt
2200 4891 2437 4960 pudenda
2456 4930 2471 4951 ,
2502 4898 2606 4962 etc.
2636 4884 2889 4962 Pudeuda
2910 4923 2935 4962 ,_
2957 4880 3166 4962 virilia"
3308 4878 3432 4962 imi-

1827 4950 2087 5032 tati—onem
2112 4950 2444 5024 Graecorum,
2462 4950 2568 5032 qui
2589 4957 2760 5013 αὶδοῖα
2794 4953 3090 5032 nominant.
3116 4950 3310 5032 Arist.,
3339 4950 3389 5032 iu
3413 4964 3432 5004 ι

1822 5036 1894 5085 dc
1925 5031 2059 5086 llist.
2096 5032 2440 5096 animalium,
2475 5025 2644 5084 virilia
2692 5026 2905 5097 propria
2954 5025 3033 5097 sic
3083 5025 3265 5076 vocari
3310 5025 3428 5097 ait:

1829 5099 2103 5157 fminiuiua
2149 5113 2365 5168 autem,
2414 5089 2655 5168 ὗστέραν.
2695 5089 2816 5153 ’86ιῖ
2870 5094 3197 5168 medicorum
3246 5089 3431 5145 schola

1824 5172 2180 5228 differentiam
2212 5166 2478 5225 hane'nnu
2513 5166 2794 5232 observat,
2827 5166 3109 5234 utriusque
3139 5176 3301 5219 sexus
3328 5177 3432 5232 pu-

1824 5242 1999 5297 denda
2030 5243 2202 5299 αὶδοῖα
2234 5243 2517 5296 nominans
2539 5284 2552 5303 ,
2589 5251 2647 5295 ut
2681 5252 2735 5294 et
2763 5238 2937 5294 Julius
2966 5236 3175 5289 Pollux.

1898 5312 2140 5367 Stcrilem
2168 5314 2497 5384 voluptatem.
2539 5300 2597 5368 ld
2625 5320 2740 5377 est,
2772 5311 2888 5365 sine
2913 5321 3009 5376 spe
3042 5305 3227 5375 prolis.
3257 5300 3433 5357 Fusu-

1822 5396 1961 5438 ειυς.

1899 5453 2036 5519 Quid
2065 5454 2273 5523 relique
2294 5455 2524 5522 corporis
2550 5462 2721 5523 partes
2739 5448 2881 5523 .’_Ita
2928 5444 3166 5523 reposui
3181 5459 3247 5499 ex
3264 5457 3428 5523 _mss.

1821 5522 1857 5576 2
1888 5511 2119 5588 Bonum,
2148 5511 2464 5591 Regio-Pint.
2496 5511 2563 5579 et.
2595 5523 2629 5577 '5
2670 5522 2741 5575 al.
2774 5518 2931 5591 Reg._.
2978 5511 3025 5591 Δϐ
3052 5515 3244 5591 Co_lb.,_
3264 5511 3431 5578 Tax.,

1825 5593 1979 5656 Peu.,
2004 5584 2177 5662 Lips,
2212 5584 2354 5659 Em,
2379 5594 2588 5652 Marm..
2614 5584 2878 5653 Clarum,
2898 5586 3091 5662 Baluz.
3122 5584 3180 5662 [_u
3294 5598 3432 5662 mss.

1821 5673 1872 5718 et
1899 5655 2239 5719 editis-Rom.
2274 5655 2411 5719 1468
2441 5676 2493 5718 et
2522 5664 2692 5723 M70,
2720 5673 2834 5731 qua:
2861 5658 2987 5726 reliq
3002 5672 3119 5725 me;
3143 5657 3197 5723 in
3226 5656 3263 5710 Ξ
3292 5655 3429 5732 Reg.

1820 5743 1873 5789 cl
1905 5734 1971 5787 1‘2
1997 5735 2271 5805 impressis
2295 5777 2307 5797 ,
2340 5736 2466 5801 Quae
2492 5734 2694 5798 reliqui.

1894 5824 1959 5881 Et
1989 5825 2179 5884 eadem.
2218 5825 2561 5897 lleumauuus
2589 5822 2713 5895 legit
2742 5830 2815 5878 est
2848 5819 3043 5878 eadem.
