3970 6324
529 296 601 357 59
1493 288 1680 353 FIRM.
1717 286 2081 355 LACTANTII
2114 288 2253 353 LIB.
2286 287 2380 349 DE
2414 285 2710 351 OPIFICIO
2738 286 2854 351 DEI
3760 278 3831 343 ω

530 409 759 468 tioribus
786 411 918 470 toris
938 409 1110 468 valida
1138 406 1436 483 longitudo,
1465 419 1574 480 quo
1596 404 1806 463 facilius
1831 418 1970 461 onus
1991 418 2113 461 cor-
2138 405 2191 471 Α
2215 403 2341 461 dine
2357 443 2374 471 ,
2401 417 2465 460 ac
2489 401 2700 461 modico
2729 399 3008 459 intervallo
3033 398 3232 458 distare
3259 399 3529 461 videatur.
3557 395 3699 454 lltnc
3734 410 3828 453 co-

533 504 685 577 poris
727 503 1051 560 sustineret:
1081 517 1240 577 quam
1270 500 1526 572 paulatim
1555 497 1891 561 deﬁcientem
1937 498 1991 553 in
2020 512 2120 553 an-

533 604 747 665 gustum
792 611 963 671 genua
1012 594 1376 650 determinant
1399 634 1416 659 ,
1448 607 1678 664 quorum
1708 592 1964 646 decentes
1993 589 2120 645 nodi

532 687 790 761 ﬂexuram
820 685 1079 759 pedibus,
1107 686 1174 741 ad
1202 685 1551 757 gradiendum
1595 684 1998 754 sedendumqne
2025 700 2121 755 ap,-

531 778 827 845 tissimam,
882 778 1140 849 praebent.
1187 775 1321 832 Item
1361 792 1518 834 crura
1568 792 1673 831 non
1720 776 1912 849 mquali
1960 776 2124 833 modo

532 867 722 934 ducta,
750 884 820 924 ne
849 867 1104 925 indecens
1129 866 1389 923 habitudo
1432 866 1760 924 deformaret
1798 866 1964 940 pedes
1984 907 1999 934 ,
2026 867 2122 922 sed

533 958 795 1014 teretibus
824 959 965 1015 suris
1004 960 1298 1016 clementer
1321 957 1626 1014 extantibus
1647 999 1666 1033 ,
1695 959 2000 1029 sensimque
2043 966 2124 1013 te-

536 1049 745 1116 nuatis,
773 1058 829 1104 et
858 1048 1066 1107 ﬁrmata
1096 1058 1220 1104 sunt
1246 1060 1301 1104 ct
1327 1057 1534 1104 ornata.

607 1138 665 1193 In
697 1139 891 1209 plantis
918 1155 1046 1197 vero
1072 1140 1259 1197 eadem
1304 1140 1519 1214 quidem
1544 1181 1560 1207 ,
1607 1140 1705 1199 sed
1746 1149 1920 1196 tamen
1968 1141 2126 1212 longe

538 1226 740 1299 dispar,
768 1244 928 1303 quam
977 1227 1032 1284 in
1081 1230 1325 1285 manibus
1367 1229 1505 1284 ratio
1552 1239 1635 1285 est
1669 1250 1681 1284 :
1710 1247 1827 1305 quae
1874 1233 2126 1301 quoniam

542 1322 706 1377 totius
734 1323 978 1394 corporis
1004 1323 1157 1393 quasi
1188 1322 1534 1379 fundamenta
1561 1323 1999 1392 sunt,'_',mirilicus
2033 1339 2127 1379 eas

541 1414 736 1470 artifex
767 1431 871 1470 non
900 1414 1128 1470 rotunda
1155 1416 1337 1483 specie
1357 1456 1371 1481 ,
1403 1430 1471 1470 ne
1497 1414 1660 1470 homo
1689 1424 1835 1470 stare
1862 1431 1968 1470 non
1999 1430 2127 1486 pos-

538 1517 657 1573 set,
702 1514 794 1561 aut
820 1506 941 1562 aliis
983 1506 1050 1561 ad
1094 1490 1343 1561 standum
1390 1506 1617 1577 pedibus
1647 1506 1947 1577 indigeret,
1993 1508 2129 1563 sicut

540 1597 948 1671 quadrupedes,
980 1597 1073 1653 sed
1103 1598 1465 1667 porsectiores
1483 1638 1497 1662 ,
1527 1596 1903 1669 longioresque
1933 1597 2132 1653 forma-

543 1692 654 1756 vit,
688 1700 745 1744 ιιι
785 1689 977 1745 stabile
1005 1704 1201 1759 corpus
1226 1689 1503 1765 efﬁcerent
1550 1689 1772 1759 planitie
1817 1706 1912 1744 sua
1941 1706 1957 1755 ;
1987 1691 2131 1747 unde

2222 509 2340 549 rum
2369 492 2609 564 speciosa
2638 492 2964 563 germanitas
2984 531 2999 555 ,
3025 505 3134 548 non
3163 489 3268 546 levi
3297 489 3617 560 adjiimento
3644 486 3833 545 nisum

2221 584 2418 656 pedum
2446 584 2654 651 lirmat;
2683 582 2944 639 concitari
2968 582 3112 637 enim
3142 581 3209 636 ad
3239 597 3457 643 cursum
3489 596 3601 636 non
3634 594 3835 651 possu-

2225 689 2344 728 mus
2376 674 2520 741 'nisi,
2570 673 2750 747 digitis
2796 674 2849 727 in
2877 673 3102 727 liumum
3137 672 3336 744 pressis
3385 672 3619 743 soloque
3649 671 3835 726 niten-

2226 766 2391 829 tibus,
2425 765 2681 833 impetum
2725 764 3029 837 saltumque
3057 763 3354 837 capiamus.
3398 762 3735 841 EXplicasse
3759 761 3837 816 vi-

2224 856 2353 911 deor
2382 856 2556 911 omnia
2579 898 2593 921 ,
2644 870 2874 926 quorum
2904 856 3039 911 ratio
3067 856 3289 927 intelligi
3323 865 3522 927 potest.
3556 854 3723 911 Nunc
3758 855 3826 911 ad

2225 967 2286 1009 ea
2314 950 2473 1006 venio
2492 990 2508 1019 ,
2536 966 2654 1020 quas
2680 950 2765 1004 vel
2794 949 2952 1006 dubia
2980 949 3065 1004 vel
3092 950 3316 1005 obscura
3342 958 3489 1004 sunt.
3586 992 3593 997 .

2823 1059 3049 1121 CAPUT
3086 1060 3226 1117 XIV.

2396 1191 2470 1247 De
2490 1193 2841 1247 intestinorum
2865 1188 3201 1261 quorumdam
3232 1188 3408 1261 ignota
3434 1189 3668 1243 ratione.

2300 1328 2457 1384 Multa
2481 1342 2602 1383 esse
2630 1335 2840 1383 constat
2871 1327 2923 1381 in
2951 1340 3180 1397 corpore
3198 1370 3213 1394 ,
3239 1341 3471 1396 quorum
3495 1325 3639 1391 vim,
3666 1324 3835 1380 ratio-

2230 1433 2457 1489 nemque
2486 1420 2791 1489 perspicere
2839 1433 3025 1483 nemo,
3058 1416 3161 1471 nisi
3201 1416 3291 1488 qui
3322 1415 3445 1472 fecit
3465 1458 3481 1485 ,
3513 1425 3724 1489 potest,
3756 1415 3842 1472 An

2232 1509 2429 1580 aliquis
2475 1524 2727 1565 enarrare
2752 1524 2811 1565 se
2838 1517 2989 1578 putat
3019 1522 3176 1578 posse
3212 1507 3340 1578 quid
3398 1507 3678 1570 utilitatis,
3710 1507 3841 1578 quid

2232 1603 2451 1658 cliectus
2482 1603 2674 1658 habeat
2706 1603 2879 1656 tenuis
2906 1602 3217 1657 membrana
3247 1601 3337 1655 illa
3368 1600 3664 1675 perlucens
3685 1642 3701 1668 ,
3735 1617 3843 1672 qua

2231 1697 2627 1751 circnmretitur
2652 1695 2805 1750 alvus
2827 1737 2840 1757 ,
2870 1710 2933 1750 ac
2965 1695 3201 1767 tegitur?
3226 1693 3363 1762 Quid
3394 1710 3592 1749 renum
3623 1696 3850 1767 gemina

541 1782 650 1839 illis
677 1782 901 1838 inditum
934 1797 1126 1838 nomen
1154 1790 1256 1838 cst.
1292 1783 1447 1853 Digiti
1472 1798 1625 1852 aeque
1651 1783 1891 1847 totidem,
1923 1794 2053 1855 quot
2074 1786 2125 1841 in
2157 1787 2204 1848 B
2231 1788 2568 1863 similitudo?
2598 1804 2733 1867 quos
2777 1789 2855 1843 ait
2885 1789 3052 1844 Varro
3081 1789 3153 1843 ita
3183 1787 3358 1857 dictos
3378 1829 3392 1853 ,
3435 1788 3586 1858 quod
3634 1788 3743 1842 rivi
3774 1788 3843 1844 ab

544 1875 790 1931 manibus
813 1919 828 1943 ,
861 1876 1094 1945 speciem
1124 1875 1313 1946 magis,
1336 1890 1494 1946 quam
1528 1879 1680 1930 usum
1709 1877 1964 1946 majorem
1992 1892 2131 1948 ιιι-ω·
2174 1867 2183 1875 ’

542 1964 777 2022 ferentes
798 2008 813 2031 ,
844 1964 1070 2036 ideoque
1096 1975 1150 2021 et
1175 1965 1380 2035 juncti,
1434 1974 1489 2021 et
1532 1966 1720 2022 breves
1745 2008 1759 2031 ,
1785 1975 1840 2022 et
1868 1968 2130 2039 gradatim

544 2058 826 2127 compositi
858 2075 871 2111 :
903 2073 1128 2128 quorum
1159 2059 1248 2128 qui
1278 2066 1362 2113 est
1388 2058 1674 2122 maximus,
1703 2060 1953 2129 quoniam
1982 2060 2129 2116 illum

546 2147 687 2203 sicut
713 2151 767 2202 in
809 2163 970 2202 manu
999 2147 1234 2204 discerni
1275 2162 1305 2202 a
1336 2147 1546 2204 caeteris
1572 2163 1708 2218 Opus
1734 2138 1843 2203 non
1874 2158 1990 2205 erat
2011 2193 2028 2217 ,
2058 2151 2133 2207 ita

545 2238 601 2293 in
633 2238 876 2294 ordinem
908 2239 1157 2295 redactus
1185 2248 1295 2305 est,
1327 2248 1385 2295 ut
1410 2247 1586 2296 tamen
1619 2240 1685 2296 ab
1714 2240 1833 2296 aliis
1860 2243 2132 2313 magnitu-

2232 1881 2317 1936 liis
2342 1881 2581 1937 obscteui
2607 1880 2845 1934 humoris
2869 1880 3111 1934 oriantur
3139 1896 3152 1930 :
3181 1877 3323 1953 quod
3346 1888 3431 1933 est
3457 1878 3625 1949 longe
3654 1894 3843 1947 secus,

2232 1972 2353 2049 quia
2384 1972 2551 2047 spina:
2573 1971 2888 2039 altrinsecus
2915 1970 3089 2040 supini
3116 1969 3412 2033 cohrerent,
3442 1979 3497 2025 et
3522 1977 3658 2025 sunt
3677 1970 3754 2024 ab
3777 1973 3855 2024 in-

2237 2062 2444 2119 testinis
2466 2063 2721 2132 separati.
2746 2061 2882 2131 Quid
2910 2059 3088 2130 splen?
3112 2060 3241 2131 quid
3265 2059 3445 2130 jecur?
3474 2060 3855 2131 quae'viscera

2235 2155 2387 2229 quasi
2405 2170 2472 2210 ex
2491 2154 2810 2211 conturbato
2835 2154 3092 2226 sanguine
3117 2151 3365 2207 videntur
3389 2166 3514 2206 esse
3536 2162 3850 2208 concreta:

2235 2247 2362 2325 quid
2408 2245 2548 2301 fellis
2592 2246 2956 2300 amarissimus
2983 2244 3198 2316 liquor?
3225 2244 3350 2316 quid
3380 2244 3581 2316 globus
3613 2244 3849 2300 cordis?

1900 2336 2257 2395 VARIORUM
2297 2338 2522 2395 NOTAE.

631 2447 831 2507 Valida.
864 2449 1021 2504 Deest
1052 2451 1103 2511 in
1134 2465 1235 2505 ms.
1268 2450 1397 2505 Bov.

623 2520 902 2594 [flexuram
929 2521 1255 2594 pedibnstad
1277 2522 1609 2591 gradiendum
1634 2522 2007 2593 sedandumque
2033 2540 2133 2594 ap-

547 2591 793 2662 tissimam
816 2632 831 2657 ,
860 2590 1101 2660 praebent.
1149 2590 1238 2647 Sic
1284 2595 1466 2662 legunt
1495 2606 1683 2646 omnes
1729 2595 1893 2647 ferme
1921 2590 2048 2647 mss.
2070 2590 2138 2649 ὀι

549 2659 672 2719 edd.
694 2660 767 2717 At.
787 2659 916 2717 mss.
946 2662 1130 2717 280a.
1155 2672 1210 2717 et
1236 2659 1372 2724 reci,
1406 2665 1426 2716 l
1462 2662 1617 2728 Reg.,
1650 2664 1804 2723 Ἕως..
1836 2664 1870 2715 9.
1893 2664 2134 2727 Colbert.,

547 2731 780 2806 Claram.
819 2732 1053 2806 habent.
1076 2734 1330 2806 ﬂexuram
1357 2733 1411 2789 in
1454 2733 1660 2806 pedibus
1706 2735 1773 2789 ad
1799 2735 2136 2806 gradientium

549 2798 924 2872 sedandumque
949 2798 1268 2872 aptissimum
1292 2820 1438 2856 nsunt
1454 2798 1705 2872 'prazbent.

625 2869 881 2943 $ed.ll:ec
897 2869 998 2927 voti
1014 2882 1070 2928 et
1083 2885 1311 2943 quatuor
1324 2869 1608 2942 sequentes
1621 2874 1809 2928 desunt
1825 2874 1874 2928 in
1891 2890 1971 2930 ms
1998 2874 2132 2931 Bov.

624 2940 1071 3014 Sui-iiich
1098 2940 1482 2998 extantibus.”
1503 2955 1585 2997 est
1605 2945 1798 3014 leniter
1826 2946 2137 3014 prominen-

555 3010 716 3069 tibus.
756 3012 965 3070 Eodem
988 3014 1133 3072 enim
1177 3028 1337 3072 sensu
1378 3013 1653 3071 adverbiis.
1673 3010 1967 3082 aemuler,
2000 3016 2134 3071 leni-

2239 2454 2484 2519 corporis
2516 2452 2711 2507 fabrica
2741 2466 2939 2520 opere,
2992 2451 3089 2507 lib.
3141 2465 3335 2520 nempe
3384 2465 3441 2515 v,
3485 2464 3614 2520 cap.
3643 2450 3705 2503 2.
3777 2451 3858 2506 Es

2238 2518 2529 2580 Bsrumo.
2552 2518 3048 2593 --Quid'ulilitalis.
3076 2521 3197 2590 quid
3226 2518 3438 2586 e/I‘eclus
3464 2518 3653 2575 habent
3686 2525 3857 2576 tenuis

2238 2595 2529 2648 membrana
2550 2595 2642 2648 illa
2658 2592 2950 2662 perlucens,
2968 2608 3066 2662 qua
3082 2592 3497 2662 circumnectitur
3514 2594 3692 2645 alvus.
3706 2636 3721 2650 .
3746 2602 3853 2647 etc.

2236 2664 2292 2718 Id
2323 2674 2491 2719 totum
2521 2661 2737 2734 copiose
2765 2661 2985 2717 enarrat
3009 2661 3292 2728 Vesalius,
3343 2661 3441 2716 lib.
3475 2678 3507 2714 v
3553 2663 3627 2717 de
3684 2662 3853 2719 Hum.

2212 2749 2388 2800 -corp.
2420 2735 2632 2800 labric.,
2654 2745 2786 2803 “cap.
2818 2734 2870 2791 2.

2313 2806 2464 2873 Quod
2518 2806 2633 2859 rivi.
2672 2801 2823 2871 Quod
2866 2818 3058 2860 sensus
3099 2802 3336 2873 postulat
3362 2819 3374 2856 :
3400 2801 3454 2857 id
3512 2805 3749 2873 reposui
3789 2819 3855 2861 ex

2239 2876 2523 2946 praecipuis
2546 2890 2677 2929 mss.
2704 2874 2885 2946 viginti
2905 2889 3063 2946 supra
3085 2873 3335 2946 laudatis,
3356 2882 3411 2928 et
3437 2873 3603 2928 editis
3630 2874 3846 2944 Gi-apli.

2239 2943 2295 3002 et
2319 2943 2564 3017 Gyinnic.
2595 2946 2653 3000 lu
2682 2946 2717 2999 2
2737 2943 2915 3017 Colb.,
2965 2945 3169 3017 Bolus,
3204 2943 3370 3017 Bruti.
3417 2952 3504 2997 est
3537 2961 3679 3017 quos
3722 2947 3857 3009 riui;

2242 3017 2294 3071 in
2322 3014 2428 3071 uno
2444 3017 2579 3084 Reg.
2625 3016 2922 3072 recentiore
2946 3026 3002 3071 et
3035 3015 3104 3069 15
3133 3014 3381 3083 vulgatis,
3403 3017 3559 3084 quasi
3582 3016 3687 3069 riui
3713 3032 3734 3069 :
3758 3018 3858 3071 ἀπὸ

552 3089 647 3162 ter,
675 3082 898 3162 molliter
936 3086 1099 3138 utitur
1127 3083 1453 3162 Lactantius.
1490 3083 1629 3147 Sunt
1669 3094 1751 3139 est
1782 3101 1901 3155 pars
1954 3095 2134 3155 posle-
2161 3084 2208 3153 C
2240 3094 2326 3162 rei)
2354 3082 2765 3162 disiv_lortas_sis,
2796 3089 2838 3139 si
2861 3086 3343 3162 Grammaticorum
3372 3082 3852 3162 deductioni_cre-

555 3151 675 3224 rio:
692 3154 893 3224 cruris,
926 3169 1095 3224 eaque
1122 3157 1417 3208 earnosior.

628 3220 695 3275 Et
721 3223 925 3292 ﬁrmata
950 3220 1064 3277 sunt
1088 3235 1133 3279 et
1161 3233 1362 3277 ornata.
1388 3224 1477 3279 Sic
1505 3225 1718 3292 reposui
1747 3240 1813 3281 ex
1842 3224 2001 3285 editis
2040 3225 2142 3281 Be-

556 3290 678 3363 tul.,
723 3290 945 3358 Cellar.,
990 3294 1204 3349 Walcli.
1249 3290 1605 3363 omnibusque
1651 3311 1781 3349 mss.
1832 3304 2022 3361 prmter
2063 3296 2137 3362 2,

555 3360 689 3437 Reg.
738 3378 848 3418 rec.
895 3372 1226 3435 czeterosque
1273 3368 1410 3437 typis
1440 3360 1704 3431 excuses,
1749 3360 1938 3437 quibus
1968 3376 2050 3427 est
2090 3360 2141 3421 et

554 3431 704 3499 ﬁrma
729 3443 847 3487 sunt
869 3443 914 3487 et
935 3446 1131 3488 ornata.

625 3501 990 3580 carpat-isilta
1010 3521 1136 3580 mss.
1158 3505 1197 3580 2
1217 3506 1393 3580 C9lb.,
1416 3502 1770 3580 Claroiuont.,
1795 3506 1945 3577 Bruti
1968 3547 1982 3573 ,
2005 3507 2135 3580 Bov.

556 3581 610 3627 et
638 3573 749 3644 alii.
781 3573 993 3644 Reliqui
1023 3577 1168 3630 multi
1200 3579 1396 3633 habent
1421 3576 1607 3641 operis.
1806 3574 1811 3577 “
1868 3637 1873 3641 _

629 3641 990 3717 Quamusum
1038 3648 1281 3717 majorem
1331 3651 1668 3717 prwfereutes.
1722 3646 1795 3700 lta
1842 3662 1965 3717 cum
2007 3647 2137 3703 edit.

555 3711 736 3787 Rom.,
772 3714 908 3787 Mil)
934 3726 988 3771 et
1013 3711 1203 3771 Cellar.
1233 3720 1409 3771 cuncti
1438 3711 1569 3770 mss.
1596 3727 1787 3783 printer
1811 3718 1837 3773 1
1862 3712 1992 3787 Reg.
2027 3735 2135 3787 rec.

553 3794 610 3837 et
653 3785 714 3858 ll
750 3786 1024 3856 vulgatos,
1070 3789 1263 3857 quibus
1290 3789 1469 3852 deest,
1504 3789 1767 3858 majorem.
1809 3818 1880 3829 —
1907 3785 2141 3857 Speciem

559 3855 755 3923 magis,
787 3855 942 3924 quam
965 3855 1109 3911 usuni
1138 3862 1482 3929 pratici-entes.
1514 3855 1630 3913 Non
1662 3860 1732 3913 ita
1765 3855 2020 3929 Galenus,
2049 3861 2141 3929 qui

560 3936 713 3977 usum
734 3940 961 3996 eorum,
989 3938 1041 3982 et
1065 3928 1280 3996 quidem
1313 3932 1600 3983 maximum
1650 3944 1712 3984 ac
1759 3928 2140 3985 multilorinem

558 3993 826 4067 ostendit,
861 3998 953 4051 lib.
990 4013 1043 4050 ιιι
1065 3993 1224 4067 (cap.
1257 3998 1293 4053 8
1317 4008 1369 4052 et
1398 3999 1541 4055 alibi.

633 4061 974 4137 germanitas.
1025 4067 1135 4121 Hoc
1174 4061 1257 4121 est
1307 4072 1538 4125 lraterua
1567 4070 1817 4124 societas.
1864 4069 1954 4124 Sic
2000 4068 2142 4137 apud

562 4131 867 4208 Salvianum
888 4177 903 4201 ,
935 4137 1072 4191 libro
1103 4154 1137 4191 II
1165 4148 1349 4192 contra
1376 4142 1684 4206 avaritiam,
1714 4155 1833 4208 cap.
1861 4138 1917 4203 6,
1950 4131 2144 4208 legitur

566 4206 921 4275 Apostolorum
950 4211 1273 4275 germanitas.
1304 4209 1650 4266 ileuumuus.

637 4272 842 4344 Ij’isum.
869 4272 965 4333 Ms:
997 4279 1124 4333 Bov.
1146 4322 1160 4344 ,
1193 4278 1246 4332 Ν
1251 4282 1408 4333 imm.

638 4342 1253 4427 Tenuiﬁmembrana'illu
1284 4350 1758 4427 perluceusﬁriece
1784 4350 2096 4427 Περιτόναιος
2128 4366 2141 4401 :

565 4414 777 4471 Pollux.
811 4418 977 4487 Hujus
1002 4414 1428 4476 nomenclatione
1454 4422 1626 4475 Latini
1655 4414 1901 4474 carentes
1925 4462 1937 4479 ,
1969 4434 2145 4488 gi-zeco

566 4488 781 4560 nomine
823 4501 878 4544 nt
922 4506 1018 4543 suo
1048 4500 1288 4554 utuntur,
1323 4492 1420 4543 nisi
1452 4492 1593 4560 quod
1639 4492 1799 4556 aliqui
1842 4488 2151 4543 abdominis.

568 4559 928 4615 membranam
963 4572 1269 4631 nuncupant
1300 4578 1316 4616 :
1344 4577 1373 4614 a
1413 4559 1913 4631 circuinniuniendo
1939 4560 2149 4614 videtur

565 4643 759 4684 nomen
806 4646 925 4686 esse
968 4632 1295 4696 deductum;
1343 4632 1653 4699 potissimus
1678 4632 1820 4685 enim
1869 4630 1954 4685 hic
1997 4631 2148 4683 istius

566 4714 693 4755 uatis
718 4711 817 4756 est.
848 4701 1014 4758 Gallis
1040 4704 1201 4757 etiam
1228 4702 1421 4757 dicitur
1446 4701 1710 4769 ρένὶλοὶιιε.
1744 4700 1826 4756 Ea:
1850 4701 2143 4757 BETULEIO.

640 4770 752 4837 Qua
778 4774 1147 4826 circumretitur
1172 4772 1339 4829 alvus.
1374 4771 1446 4827 Ita
1478 4770 1685 4829 restitui
1731 4787 1799 4827 ex
1849 4772 2150 4825 veterrimis

563 4849 618 4911 et
645 4841 863 4908 eptiuiis
911 4859 1040 4899 mss.
1070 4841 1106 4895 2
1138 4843 1363 4905 Bonum,
1395 4840 1741 4911 Regio-Pun,
1790 4841 1823 4895 5
1867 4843 1937 4896 al.
1991 4842 2146 4911 Reg.,

564 4910 753 4974 Cauc.,
784 4912 939 4976 Τιιι..
973 4913 1129 4977 Pen.,
1179 4915 1210 4965 6
1267 4912 1449 4974 Colb.,
1484 4909 1654 4975 Ειιιη
1698 4909 1861 4977 Ultr.,
1891 4909 2146 4972 Sorbet)"

566 4980 729 5043 Vict.,
759 4980 905 5043 Gal...
941 4982 1152 5044 Manta,
1185 4982 1390 5045 Balnz.,
1432 4980 1693 5043 Clarom.,
1741 4982 1899 5039 Bruti.
1933 4992 1987 5036 et
2015 4982 2148 5036 edit.

566 5050 811 5108 Betuleii.
845 5051 898 5105 ιιι
928 5059 1040 5115 est,
1093 5053 1403 5105 membrana
1452 5052 1539 5103 illa
1572 5051 1708 5105 sicut
1736 5053 1834 5109 reti
1864 5052 2151 5109 involvitur

565 5123 734 5176 alvus.
766 5121 822 5177 In
855 5135 985 5177 mss.
1016 5135 1124 5175 rec.
1172 5120 1208 5174 2
1245 5120 1404 5190 Iicg.,
1436 5122 1731 5192 Catabrig.,
1780 5123 1806 5176 1
1837 5121 2073 5178 Colbert.
2119 5138 2150 5189 β

567 5192 798 5248 secunda
832 5207 1024 5256 manu,
1056 5201 1109 5246 et
1157 5192 1208 5245 in
1256 5192 1664 5260 quamplurimis
1705 5197 1914 5255 excusis
1942 5203 2024 5246 est
2051 5194 2152 5246 cir-

566 5263 896 5319 cumuectitur
928 5262 1088 5315 alvus.
1120 5259 1430 5317 Membrana
1455 5273 1630 5316 autem
1662 5263 1780 5324 illa,
1812 5278 1907 5317 seu
1955 5264 2154 5331 perito-

570 5335 736 5395 nitun,
763 5333 1133 5398 complectitur
1159 5331 1533 5394 ventriculum,
1559 5333 2148 5397 intestina,omeutum,

568 5402 980 5464 mesenterinm,
1007 5416 1177 5469 jecur,
1214 5401 1407 5457 lienem
1434 5441 1448 5464 ,
1484 5417 1674 5466 rcnes,
1707 5414 1985 5472 utramque
2015 5405 2155 5457 vesi-

569 5490 722 5534 cmn,
751 5482 981 5535 uterum,
1009 5483 1062 5524 et
1090 5487 1211 5524 vasa
1241 5472 1456 5525 domum
1486 5487 1837 5542 qumcuuiquc
1867 5473 2003 5529 inter
2028 5490 2152 5540 sep—

572 5555 680 5599 ttttu
715 5554 1075 5599 Il‘JllsVCl'illlll
1099 5552 1149 5594 ιιι
1169 5556 1324 5597 crura
1349 5544 1506 5596 silum
1540 5542 1757 5601 habent.
1784 5543 1849 5596 Et
1877 5546 2000 5599 licet
2026 5546 2155 5599 Lac-

574 5614 795 5668 tantium
832 5614 1044 5665 latuerit
1074 5629 1198 5665 usus
1226 5613 1384 5681 hujus
1417 5614 1774 5676 lll"llthl‘all‘t‘(‘.,
1806 5614 2042 5669 medicos
2072 5624 2153 5667 tri-

574 5696 694 5736 tuen
731 5684 947 5734 minime
977 5684 1145 5747 latuit,
1177 5698 1404 5751 quorum
1429 5684 1566 5736 haud
1592 5685 1924 5749 spernendos
1953 5687 2156 5753 aliquot

574 5752 1117 5807 ennmcratAndrcas
1161 5754 1399 5809 Vesalius
1443 5756 1492 5807 in
1525 5754 1781 5821 praeclaro
1826 5754 1892 5807 de
1933 5752 2158 5809 Humani

2168 4461 2223 4539 ι)

2246 5616 2543 5679 discutere,
2579 5631 2680 5671 etc.

2242 3154 2438 3211 dim'us.
2475 3157 2579 3214 Sed
2602 3158 2728 3210 milii
2752 3172 2938 3225 parum
2963 3156 3173 3225 placent
3196 3154 3567 3209 derivationes
3595 3172 3663 3210 ex
3695 3156 3858 3212 Gri!!-

2241 3228 2341 3290 cis,
2374 3229 2463 3283 tibi
2490 3229 2591 3297 ipsi
2641 3228 2772 3280 alias
2819 3228 2970 3297 istius
3000 3227 3075 3280 rei
3106 3225 3567 3297 nomenclationes
3593 3227 3850 3282 habent:

2241 3294 2529 3374 sicutjpsis
2548 3300 2637 3373 ρἡ
2656 3312 2835 3362 ovem,
2855 3296 3056 3352 Latinis
3076 3311 3166 3349 ren
3189 3294 3331 3350 idem
3360 3297 3505 3374 quo_d
3535 3297 3648 3350 illis
3674 3307 3858 3374 νέφρος

2242 3369 2524 3440 significat.
2548 3367 2557 3373 ’
2861 3438 2889 3440 η
3085 3437 3096 3440 _
3269 3436 3281 3440 _
3357 3382 3377 3440 ι
3444 3367 3665 3422 Βετιιι.

2316 3440 2447 3505 Quia
2468 3441 2650 3509 spinae,
2679 3447 2781 3494 etc.
2811 3438 2981 3503 Aliter
3008 3437 3174 3493 Arist.
3201 3436 3303 3492 sub
3349 3435 3513 3492 linem
3559 3439 3733 3509 primi
3784 3440 3854 3497 de

2242 3510 2379 3565 Hist.
2406 3510 2749 3564 Animaliuni.

2318 3581 2461 3653 Quid
2470 3581 2654 3653 splen?
2673 3578 2885 3653 Cumin
2918 3579 3102 3653 splene
3120 3575 3533 3653 multtesparsug
3557 3579 3674 3653 sint
3704 3589 3859 3635 arte-

2242 3647 2357 3712 rize,
2399 3647 2634 3704 calorem
2664 3649 2854 3710 recipit
2897 3664 2925 3701 a
2953 3647 3142 3711 corde,
3174 3663 3280 3716 quo
3304 3648 3457 3701 illum
3508 3647 3859 3708 feculentum

2243 3733 2291 3775 ct
2315 3722 2561 3775 limosum
2591 3721 2902 3788 sanguinem
2931 3720 3098 3789 magis
3125 3721 3329 3788 coquit,
3363 3728 3419 3774 et
3448 3719 3661 3786 aliquid
3700 3738 3862 3777 assu-

2244 3792 2891 3861 mitindequonutriinr.
3032 3788 3039 3789 “
3302 3804 3335 3861 ‘_
3401 3857 3416 3861 _
3484 3788 3710 3846 Βετυι.

2318 3861 2454 3928 Quid
2463 3857 2651 3931 jecur?
2680 3859 2839 3928 Quid,
2871 3859 3155 3914 Lactanti?
3182 3857 3369 3914 Nescis
3401 3857 3509 3914 hoc
3539 3865 3859 3918 membrum

2243 3948 2363 3988 esse
2382 3933 2735 4002 generosum?
2768 3933 2939 3984 nescis
2990 3933 3090 4002 hoc
3121 3932 3262 4002 inter
3310 3944 3514 4002 organa
3567 3933 3857 3991 nitu-itivte

2248 3999 2498 4075 potentiae
2539 4003 2871 4075 prmcipiiiim
2899 3999 3052 4075 esse?
3090 4000 3266 4075 nescis
3302 4000 3597 4075 oﬁi_c_inani
3632 4005 3863 4075 sangui-

2250 4070 2371 4125 nis?
2433 4073 2605 4126 nescis
2656 4072 2821 4141 licpar
2862 4073 2911 4141 in
2968 4070 3068 4124 hoc
3120 4072 3237 4138 ipso
3275 4071 3425 4141 cordi
3462 4072 3704 4141 tradere
3740 4070 3862 4129 inu-

2247 4150 2369 4223 tiias
2394 4143 2622 4223 operas?
2652 4140 2823 4194 neseis
2853 4140 2904 4195 id
2921 4141 3253 4223 .qqud'l’lato
3266 4140 3432 4223 .dicit,
3460 4140 3585 4223 "Qu
3605 4146 3673 4223 ,τὸ
3718 4144 3864 4223 ἧπαρ

2247 4215 2431 4285 πέφυκε
2454 4214 2620 4287 χάριν
2653 4220 2742 4287 τῆς
2772 4211 3049 4284 μαντικῆςῖ
3079 4211 3239 4287 Recte
3266 4212 3483 4287 interim
3508 4211 3649 4287 facis
3667 4257 3682 4277 ,
3714 4211 3866 4284 quod

2249 4282 2515 4356 agijoscis,
2544 4282 2682 4351 quod
2712 4282 2851 4356 iuvat
2879 4282 3281 4337 concoctionem
3306 4282 3359 4336 in
3385 4282 3866 4356 ventr_iculo.Vvir—

2249 4352 2361 4406 tute
2391 4352 2637 4405 nimirum
2662 4355 2876 4407 caloris.
3533 4353 3755 4410 Βετυι..

2321 4422 2404 4476 Ea:
2441 4427 2735 4495 conturbata
2784 4423 3045 4495 sanguine.
3082 4421 3293 4495 Verum
3325 4421 3428 4477 hoc
3456 4426 3691 4495 quidem
3749 4438 3859 4494 est,

2250 4495 2387 4561 quod
2418 4496 2630 4565 Vjecoris
2660 4493 2953 4548 substantia
3000 4494 3071 4547 sit
3112 4493 3358 4562 sanguini
3386 4493 3567 4565 nuper
3598 4493 3869 4554 concreto

2248 4564 2536 4617 simillima.
3465 4562 3479 4565 ⁷
3499 4562 3719 4622 Βετιιι.

2323 4634 2459 4701 Quid
2481 4634 2635 4704 fellis,
2666 4643 2769 4688 etc.
2799 4633 2992 4704 Flava
3034 4632 3160 4704 bilis
3207 4631 3386 4703 (cujus
3430 4636 3686 4692 vesicula
3745 4640 3871 4695 bilis

2248 4703 2510 4781 folliculus
2532 4705 2754 4781 Latinis,
2778 4703 2978 4781 Griecis
3009 4703 3288 4781 xoindégzo;
3314 4705 3651 4781 appellatur)
3686 4711 3869 4765 incre-

2251 4775 2485 4847 dibiliter
2535 4775 2751 4847 quidem
2802 4773 3083 4847 sanitatem
3133 4773 3351 4828 infestat
3396 4791 3417 4847 :_
3455 4773 3644 4832 liabet'
3683 4790 3873 4836 tamen

2248 4845 2407 4899 etiam
2450 4842 2892 4898 sua‘commoda.
2947 4842 3078 4915 Nam
3125 4857 3183 4897 ut
3232 4844 3451 4915 sanguis
3501 4850 3870 4915 purilicctur,

2250 4931 2383 4982 opus
2411 4926 2493 4987 est
2516 4916 2744 4987 derivari
2792 4915 2972 4987 aliquo
3000 4913 3409 4987 iiavarmubilem
3457 4913 3870 4987 copiosiorem.

2252 4987 2344 5038 Est
2364 4985 2525 5049 enim,
2562 4996 2617 5055 ut
2640 4986 2806 5066 inquit
2833 4985 2973 5066 Plin.
2998 4984 3066 5066 fel
3097 4984 3426 5066 nihibaliu'd,
3458 4984 3630 5056 quam
3666 4986 3874 5062 purga-

2253 5067 2489 5131 mentum
2520 5056 2735 5131 pessimi
2789 5056 3084 5131 sanguinis.
3118 5057 3209 5131 Est
3238 5056 3403 5125 igitur
3428 5069 3575 5129 opus
3601 5056 3872 5131 recepia-

2251 5126 2391 5189 Culo,
2422 5127 2472 5179 in
2495 5142 2599 5196 quo
2625 5126 2751 5181 bilis
2778 5136 2832 5179 et
2859 5125 3106 5181 caletucit
3144 5127 3330 5194 liepar,
3378 5136 3434 5179 et
3463 5125 3779 5186 Conserva}.
3805 5148 3876 5189 ne

2254 5207 2541 5264 putrescat.
2565 5196 2722 5251 Pellit
2745 5198 2866 5250 item
2895 5198 3281 5259 nutrimentum
3314 5196 3618 5261 intestinis,
3654 5214 3712 5257 et
3743 5205 3876 5259 abs-

2256 5268 2411 5335 tergit
2448 5268 2819 5321 intestinorum
2871 5268 3078 5321 sordes.
3120 5266 3251 5320 Vide
3302 5265 3371 5319 de
3420 5267 3528 5322 hoc
3583 5270 3876 5327 Vesalium

2253 5338 2469 5405 cepiose
2487 5338 2837 5407 disserentem
2856 5350 2908 5409 _c_.
2933 5337 2985 5400 8,
3018 5335 3109 5390 lib.
3136 5351 3168 5389 v
3186 5354 3201 5399 ;
3220 5336 3360 5390 Plin.
3381 5336 3479 5409 lib.
3497 5355 3700 5408 xxviii,
3736 5360 3790 5397 ο.
3820 5345 3873 5409 9,

2257 5404 2642 5481 medicinascx
2663 5404 2992 5481 animalibus
3043 5422 3391 5481 enumerans,
3456 5406 3609 5463 Inter
3665 5404 3872 5481 omnia,

2257 5479 2446 5544 inquit,
2479 5479 2776 5531 animalium
2798 5476 2866 5544 {el
2892 5481 3214 5543 prwstantius
3235 5478 3286 5533 in
3315 5474 3522 5541 effectu.
3578 5481 3680 5536 Est
3722 5474 3878 5540 enini

2259 5548 2337 5621 vis
2364 5549 2478 5619 ejus
2503 5548 2855 5609 cxraifacere,
2914 5548 3181 5607 moi-dere,
3228 5547 3505 5621 scindere.
3539 5554 3877 5621 extrahere,

3342 5617 3682 5678 BETULEIUS.

2332 5688 2467 5750 Quid
2496 5688 2672 5758 globus
2693 5686 2881 5758 cordis.
2908 5687 3034 5740 Post
3088 5691 3202 5743 lucc
3229 5688 3418 5758 verba,
3445 5705 3616 5747 manu
3648 5695 3871 5751 exarati

2262 5759 2472 5813 codices
2498 5756 2725 5826 septem,
2753 5756 2962 5813 scilicet
2983 5759 3019 5810 Ξ
3048 5758 3204 5820 Βοιι.,
3232 5759 3257 5812 1
3289 5757 3451 5829 Reg.,
3482 5761 3509 5816 1
3535 5760 3814 5833 Sorbon.,
3844 5768 3875 5824 1
