3970 6316
152 268 213 320 65
1119 266 1271 323 CAP.
1314 265 1452 324 XVI.
1497 267 1582 325 DE
1623 267 1857 328 MENTE
1897 271 1988 330 ET
2026 273 2188 332 EJUS
2227 275 2429 337 SEDE.
3350 288 3426 346 66

145 379 408 434 dixerunt.
438 378 506 433 Et
534 391 666 434 sane
693 380 1025 450 argumentis
1053 382 1415 451 probabilibus
1443 383 1524 438 usi
1550 395 1712 441 sunt:
1743 393 1798 450 Λ
1821 403 1980 442 onme
2007 392 2305 459 collustret,
2333 403 2386 448 et
2415 393 2460 449 si
2491 394 2636 465 velit,
2661 397 2828 453 maria
2852 401 3116 470 pervolet,
3141 412 3336 469 terras,
3362 424 3425 464 ac

145 471 675 540 oportuissescilicet,
696 471 838 540 quod
862 473 1023 528 totius
1036 474 1279 543 corporis
1298 477 1534 544 regimen
1551 476 1718 533 habeo
1825 478 1986 534 urbes
2011 492 2276 552 peragret,
2306 485 2481 539 omnia
2512 487 2764 558 denique,
2805 505 2925 561 quae
2954 492 3195 561 libuerit,
3229 514 3422 565 quant-

143 572 217 617 ret
241 563 408 631 potius
435 563 488 616 in
514 577 750 630 summo,
783 574 1050 635 tamquam
1077 565 1130 619 itt
1161 581 1285 620 arce
1317 566 1585 634 habitare;
1619 584 1718 625 nec

142 657 409 726 quidquam
460 670 586 712 esse
627 657 910 713 sublimius
934 699 949 726 ,
996 674 1155 730 quam
1190 660 1275 728 id,
1323 662 1463 732 quod
1503 664 1718 718 univer-

140 764 247 802 sum
273 749 473 803 ratione
503 748 836 815 moderetur,
870 751 1009 806 sicut
1035 752 1150 821 ipse
1176 753 1361 808 mundi
1391 754 1641 809 dominus
1661 764 1718 811 et

139 849 303 895 rector
328 839 378 892 in
405 855 621 894 summo
651 849 756 896 est.
788 841 995 897 Deinde
1024 844 1167 913 quod
1197 859 1387 899 sensus
1418 847 1595 901 omnis
1614 887 1628 911 ,
1661 845 1716 901 id

137 943 212 989 est
238 932 502 998 audiendi,
536 941 594 987 et
633 933 874 1002 videndi,
902 945 955 989 et
982 936 1243 990 odorandi
1271 937 1514 992 ministra
1541 954 1712 994 mem-

138 1024 220 1078 bra
239 1024 286 1077 in
304 1025 482 1094 capite
501 1025 614 1078 sint
635 1025 830 1091 locata,
857 1041 1082 1095 quorum
1114 1028 1353 1082 omnium
1383 1029 1481 1082 viae
1510 1045 1614 1084 non
1646 1029 1712 1084 ad

136 1128 331 1188 pectus,
363 1118 458 1174 sed
487 1118 554 1172 ad
577 1120 862 1174 cerebrum
893 1120 1068 1175 ferant
1094 1139 1106 1173 :
1133 1122 1333 1192 alioqui
1363 1137 1586 1179 necesse
1613 1138 1713 1179 nos

134 1221 259 1266 esset
285 1211 481 1266 tardius
509 1213 746 1274 sentire,
774 1214 950 1267 donec
993 1215 1258 1268 sentiendi
1291 1215 1519 1270 facultas
1548 1217 1711 1285 longo

133 1305 304 1358 itinere
321 1318 414 1373 per
436 1303 640 1359 collum
670 1303 735 1357 ad
763 1315 948 1373 pectus
975 1320 1144 1374 usque
1171 1306 1542 1360 descenderet.
1565 1307 1602 1361 Ii
1622 1323 1711 1362 ve-

131 1411 183 1450 ro
207 1404 290 1449 aut
316 1411 418 1450 non
446 1383 708 1464 multum,
741 1409 833 1451 aut
860 1398 1091 1453 fortasse
1117 1415 1222 1452 non
1250 1407 1454 1454 errant.

193 1487 400 1544 Videtur
419 1488 564 1543 enim
588 1504 764 1555 mens,
788 1506 907 1558 quae
925 1491 1258 1545 dominatum
1274 1491 1518 1559 corporis
1539 1499 1705 1560 tenet,

129 1584 172 1636 in
197 1596 394 1637 summo
421 1582 600 1653 capite
620 1585 938 1645 constituta,
967 1595 1238 1654 tamquam
1270 1585 1326 1640 in
1346 1587 1488 1640 coelo
1516 1585 1660 1640 Deus
1690 1603 1704 1639 :

126 1675 206 1730 sed
229 1691 342 1730 cum
371 1680 423 1729 ln
450 1675 636 1742 aliqua
662 1675 732 1730 sit
760 1676 1102 1745 cogitatione,
1145 1692 1450 1732 commeare
1476 1676 1542 1731 ad
1577 1691 1704 1745 pec-

1822 570 1900 626 vis
1928 573 2082 644 longe
2101 575 2311 647 lateque
2329 577 2593 635 summota
2621 584 2747 650 sint,
2776 583 2830 639 in
2856 597 3146 656 conSpectu
3173 591 3274 647 sibi
3299 591 3416 662 ipse

1818 667 2128 723 constituat.

1889 760 1957 814 Et
1977 749 2210 818 miratur
2233 764 2444 834 aliquis,
2478 767 2524 822 si
2551 767 2730 824 divina
2757 785 2911 827 mens
2939 772 3031 828 Dei
3061 789 3158 846 per
3187 777 3408 834 univer-

1817 865 1906 907 sas
1948 855 2132 910 mundi
2175 867 2357 927 partes
2386 860 2588 915 intenta
2620 862 2910 933 discurrit,
2943 875 2997 922 et
3043 870 3223 924 omnia
3255 873 3414 942 regit,

1816 946 1996 998 omnia
2040 949 2348 1002 moderatur
2374 991 2388 1016 ,
2433 952 2628 1020 ubique
2669 969 2931 1023 praesens,
2962 958 3156 1030 ubique
3185 961 3409 1030 diffusa;

1814 1050 1936 1090 cum
1975 1049 2116 1094 tanta
2147 1041 2216 1094 sit
2259 1041 2337 1094 vis
2379 1058 2440 1097 ac
2481 1053 2717 1113 potestas
2750 1048 2944 1103 utentis
2989 1051 3234 1108 humanae
3271 1055 3409 1112 intra

1815 1130 2044 1184 mortale
2083 1146 2282 1201 corpus
2330 1134 2550 1189 inclusa:
2579 1147 2636 1191 ut
2665 1154 2732 1192 ne
2771 1141 2936 1208 septis
2975 1142 3191 1211 quidem
3233 1148 3413 1216 gravis

1815 1218 1974 1288 hujus
2000 1238 2063 1276 ac
2091 1224 2220 1293 pigri
2251 1232 2512 1292 Corporis,
2543 1232 2624 1283 cui
2655 1231 2870 1300 alligata
2901 1243 3003 1299 est,
3029 1238 3268 1292 coerceri
3300 1239 3410 1295 ullo

1813 1322 1970 1380 pacto
1992 1317 2192 1384 possit,
2224 1320 2511 1385 quominus
2539 1321 2638 1376 sibi
2673 1323 2896 1378 liberam
2925 1329 3152 1396 vagandi
3186 1329 3410 1386 faculta-

1813 1410 1950 1466 tem,
1999 1407 2195 1474 quietis
2248 1407 2567 1477 impatiens,
2626 1413 2922 1484 largiatur?
2970 1416 3097 1474 Sive
3137 1419 3407 1490 igitur‘in

1809 1496 1984 1564 capite
2015 1511 2164 1551 mens
2193 1497 2414 1566 habitat,
2446 1501 2559 1556 sive
2591 1503 2640 1556 in
2667 1517 2905 1572 pectore,
2940 1517 3186 1576 potestne
3208 1513 3401 1582 aliquis

1807 1589 2264 1657 comprehendere
2287 1633 2302 1657 ,
2348 1609 2466 1660 «pta:
2495 1597 2572 1649 vis
2603 1599 2827 1654 rationis
2858 1601 3094 1669 efﬁciat,
3125 1613 3183 1658 ut
3209 1620 3402 1664 sensus

1809 1677 1902 1732 ille
1925 1679 2480 1749 incomprehensibilis
2498 1700 2587 1740 aut
2615 1689 2666 1742 in
2689 1691 2917 1745 medulla
2940 1695 3147 1750 cerebri
3176 1697 3398 1768 haereat,

125 1775 214 1832 tus,
240 1777 290 1821 et
313 1767 462 1836 quasi
489 1766 556 1820 ad
579 1775 852 1821 secretum
879 1767 1096 1838 aliquod
1121 1767 1393 1836 penetrale
1421 1767 1697 1834 secedere,
1729 1773 1777 1832 Β
1805 1778 1896 1823 aut
1944 1771 1993 1823 itt
2045 1771 2139 1826 illo
2182 1776 2441 1845 sanguine
2483 1777 2754 1846 bipartito,
2805 1783 2894 1852 qtti
2946 1795 3030 1839 est
3070 1787 3306 1843 inclusus
3345 1766 3400 1847 in

124 1867 170 1910 ut
206 1857 471 1912 consilium
495 1899 511 1922 ,
546 1864 823 1927 tamquam
856 1872 926 1912 ex
959 1857 1212 1912 thesauro
1257 1857 1535 1912 recondito
1558 1899 1573 1923 ,
1599 1857 1693 1912 eli-

119 1951 210 2004 ciat
231 1964 288 2004 ac
312 1947 581 2019 proferat;
623 1948 854 2019 ideoque
883 1963 1005 2004 cum
1035 1948 1227 2004 intenti
1255 1949 1320 2001 ad
1347 1947 1692 2018 cogitandum

119 2056 298 2108 sumus,
325 2051 378 2098 et
407 2058 531 2096 cum
557 2057 719 2097 mens
747 2051 1005 2112 occupata
1048 2042 1099 2096 in
1128 2041 1292 2097 altum
1321 2057 1381 2098 se
1404 2041 1689 2108 abdiderit,

117 2148 266 2203 neque
305 2133 489 2188 audire
513 2149 642 2203 qum
680 2134 1102 2197 circumsonant,
1136 2148 1310 2203 neque
1339 2133 1542 2199 videre,
1571 2149 1691 2203 qua:

115 2225 322 2290 obstant,
368 2225 632 2280 solemus.
669 2225 726 2278 Id
775 2239 906 2279 vero
937 2226 1054 2278 sive
1083 2225 1152 2278 ita
1182 2232 1288 2288 est,
1315 2223 1687 2278 admirandum

115 2317 329 2385 profecto
352 2328 452 2383 est,
484 2316 764 2388 quomodo
792 2317 843 2371 id
869 2319 976 2379 fiat,
1002 2332 1122 2370 cum
1145 2315 1209 2370 ad
1236 2327 1423 2385 pectus
1446 2331 1511 2370 ex
1540 2331 1692 2371 cere-

114 2408 194 2462 bro
216 2409 407 2463 uullum
437 2410 540 2464 iter
568 2417 774 2479 pateat.
806 2408 900 2463 Sin
924 2417 1103 2462 autem
1139 2424 1243 2461 non
1273 2417 1356 2462 est
1388 2409 1479 2472 ita,
1510 2419 1687 2464 tamen

114 2499 428 2555 nihilominus
447 2500 834 2555 admirandum
864 2511 968 2565 est,
1000 2499 1141 2569 quod
1162 2499 1338 2553 divina
1372 2499 1554 2554 nescio
1585 2517 1687 2571 qua

111 2591 287 2644 ratione
333 2590 450 2657 fiat,
487 2602 544 2645 ut
587 2592 662 2644 ita
709 2606 830 2647 esse
859 2592 1123 2646 videatur.
1167 2591 1249 2646 Att
1293 2601 1467 2659 potest
1492 2593 1688 2663 aliquis

110 2693 198 2732 non
225 2679 492 2746 admirari,
525 2680 678 2749 quod
711 2695 903 2736 sensus
927 2680 1021 2736 ille
1050 2680 1204 2735 vivus
1230 2692 1389 2750 atque
1416 2683 1675 2750 coeleSIis,

108 2771 180 2840 qui
214 2788 383 2840 mens,
415 2776 500 2828 Vel
532 2775 752 2828 animus
796 2785 1151 2843 nuncupatur,
1181 2784 1340 2829 tautae
1367 2776 1679 2833 mobilitatis

108 2870 191 2928 est,
219 2873 269 2918 ut
293 2880 357 2919 ne
384 2873 496 2918 tum
527 2865 775 2934 quidem,
804 2880 926 2920 cum
954 2865 1156 2934 sopitus
1181 2875 1285 2932 est,
1309 2867 1673 2937 conquiescat;

110 2965 242 3010 tantae
278 2955 606 3024 celeritatis,
665 2965 723 3012 ut
769 2972 876 3011 uno
928 2959 1187 3028 temporis
1235 2968 1433 3028 puncto
1479 2959 1672 3014 caelum
1700 2951 1747 3015 C

1802 1861 2004 1916 corde?
2028 1878 2091 1917 ac
2123 1880 2226 1919 non
2257 1882 2320 1920 ex
2351 1883 2415 1922 eo
2447 1869 2564 1938 ipso
2597 1871 2834 1942 colligat,
2860 1884 3057 1945 quanta
3084 1878 3154 1933 sit
3181 1881 3272 1935 Dei
3302 1897 3398 1948 po-

1801 1958 1966 2007 testas
1988 1994 2004 2020 ,
2033 1957 2174 2025 quod
2205 1959 2417 2013 animus
2446 1975 2504 2015 se
2537 1962 2708 2031 ipsum
2743 1980 2847 2020 non
2891 1967 3055 2036 videt,
3081 1979 3172 2025 aut
3200 1973 3394 2043 qualis,

1799 2056 1890 2100 aut
1916 2045 2002 2100 ubi
2033 2048 2122 2113 sit;
2141 2064 2239 2105 nec
2256 2050 2299 2104 si
2318 2051 2513 2118 videat,
2534 2063 2709 2111 tamen
2745 2060 3048 2130 perSpicere
3069 2066 3260 2134 possit,
3289 2083 3397 2138 quo

1800 2149 1955 2206 pacto
1977 2139 2052 2194 rei
2084 2143 2352 2210 corporali
2381 2160 2466 2199 res
2495 2147 2847 2218 incorporalis
2876 2153 3123 2222 adjuncta
3143 2158 3237 2212 sit?
3265 2158 3392 2217 Sive

1797 2231 1955 2283 etiam
2000 2233 2194 2287 mentis
2225 2235 2373 2289 locus
2400 2239 2578 2302 nullus
2609 2251 2719 2306 est,
2751 2245 2843 2298 sed
2873 2260 2968 2314 per
2997 2257 3162 2303 totum
3193 2265 3391 2322 corpus

1792 2337 1978 2390 sparsa
2007 2324 2292 2391 discurrit,
2321 2329 2462 2395 quod
2492 2341 2547 2385 et
2577 2332 2692 2387 fieri
2719 2345 2918 2403 potest,
2949 2347 3002 2393 et
3026 2355 3056 2395 a
3083 2340 3391 2402 Xenocrate

1793 2411 2028 2467 Platonis
2055 2415 2319 2485 discipulo
2361 2419 2691 2490 disputatum
2721 2436 2803 2481 est
2828 2468 2842 2493 ,
2885 2427 3148 2499 siquidem
3194 2450 3387 2492 sensus

1793 2504 1843 2556 in
1876 2507 2111 2575 qualibet
2143 2518 2293 2577 parte
2339 2514 2583 2581 corporis
2615 2527 2812 2584 praesto
2859 2531 2976 2584 est,
3013 2538 3113 2578 nec
3142 2526 3268 2595 quid
3317 2528 3390 2583 sit

1792 2612 1942 2651 mens
1967 2599 2088 2662 iata,
2120 2615 2220 2654 nec
2243 2602 2435 2670 qualis,
2468 2605 2688 2676 intelligi
2719 2617 2914 2677 potest,
2947 2627 3068 2667 etnn
3099 2615 3169 2668 sit
3194 2625 3386 2674 natura

1792 2688 1908 2757 ejus
1949 2701 2052 2742 tam
2086 2692 2300 2745 subtilis
2327 2708 2389 2746 ac
2420 2698 2630 2765 tenuis,
2674 2709 2730 2753 ut
2768 2702 2956 2757 solidis
2985 2707 3278 2764 visceribus
3303 2711 3385 2765 in-

1784 2776 1919 2844 fusa,
1954 2781 2092 2845 vivo,
2123 2793 2177 2835 et
2204 2784 2352 2852 quasi
2392 2787 2601 2841 ardenti
2634 2805 2817 2860 sensu,
2845 2797 3101 2852 membris
3128 2801 3385 2860 erunibus

1785 2883 2094 2928 misceatur.

1849 2964 1982 3019 Illud
2013 2976 2191 3023 autem
2221 2983 2369 3036 cave,
2391 2987 2459 3028 ne
2485 2989 2719 3045 unquam
2743 2976 2920 3036 simile
2946 2983 3056 3038 veri
3087 2988 3380 3060 putaveris,

1402 3118 1761 3177 VABIORUM
1801 3122 2032 3180 ΝΟΤᾸΕ.

163 3254 421 3328 Tamquam
448 3258 502 3312 in
529 3273 656 3312 arce
676 3255 924 3311 habitare.
957 3256 1048 3316 Sic
1070 3271 1201 3312 mss.
1227 3255 1263 3310 ‘2
1286 3256 1417 3327 Reg.
1443 3266 1497 3313 et
1517 3256 1674 3312 Cant.

103 3341 198 3380 cum
229 3331 310 3383 cd.
341 3345 473 3398 pene
500 3329 780 3384 Omnibus.
807 3329 934 3383 Mss.
965 3329 1058 3396 ‘25,
1091 3328 1230 3383 inter
1250 3345 1383 3398 quos
1415 3339 1539 3383 sunt
1569 3329 1676 3384 duo

101 3400 442 3468 antiquissimi,
472 3400 683 3454 habent
709 3400 762 3452 in
795 3415 912 3453 arce
936 3401 1164 3468 corporis
1193 3415 1212 3452 :
1235 3400 1326 3454 sed
1350 3415 1670 3470 perperam;

101 3470 327 3542 siquidem
388 3487 495 3528 vox
540 3471 778 3541 corporis
826 3485 953 3525 mox
994 3471 1275 3541 praecessit
1315 3470 1456 3525 linea
1507 3486 1671 3542 supe-

100 3554 221 3596 I'lOl'l.

154 3635 405 3699 Andiendi,
428 3645 475 3691 et
502 3635 734 3702 videndi,
767 3644 814 3688 et
838 3633 1091 3689 odorandi
1115 3633 1348 3688 ministra
1375 3635 1596 3688 membra
1616 3635 1670 3689 in

99 3708 232 3773 capite
251 3707 348 3760 sint
373 3709 565 3762 locata.
602 3705 663 3760 In
692 3707 861 3760 tribus
879 3721 1009 3761 mss.
1030 3721 1140 3761 rec.
1169 3717 1222 3760 et
1243 3705 1493 3760 omnibus
1509 3707 1668 3760 editis

97 3774 256 3848 legitur
287 3790 421 3833 sunt.
458 3778 514 3832 In
544 3778 770 3847 optimis
803 3792 932 3848 mss.
967 3775 1134 3846 Regio
1157 3807 1173 3817 -
1194 3775 1314 3848 Put.
1342 3779 1566 3848 aliisque
1600 3777 1666 3832 15

94 3846 210 3920 sint;
237 3863 396 3904 recte.
439 3846 598 3905 Vide
626 3847 985 3920 praecedentia
1006 3888 1022 3914 ,
1063 3849 1200 3918 quod
1230 3846 1500 3902 haberet...
1529 3848 1667 3917 quod

95 3918 366 3974 moderetur.

152 4011 244 4063 Sed
268 4029 380 4066 cum
407 4013 460 4067 in
489 4012 671 4079 aliqua
699 4012 765 4066 rit
790 4011 1111 4082 cogitatione.
1138 4009 1214 4082 Ita
1243 4009 1452 4067 reStitui
1483 4025 1549 4065 ex
1572 4025 1669 4064 an-

95 4078 371 4153 tiquissimis
385 4098 516 4140 mss.
536 4078 884 4152 Regio-Pati,
907 4083 1138 4146 Bonon.,
1155 4080 1316 4137 Caue.
1336 4083 1561 4153 aliisque
1578 4082 1663 4136 16.

92 4149 136 4229 lu
161 4152 316 4234 5.rec.
345 4165 399 4210 et
420 4149 665 4226 vulgatis
691 4163 775 4210 est
796 4194 812 4220 ,
838 4153 927 4208 sed
954 4153 1160 4224 quando
1187 4155 1241 4207 in
1272 4155 1446 4224 aliqua
1477 4149 1547 4208 3n
1581 4169 1668 4207 co-

91 4231 322 4289 gitatione.

148 4315 395 4388 secedere.
438 4318 534 4374 Sic
561 4318 779 4388 reposui
807 4333 872 4373 ex
901 4317 1109 4373 cunctis
1154 4333 1284 4374 mss.
1313 4327 1369 4374 et
1394 4317 1665 4374 veteribus

88 4384 240 4441 editis.
269 4389 321 4443 ln
350 4391 382 4444 ὅ
405 4384 644 4461 vulgatis
673 4405 782 4444 rec.
815 4399 918 4456 est,
951 4389 1146 4443 cedere.

147 4479 260 4531 Cum
293 4481 359 4533 ad
400 4492 578 4549 pectus
607 4497 670 4533 ea:
693 4479 914 4545 cerebro,
935 4491 1034 4535 etc.
1072 4480 1236 4549 Ergo,
1267 4479 1507 4534 Laclanti
1531 4523 1545 4547 ,
1576 4489 1665 4534 tua

85 4562 307 4622 censura,
331 4553 670 4622 Pythagoras
702 4554 857 4620 longe
891 4553 1194 4611 aberravit,
1225 4553 1311 4620 qui
1342 4552 1534 4604 attinnt:
1564 4556 1662 4605 itit-

87 4621 215 4680 perio
241 4621 398 4686 fines,
427 4639 524 4676 seu
559 4623 818 4676 terminos
845 4637 940 4675 cor
964 4635 1016 4676 et
1051 4625 1330 4676 cerebrum
1359 4625 1657 4676 constituit.

87 4687 209 4745 Deus
235 4695 453 4762 spiritus
477 4702 607 4758 est;
637 4708 789 4746 tuens
817 4692 1056 4746 divinum
1085 4693 1334 4761 quiddam
1376 4706 1479 4746 eSt.
1508 4693 1660 4748 Unde

85 4763 320 4835 sequitur,
367 4774 606 4818 mentem
653 4778 749 4818 seu
787 4764 1022 4818 animam
1048 4778 1168 4817 esse
1192 4765 1482 4835 ἀσώματον.
1516 4763 1660 4833 Ergo

85 4832 559 4902 circumscriptione
605 4835 845 4888 locorum
883 4849 1036 4888 tuens
1065 4849 1202 4902 opus
1228 4832 1448 4888 minime
1476 4832 1654 4889 habet.

84 4900 238 4956 Taceo
263 4900 394 4972 jatn,
426 4905 576 4973 quod
615 4905 897 4958 cerebrum
941 4900 1135 4958 tuentis
1160 4905 1336 4969 sedes,
1363 4921 1466 4958 non
1500 4905 1658 4958 modo

83 4973 304 5036 spiritum
327 4976 621 5030 animalem
645 4975 717 5028 ita
746 4985 962 5029 tenuem
984 4987 1157 5044 parat,
1192 4986 1247 5028 nt
1273 4977 1436 5030 rebus
1462 4975 1656 5029 divinis

82 5047 386 5113 exequendis
411 5047 483 5099 sit
515 5047 744 5099 idoneus
785 5063 798 5097 :
832 5045 926 5100 sed
967 5045 1125 5100 etiam
1173 5061 1427 5100 sensuum
1461 5048 1658 5100 instru-

82 5127 239 5184 menta
269 5133 360 5182 per
377 5132 598 5177 nervos,
621 5116 780 5169 veluti
803 5131 898 5184 per
911 5115 1178 5171 funicttlos
1200 5116 1488 5170 distribuit.
1513 5117 1658 5172 Utri-

82 5181 195 5236 ltbet
220 5181 408 5257 anima:
437 5189 578 5257 parti
611 5203 717 5240 llOlI
761 5181 954 5241 sensus
983 5189 1144 5241 modo
1175 5195 1362 5255 parent
1386 5187 1607 5241 dictanti
1638 5206 1651 5242 ε

79 5257 159 5326 sed
185 5256 248 5309 ad
279 5256 515 5325 ipsarum
545 5266 732 5311 nutum
759 5273 948 5312 omnes
976 5259 1218 5326 corporis
1265 5257 1534 5326 particula:
1563 5274 1657 5312 ex-

79 5325 244 5380 cubias
281 5337 466 5395 agunt,
495 5329 706 5396 jussutn
747 5325 1117 5396 expectantes.
1147 5325 1276 5382 Nam
1303 5329 1349 5382 si
1390 5330 1652 5394 voluntas,

82 5396 122 5443 id
148 5408 408 5469 estrectze
435 5399 665 5452 rationis
699 5398 966 5469 dictatnen
995 5399 1194 5469 aliquid
1241 5399 1425 5453 videre
1446 5401 1652 5466 jubeat,

81 5474 190 5537 tunc
221 5468 268 5521 in
301 5478 553 5537 promptu
583 5471 860 5524 oculorum
890 5468 1127 5524 officium
1153 5478 1254 5523 est.
1286 5469 1487 5523 Eadem
1518 5473 1654 5524 ratio

79 5535 122 5585 in
136 5535 333 5594 caeteris
349 5535 569 5610 quoque
587 5555 842 5593 sensuum
858 5542 1095 5611 organis,
1109 5541 1349 5606 artubus,
1373 5551 1424 5595 et
1445 5541 1654 5597 ctctcris

78 5611 314 5664 tttcmhris
343 5621 448 5666 est.
483 5611 811 5666 BETULEIUS.

141 5698 420 5777 Sin‘agtem
443 5711 650 5777 non_eu
678 5701 771 5758 ita.
798 5701 880 5760 Ex
898 5703 1277 5777 vetustissimis
1302 5717 1434 5760 mss.
1452 5702 1656 5777 Regio-

77 5765 206 5838 Ptn.,
227 5771 262 5826 2
280 5771 520 5846 Bonon.,
536 5769 728 5847 Caua,
759 5782 1072 5851 septemque
1091 5774 1208 5832 aliis
1235 5776 1308 5833 ita
1335 5765 1570 5838 restitui?
1597 5775 1653 5837 In

1786 3264 1996 3354 caeteris
2020 3264 2518 3354 desideranturduo
2540 3285 2780 3354 extrema
2812 3282 2996 3354 verba,
3029 3289 3080 3344 in
3109 3297 3380 3354 nonnullis

1785 3334 2048 3424 ultimum,
2075 3337 2351 3395 dumtaxat
2380 3345 2476 3424 ain
2518 3350 2813 3424 vet._editis

1781 3408 1952 3503 eunte
1977 3448 1992 3472 ,
2027 3408 2121 3461 hoc
2166 3421 2351 3503 tamen.
2381 3413 2446 3468 At
2479 3432 2578 3471 ms.
2613 3419 2848 3503 Bevusat

1777 3486 1945 3598 gultent
1995 3495 2096 3533 non
2123 3491 2218 3547 est,
2276 3500 2365 3538 nec
2411 3497 2578 3542 tamen
2633 3492 2962 3552 nihilominus
3015 3486 3376 3565 adnare—indidi;

1807 3564 1829 3598 δ
1857 3585 1871 3597 .

1807 3564 1871 3599 δι.

1989 3647 2259 3735 ιμςνξξῖμιξςι
2283 3649 2493 3735 animus
2522 3666 2864 3735 nuncupatur.
2897 3659 3040 3735 Ergo
3064 3680 3161 3735 pro
3181 3673 3372 3730 eodem

1774 3712 1972 3808 accipit
1998 3712 2303 3808 hactantli‘us
2333 3732 2594 3808 mentem,
2627 3712 3376 3808 egotmuﬁfSic'séBSYiii

1774 3785 1974 3870 cretitts
2011 3785 2064 3870 ip
2093 3801 2146 3839 tu
2169 3789 2322 3870 λιξεῆ
2352 3791 2404 3843 in
2437 3785 2624 3849 Somn.
2657 3797 2827 3867 Scip.,
2860 3801 2947 3855 ubi
2975 3785 3240 3867 viden-diis

1772 3853 1987 3906 crohins
2015 3853 2069 3906 d.
2106 3870 2154 3910 c.
2189 3855 2271 3910 14.
2308 3859 2490 3916 Ιεευε.

1857 3920 1960 3976 Vis.
1985 3923 2038 3977 ln
2064 3942 2163 3980 ms.
2194 3927 2346 3993 Bov.,
2369 3933 2544 3988 virtus.

1844 4011 2215 4102 ,ἔφθιται-δίίὶ
2238 4035 2338 4074 ms.
2365 4021 2496 4102 Bo‘v.
2525 4025 2857 4102 aliiilligola,
2888 4037 3064 4097 minus
3092 4053 3260 4102 recte.

2287 4109 2386 4181 llis:
2418 4094 2681 4181 Domuum

1772 4155 2249 4258 :thlnEl:la.flllus
2272 4162 2472 4258 bet.
2505 4155 3368 4258 3.1103.qu‘ét'nBi'Jtif'séﬁ'Jéi:

1775 4227 2251 4322 ﬂagitiosis:
2267 4232 2388 4322 qua
2406 4239 2576 4322 modo.
2610 4241 2698 4296 Sic
2728 4227 3108 4322 ϐοιξιῖξιζῖβξξ,
3132 4227 3366 4319 mm}:

1771 4295 1913 4400 Editi
1961 4308 2087 4400 andte
2114 4301 2437 4400 tleIllttrittttt,
2481 4311 2586 4362 ullo
2615 4295 2800 4379 pacto:

1771 4367 1894 4457 quia
1926 4369 2087 4457 m'od‘o
2123 4374 2269 4457 intra.
2283 4367 2571 4457 sequitan
2596 4367 2694 4457 otto
2724 4367 3094 4454 pocio.
3115 4367 3368 4457 $36131

1771 4439 2019 4522 pia'llt.‘ltl
2046 4441 2181 4522 Ven.
2210 4439 2758 4522 147i,:93,97.'Pier.
2787 4439 3113 4522 nullm-iiii};

1841 4507 2097 4564 Inclusus.
2127 4512 2182 4568 In
2214 4531 2314 4570 ms.
2343 4507 2499 4583 Bov.,,
2527 4507 2747 4591 infusus.

1833 4601 2315 4693 nitimttsseipaum
2335 4612 2616 4693 tionquidel,
2647 4630 2750 4670 etc.
2781 4620 3042 4693 Purgatus
3069 4636 3123 4683 et
3147 4630 3363 4690 defeca-

1761 4669 1974 4769 lhoc
2014 4669 2306 4756 secundum
2349 4669 2615 4769 Plotitttttti
2649 4669 3042 4754 poterit-:D-se-d'
3065 4669 3362 4769 ftixut‘awéal:

1761 4741 2010 4808 tholieos,
2042 4747 2217 4801 anima
2245 4763 2276 4802 a
2295 4765 2523 4820 corpore
2543 4741 2732 4811 libera.
2750 4741 2958 4819 Daret:

1833 4832 2056 4923 Qtltod‘et
2075 4837 2387 4923 ﬁeripotest.
2429 4843 2519 4899 Sic
2549 4847 2776 4923 restituo
2801 4868 2865 4907 ex
2899 4835 3196 4923 potioribus
3218 4879 3354 4922 mss.

1757 4903 1928 5027 tee’ti
1964 4903 2167 4976 Graph.
2196 4903 2252 4963 In
2282 4912 2400 4968 aliis
2438 4928 2518 4970 est
2545 4919 2683 4987 quod
2717 4903 2764 4975 et
2792 4903 3196 4992 ét'iain'fit'éitii'

1828 5067 2135 5156 Xenocrate.
2161 5070 2332 5129 Cicer.
2369 5093 2419 5130 tv
2459 5081 2711 5156 Acadent.
2744 5097 2934 5156 qumst.
2972 5094 3146 5150 varias
3181 5100 3359 5154 vario-

1758 5153 2578 5235 rumusetttcnttas“enuttterans
2622 5172 2633 5206 :
2672 5153 2773 5235 An:
2805 5161 3034 5235 (inquit)
3074 5177 3127 5220 ut
3171 5153 3354 5223 Xeno-

1969 5229 2108 5305 mens
2138 5216 2280 5305 nullo
2308 5234 2536 5305 carpare,
2587 5229 2723 5305 quod
2754 5216 2969 5302 inielligi
3001 5216 3153 5305 quaie

1757 5291 1947 5375 plot-ist,
1958 5355 1967 5375 =
1985 5294 2088 5375 etc.
2104 5355 2126 5375 ρ
2138 5283 2404 5375 (Ia-terunt
2434 5283 2752 5375 .Xenoct‘atis
2793 5283 3352 5375 argtl‘ittevttttft'n:

1755 5349 2006 5406 Nemesin
2037 5355 2290 5425 refertur,
2319 5370 2403 5414 est
2434 5365 2534 5418 hoc
2564 5382 2576 5419 :

1910 5462 2266 5546 omne‘corpus
2289 5469 2451 5522 alitur.
2473 5475 2643 5526 Anima
2667 5492 2761 5528 non
2784 5481 2956 5546 alitur;

1941 5527 2112 5576 Anima
2136 5527 2302 5592 itaque
2326 5547 2500 5596 corpus
2519 5553 2614 5587 non
2639 5527 2731 5590 est.
2752 5527 2758 5528 ί
2787 5527 2918 5532 ww
2941 5527 2956 5546 ’
2985 5547 3162 5608 Beroe.

1829 5631 2112 5729 gechquia.
2397 5640 2650 5729 ipsa,nnec
2668 5647 2853 5729 qualis.
2887 5649 3084 5729 Addidi
3124 5660 3238 5729 ipsa
3281 5678 3349 5726 ex

1753 5713 2477 5849 ratiffaa.‘:s'a3.f'zt
2501 5713 2846 5849 aesa-
3028 5727 3157 5788 ηοω
3191 5731 3349 5844 δεεστ

1975 5813 1992 5846 ο
2021 5802 2169 5845 ⁸³⁸³⁸⁸9
2203 5802 2390 5851 "nmo.
2421 5802 2477 5844 οι
2501 5802 2588 5844 θα.
2617 5802 2820 5863 urapn.
3273 5802 3296 5810 ⁷
3332 5802 3352 5844 ἰ
