3970 6364
175 346 245 415 Ἷῧ
1379 350 1578 415 LIBER
1622 357 1709 415 DE
1747 355 2041 416 OPIFICIO
2082 358 2209 415 DEI.
3376 363 3445 420 τι

720 476 946 533 CAPUT
998 476 1144 534 XIX.

527 609 605 664 De
631 609 825 675 animo,
860 625 1018 681 eaque
1051 628 1083 664 a
1112 608 1223 667 Deo
1243 613 1384 669 data.

247 745 365 801 lllud
388 758 595 816 quoque
616 744 803 802 venire
822 743 875 799 in
897 745 1252 815 quaestionem
1277 757 1472 817 potest,
1498 759 1746 807 utrumne

180 838 334 894 anima
358 852 419 892 ex
447 845 615 905 patre,
644 852 711 891 an
741 836 915 905 potius
942 852 1009 892 ex
1035 845 1225 904 matre,
1258 853 1325 893 an
1353 856 1484 895 vero
1513 857 1576 897 ex
1600 852 1747 898 utro-

180 947 273 1003 que
287 937 577 1003 generetur.
615 927 723 984 Sed
752 944 853 999 ego
878 928 930 983 id
960 930 1011 983 in
1035 944 1101 985 eo
1125 930 1249 1000 jure
1277 931 1345 987 ab
1371 933 1588 1004 ancipiti
1616 926 1763 991 ven-7

184 1026 306 1081 dico.
333 1022 468 1078 Nihil
494 1022 641 1078 enim
671 1037 735 1077 ex
768 1021 854 1076 his
882 1022 1056 1078 tribus
1081 1038 1267 1079 verum
1294 1034 1397 1093 est,
1428 1027 1547 1096 quia
1572 1044 1745 1097 neque

177 1135 230 1174 ex
257 1126 485 1189 utroque,
509 1132 689 1187 neque
714 1131 780 1172 ex
807 1115 1070 1171 alterutro
1099 1126 1351 1174 seruntur
1374 1120 1589 1175 animae.
1614 1120 1745 1176 Cor-

174 1228 260 1280 pus
274 1211 406 1266 enim
426 1225 492 1265 ex
512 1209 835 1279 corporibus
863 1209 1007 1265 nasci
1034 1218 1228 1279 potest,
1253 1213 1505 1281 quoniam
1531 1210 1743 1267 confer-

174 1312 246 1357 tur
269 1301 458 1373 aliquid
484 1316 551 1357 ex
582 1311 847 1372 utroque;
880 1301 947 1356 de
974 1301 1170 1356 animis
1197 1302 1372 1357 anima
1405 1319 1509 1358 non
1542 1314 1741 1374 potest,

168 1394 279 1464 quia
299 1408 364 1449 ex
388 1408 445 1448 re
472 1392 619 1447 tenui
648 1400 703 1447 et
724 1392 1254 1462 ineomprehensibili
1283 1392 1415 1448 nihil
1447 1406 1621 1464 potest
1645 1396 1743 1450 dc~

170 1485 360 1540 cedere.
393 1482 577 1554 itaque
636 1483 991 1539 serendarum
1045 1484 1347 1539 animarum
1395 1486 1534 1541 ratio
1564 1486 1654 1541 uni
1683 1504 1745 1543 ac

164 1579 257 1633 soli
283 1578 388 1633 Deo
413 1577 685 1648 subjacet.
716 1650 721 1654 θ

358 1691 609 1750 Denique,
636 1689 828 1741 caelesti
852 1704 1021 1742 sumus
1037 1706 1211 1744 omnes
1234 1696 1426 1745 semine
1451 1692 1643 1745 oriundi
1667 1708 1678 1743 :

359 1752 596 1803 Omnibus
619 1752 704 1803 ille
732 1753 863 1802 idem
889 1762 1029 1817 pater
1053 1763 1151 1817 est,

1779 481 1827 539 A
1861 476 2122 546 corporis,
2156 474 2207 529 in
2229 488 2337 546 quo
2364 480 2447 530 est
2466 473 2686 531 materia
2711 474 2987 544 nascendi,
3016 460 3136 531 cum
3163 491 3324 535 sensu
3354 495 3453 536 vo-

1851 571 2069 640 luptatis
2097 571 2328 636 emittat,
2350 569 2434 624 vel
2463 569 2720 640 recipiat;
2751 578 2805 624 et
2835 569 2968 625 citra
2996 568 3099 634 hoc
3125 587 3258 643 opus
3280 572 3445 628 homo

1849 662 2072 727 resistit,
2106 676 2207 717 nec
2233 660 2464 731 amplius
2498 661 2790 731 quidquam
2824 669 3003 732 potest
3032 672 3125 718 :et
3146 662 3270 719 ideo
3293 666 3442 720 nasci

1848 754 1951 809 sibi
1979 754 2122 808 ﬁlios
2161 762 2387 824 optant,
2427 753 2549 823 quia
2579 769 2685 808 non
2719 754 2816 823 ipsi
2846 753 3069 809 faciunt.
3102 755 3309 811 Cmtera
3332 757 3441 827 jam

1849 847 1943 902 Dei
1981 855 2107 901 sunt
2132 846 2312 901 omnia
2333 886 2349 913 ,
2383 844 2589 901 scilicet
2619 854 2912 915 conceptus
2943 846 3084 918 ipse,
3117 857 3173 901 et
3199 849 3443 918 corporis

1851 939 2176 1003 informatio,
2211 948 2262 995 et
2296 937 2579 1007 inspiratio
2600 938 2813 1001 animat,
2839 946 2893 993 et
2922 948 3105 1008 partus
3131 939 3440 1007 incolumis,

1849 1043 1903 1089 et
1935 1049 2288 1104 quaecumque
2332 1033 2591 1102 deinceps
2612 1031 2677 1086 ad
2702 1031 2974 1086 hominem
3012 1033 3441 1088 conservandum

1848 1128 2062 1191 valent;
2088 1127 2232 1182 illius
2255 1142 2451 1183 munus
2475 1136 2553 1181 est
2576 1167 2590 1193 ,
2623 1124 2765 1197 quod
2809 1126 3077 1195 spiramus
3102 1168 3114 1191 ,
3139 1127 3283 1198 quod
3311 1128 3445 1182 vivi-

1850 1235 1991 1285 mus,
2023 1219 2165 1287 quod
2207 1219 2469 1289 vigemus.
2503 1217 2634 1272 Nam
2685 1226 3043 1288 praeterquam
3088 1218 3230 1289 quod
3274 1219 3444 1288 ipsius

1849 1309 2114 1365 beneﬁcio
2144 1303 2442 1365 ineulumes
2471 1324 2657 1364 sumus
2688 1325 2916 1378 corpore
2946 1352 2960 1375 ,
2993 1319 3046 1366 et
3072 1292 3213 1381 quod
3245 1311 3444 1367 victum

1851 1403 2006 1460 nobis
2023 1419 2087 1459 ex
2110 1403 2276 1458 variis
2297 1403 2461 1457 rebus
2484 1402 2877 1465 subministrat,
2894 1403 3214 1472 sapientiam
3232 1420 3446 1474 quoque

1849 1495 2054 1551 homini
2083 1497 2292 1563 tribuit,
2312 1511 2469 1566 quam
2508 1505 2755 1549 terrenus
2785 1504 2937 1564 pater
2952 1494 3080 1550 dare
3104 1496 3252 1551 nullo
3281 1496 3443 1552 modo

1848 1598 2049 1660 potest.
2086 1588 2317 1659 Ideoque
2344 1598 2399 1642 et
2426 1588 2494 1643 de
2520 1589 2853 1658 sapientibus
2878 1589 3025 1643 stulti
3049 1631 3063 1655 ,
3090 1598 3145 1644 et
3174 1589 3242 1645 de
3268 1591 3446 1646 stultis

1848 1682 2121 1752 sapientes
2151 1695 2296 1749 saepe
2327 1689 2653 1744 nascuntur;
2686 1679 2827 1748 quod
2858 1679 3073 1749 quidam
3106 1680 3213 1734 fatu
3235 1724 3248 1748 ,
3280 1697 3342 1737 ac
3370 1683 3444 1736 si-

1847 1774 2069 1830 deribus
2097 1775 2393 1844 assignant.
2418 1773 2523 1828 Sed
2545 1788 2654 1826 non
2679 1782 2763 1826 est
2786 1789 2927 1829 nunc
2949 1773 3097 1828 locus
3113 1773 3181 1828 de
3203 1774 3312 1828 fato
3339 1774 3449 1829 dis-

165 1869 216 1915 ut
238 1860 306 1914 ait
324 1859 627 1916 Lucretius.
652 1858 783 1914 Nam
807 1859 874 1915 de
904 1862 1226 1918 mortalibus
1256 1878 1361 1918 non
1389 1870 1566 1933 potest
1585 1862 1739 1933 quid-
1768 1877 1817 1937 Β
1847 1863 2088 1921 serendi.
2124 1863 2238 1918 Hoc
2265 1863 2449 1918 dicere
2476 1863 2608 1917 satis
2633 1872 2751 1927 est,
2781 1861 2925 1931 quod
2951 1863 3165 1917 etiamsi
3189 1871 3334 1918 astra
3363 1863 3446 1920 ef-

160 1970 305 2023 quam
330 1954 427 2009 nisi
458 1953 700 2010 mortale
720 1955 994 2024 generari.
1024 1954 1134 2010 Nec
1170 1956 1344 2026 putari
1371 1963 1525 2027 pater
1544 1955 1733 2021 debet,

162 2047 241 2117 qui
270 2046 642 2113 transfudisse,
666 2054 760 2100 aut
788 2047 1081 2116 inSpirasse
1111 2048 1344 2101 animam
1378 2047 1445 2101 de
1468 2062 1566 2102 suo
1592 2048 1738 2102 nullo

162 2140 308 2195 modo
347 2141 541 2203 sentit;
603 2155 726 2205 nec,
781 2139 827 2193 si
854 2140 1077 2204 sentiat,
1138 2139 1353 2210 quando
1404 2148 1740 2208 tamen,aut

156 2234 403 2303 quomodo
432 2234 483 2289 id
511 2234 626 2299 ﬁat,
657 2232 816 2288 habet
838 2234 1022 2287 animo
1048 2234 1521 2302 comprehensum.

220 2326 288 2380 Ex
325 2341 428 2396 quo
477 2334 730 2397 apparet,
763 2339 868 2379 non
916 2340 944 2377 a
1001 2325 1313 2393 parentibus
1343 2324 1459 2380 dari
1490 2325 1735 2392 animas,

158 2414 241 2469 sed
265 2416 327 2472 ab
355 2430 459 2471 uno
488 2415 798 2485 eodemque
824 2416 1071 2470 omnium
1109 2416 1220 2471 Deo
1238 2426 1413 2485 patre,
1443 2416 1533 2486 qui
1564 2415 1739 2487 legem

153 2506 497 2577 rationemque
518 2506 782 2562 nascendi
809 2515 957 2561 tenet
978 2507 1150 2570 solus,
1182 2506 1451 2577 siquidem
1484 2507 1631 2562 solus
1656 2506 1736 2564 ef-

152 2598 265 2654 ﬁcit.
291 2599 417 2656 Nam
437 2600 647 2656 terreni
671 2600 910 2671 parentis
942 2600 1073 2655 nihil
1096 2609 1199 2667 est,
1230 2602 1334 2657 nisi
1367 2611 1424 2657 ut
1450 2601 1732 2677 humorem

1841 1956 2129 2012 ﬁcientiam
2160 1971 2337 2011 rerum
2356 1954 2653 2017 continent,
2690 1954 3037 2008 nihilominus
3062 1969 3090 2007 a
3124 1954 3235 2009 Deo
3262 1956 3443 2010 omnia

1843 2048 1960 2104 ﬁeri
1992 2056 2200 2103 certum
2225 2055 2343 2113 est,
2368 2049 2458 2117 qui
2488 2055 2631 2101 astra
2658 2046 2771 2115 ipsa
2800 2055 2851 2101 et
2884 2045 3008 2101 fecit
3031 2089 3045 2113 ,
3074 2055 3128 2101 et
3149 2047 3440 2103 ordinavit.

1843 2139 2015 2210 Inepti
2037 2155 2170 2208 ergo
2197 2179 2214 2205 ,
2256 2139 2344 2208 qui
2373 2137 2511 2192 hanc
2557 2145 2876 2207 potestatem
2904 2138 3016 2193 Deo
3044 2137 3360 2205 detrahunt,
3391 2149 3446 2195 et

1828 2234 1993 2302 .operi
2025 2232 2144 2301 ejus
2173 2230 2494 2286 attribuunt.

1918 2322 2033 2377 Hoc
2060 2323 2221 2393 igitur
2250 2323 2340 2376 Dei
2372 2336 2597 2376 munere
2618 2320 2826 2377 cmicsti
2851 2329 3013 2390 atque
3034 2320 3299 2391 prteclaro
3326 2362 3341 2388 ,
3372 2338 3441 2377 an

1847 2426 2084 2480 utamur,
2113 2430 2179 2468 an
2210 2430 2315 2469 non
2342 2424 2589 2478 utamur,
2622 2413 2675 2466 in
2700 2420 2883 2468 nostra
2908 2427 3031 2469 esse
3058 2413 3229 2468 voluit
3260 2422 3446 2483 potes-

1849 2517 1979 2564 tate.
2005 2507 2119 2563 Hoc
2139 2507 2282 2562 enim
2314 2520 2595 2572 concesso,
2626 2505 2800 2575 ipsum
2826 2503 3098 2560 hominem
3121 2504 3340 2562 virtutis
3360 2519 3445 2559 sa-

1842 2613 2120 2660 cramento
2151 2599 2414 2672 religavit,
2437 2615 2544 2670 quo
2566 2599 2730 2654 vitam
2758 2605 2942 2669 posset
2966 2598 3213 2669 adipisci.
3243 2598 3435 2670 Magna

1463 2743 1825 2802 VARIORUM
1854 2744 2084 2801 ΝΟΤᾸΞ.

215 2879 314 2936 Sed
327 2898 424 2954 ego
444 2882 499 2935 id
516 2883 569 2936 in
593 2897 657 2937 eo
669 2883 791 2954 jure
814 2882 879 2937 ab
893 2882 1108 2954 ancipiti
1132 2882 1361 2954 vendieo.
1380 2881 1587 2954 Italus.
1602 2882 1732 2936 Bov.

149 2953 287 3024 quasi
308 2952 451 3006 dicas
486 2971 498 3006 :
529 2954 601 3007 At
635 2952 727 3024 ego
765 2954 819 3007 in
839 2970 893 3007 re
913 2953 1067 3007 dubia
1097 2962 1144 3006 et
1174 2952 1392 3019 ancipiti
1412 2953 1467 3024 id
1486 2952 1734 3024 judican-

154 3023 260 3075 dum
283 3032 400 3093 puto
419 3064 436 3089 ,
469 3024 609 3078 nihil
657 3022 721 3078 ex
749 3024 827 3077 Itis
854 3024 1013 3079 tribus
1049 3039 1220 3078 verum
1264 3040 1389 3077 esse.
1423 3022 1635 3093 Vulgati
1664 3023 1734 3077 ita

152 3092 512 3167 scri_huut,_s_ed
541 3110 642 3167 ego
663 3094 717 3147 id
737 3112 847 3148 meo
868 3096 989 3166 jure
1017 3094 1081 3149 ab
1102 3094 1317 3162 ancipiti
1331 3092 1575 3159 vettdico;
1595 3092 1735 3165 quod

152 3164 337 3218 nullum
367 3164 535 3220 efﬁcit
568 3164 820 3220 sensum.

217 3253 358 3310 Nihil
382 3273 445 3310 ea:
468 3257 550 3310 Itis
583 3257 751 3311 tribus
776 3273 948 3312 rerum
974 3268 1067 3313 est.
1101 3256 1266 3313 Vides
1294 3258 1344 3312 in
1378 3265 1489 3312 toto
1520 3256 1623 3312 hoc
1651 3272 1743 3315 ca-

152 3326 251 3393 pite
295 3328 472 3397 negari
519 3327 724 3382 animte
780 3343 874 3395 per
928 3328 1203 3383 traducem
1252 3329 1737 3397 propagationem:

155 3397 281 3468 unde
306 3395 492 3452 falsum
517 3408 631 3467 est,
659 3398 806 3468 quod
853 3398 1099 3454 Rufﬁnus
1127 3395 1270 3468 apud
1320 3395 1540 3453 Hieron.
1578 3399 1672 3453 lib.
1703 3415 1739 3454 tt

152 3467 259 3521 adv.
282 3467 577 3534 Rufﬁnum,
609 3467 870 3540 scripsit:
902 3468 1028 3540 Legi
1058 3467 1305 3537 quosdam
1331 3471 1572 3533 dicentes,
1604 3470 1742 3539 quod

156 3541 326 3606 pariter
347 3556 461 3593 cum
484 3556 710 3609 corpore
727 3556 815 3605 per
837 3539 1049 3594 humani
1061 3541 1291 3610 corporis
1309 3540 1572 3594 traducem
1589 3542 1741 3594 etiam

151 3610 316 3680 auium
326 3610 724 3680 diffundantur,
746 3621 792 3663 et
815 3611 946 3673 lucc,
964 3612 1413 3680 quibuspoterant.
1435 3610 1743 3664 adsertioni-

154 3678 233 3732 bus
254 3678 653 3747 conﬁrmabant.
682 3681 821 3748 quod
846 3691 968 3751 puto
981 3683 1112 3736 inter
1133 3679 1347 3735 Latinos
1371 3679 1742 3735 Tertullianum

154 3752 373 3806 sensisse
393 3792 409 3813 ,
434 3754 514 3806 uel
544 3751 890 3807 Lactantiutn
926 3752 1189 3818 fortasse,
1216 3762 1263 3806 et
1287 3752 1561 3806 nonnullos
1586 3752 1737 3807 alios.

153 3817 351 3876 Rectius
374 3821 748 3894 Hieronymus
777 3822 975 3878 refutat
994 3817 1266 3877 Rulﬁnum
1298 3840 1311 3875 :
1346 3822 1739 3894 Quantumme-

154 3894 299 3964 moria
327 3894 555 3964 suggerit
580 3934 600 3961 ,
633 3893 732 3946 nisi
758 3902 927 3947 tamen
956 3894 1132 3964 fallor,
1174 3894 1344 3948 nescio
1370 3935 1384 3957 ,
1418 3909 1495 3946 me
1523 3893 1703 3963 legisse
1722 3934 1737 3958 ,

152 3960 467 4040 Lactantiqu
500 3965 910 4040 σρσπειρομένηγ
934 3960 1029 4040 (al.
1050 3980 1113 4018 ea:
1138 3963 1358 4040 traduce
1377 3960 1598 4040 factum)
1628 3964 1739 4017 ani-

149 4049 272 4104 ntam
295 4034 480 4089 dicere.
512 4033 792 4089 Canter'utii
819 4036 906 4103 qui
928 4034 1110 4104 legisse
1134 4045 1181 4088 te
1205 4033 1406 4099 scribis,
1435 4034 1538 4098 dic,
1563 4033 1616 4086 in
1642 4049 1741 4103 quo

149 4102 265 4156 libro
292 4105 493 4174 legeris,
526 4122 595 4159 ne
629 4114 682 4158 ut
711 4121 789 4158 me
815 4102 1173 4169 dormientem,
1203 4106 1278 4159 sic
1304 4106 1453 4158 illum
1482 4102 1740 4158 mortuum

149 4174 479 4230 calumniatus
500 4191 618 4229 esse
637 4175 876 4231 videaris.
891 4174 1156 4246 Lactantii
1178 4175 1489 4246 Opinionem
1514 4189 1742 4242 cognos-

147 4260 228 4317 cis
267 4260 333 4302 ex
373 4261 497 4315 cap.
530 4246 756 4317 {7,7lih.
800 4262 908 4313 vn,
952 4245 1369 4317 Institut.,’cap.
1407 4246 1440 4302 5
1477 4255 1531 4302 et
1576 4246 1668 4302 lib.
1703 4262 1739 4302 ιι

148 4312 395 4385 lnstitut.,
422 4312 547 4387 cap.
587 4316 677 4371 10.
712 4316 847 4372 Βσιι.

210 4409 460 4465 Seruutur
489 4412 707 4466 aninue.
737 4410 834 4466 Ms.
866 4408 1031 4466 Cane.
1059 4420 1117 4469 et
1145 4413 1211 4470 l0
1240 4411 1368 4467 editi
1396 4411 1600 4467 addunt
1625 4427 1741 4466 cor-

147 4480 360 4545 poribus,
388 4482 539 4550 quod
562 4482 748 4537 caeteri
774 4493 1054 4551 respuunt,
1079 4484 1217 4538 sicut
1244 4492 1298 4538 et
1318 4498 1447 4538 mss.
1478 4483 1738 4538 Francius

144 4552 289 4622 forte,
320 4551 648 4607 inseruntur.
678 4552 778 4608 Ms.
811 4552 956 4621 Lips.
990 4562 1227 4608 seruntur
1253 4556 1426 4607 animo
1451 4564 1500 4609 et
1531 4571 1737 4622 corpus.

143 4649 207 4659 -—
229 4620 358 4687 Quia
384 4639 671 4693 neque.....
698 4620 954 4678 Seruntur
996 4626 1201 4679 animle.
1246 4624 1530 4693 Quaeritur,
1566 4620 1743 4679 utrum

144 4693 307 4746 anima
335 4694 404 4747 sit
442 4692 511 4749 ex
548 4692 800 4758 traduce,
831 4694 885 4748 id
916 4706 1024 4760 εει,
1070 4708 1247 4750 utrum
1276 4692 1470 4749 anima
1499 4710 1622 4750 cum
1653 4710 1743 4750 se-

144 4762 279 4835 mine
309 4763 621 4835 traduciiet
653 4766 945 4820 transmitti
988 4766 1179 4835 possit.
1217 4765 1525 4821 Lactantius
1563 4773 1741 4833 negat.

143 4831 483 4890 Rectissime.
507 4834 648 4889 Nam
680 4838 948 4890 contraria
980 4831 1207 4891 assertio
1220 4838 1469 4891 damnata
1497 4845 1599 4891 est.
1622 4831 1743 4890 Vid.

144 4905 273 4977 Aug.
294 4905 348 4959 in
372 4904 470 4959 lib.
489 4905 561 4977 de
581 4904 879 4977 ltmresihus
895 4906 963 4961 ad
985 4907 1137 4974 Quod
1165 4908 1278 4977 vult
1305 4910 1486 4970 deum,
1510 4922 1630 4977 cap.
1652 4906 1744 4971 86,

145 4974 207 5049 in_
232 4974 394 5044 epist.
433 4975 513 5049 ad
562 4976 622 5049 S_.
670 4976 981 5049 Hierouyin.
1038 4992 1132 5049 per
1171 4974 1326 5034 Oros.
1375 4974 1747 5049 presbyterum

145 5045 321 5118 missa,
344 5056 399 5101 et
432 5046 486 5118 in
515 5046 683 5118 epist.
713 5046 778 5101 ad
800 5045 1014 5114 Optat.;
1049 5048 1304 5118 Euehen,
1326 5064 1343 5102 ι
1368 5045 1745 5118 έιιρειδῦθιιθε.

143 5114 205 5186 {id
247 5131 306 5171 ea
348 5116 516 5172 verba
545 5156 563 5182 ,
618 5116 682 5169 Et
724 5119 996 5186 aediﬁcavit
1038 5114 1295 5175 Dominus
1329 5114 1472 5173 Deus
1515 5128 1749 5184 costam;

146 5184 554 5272 ilierouxm.‘ad
584 5201 799 5272 versatio
828 5184 896 5242 15
924 5190 1114 5272 psalm.
1140 5206 1306 5254 xxx";
1326 5191 1384 5244 S.
1404 5189 1691 5272 Thomam.
1716 5205 1750 5244 Il

146 5258 526 5321 contr.Gent.,
543 5272 669 5327 cap.
688 5258 778 5322 86,
800 5274 851 5329 p.
868 5258 1130 5330 p.’qu;cst.
1155 5275 1342 5324 cxvnt.
1372 5259 1748 5316 art.2.Is.eus.

214 5347 447 5419 Denique
473 5349 694 5413 caelesti,
718 5359 824 5404 etc.
854 5351 1057 5406 Praeter
1076 5351 1387 5408 Lucretium
1411 5350 1579 5407 habes
1605 5351 1752 5406 Arati

146 5423 550 5481 auctoritatem,
569 5435 731 5487 quam
750 5419 1169 5479 Atheniensibus
1203 5424 1330 5479 olim
1357 5422 1589 5477 obtrnsit
1621 5422 1757 5476 Doc-

149 5495 228 5543 tor
270 5492 518 5560 gentium
553 5498 700 5568 :_Toﬁ
741 5494 840 5568 γᾴρ
871 5498 955 5547 καὶ
976 5494 1116 5565 γένος
1138 5496 1313 5568 iii-ptis;
1348 5493 1522 5562 Ipsius
1549 5494 1757 5568 enimet

149 5558 300 5628 genus
325 5576 535 5615 sumus.
566 5558 1006 5618 Locus'L'ucrett't
1039 5575 1123 5620 est
1142 5558 1281 5620 libro
1302 5580 1338 5620 Il
1368 5558 1511 5619 vers.
1543 5564 1668 5619 990.

220 5627 399 5685 Pater.
434 5628 686 5686 Subaudi
717 5634 922 5688 animm.
981 5642 985 5646 ’

148 5673 964 5828 b09536."iisETToI'i'ETtu.
999 5703 1056 5774 5,
1084 5706 1147 5761 de
1183 5722 1296 5761 sua.
1325 5705 1562 5776 Utraque
1598 5703 1759 5761 lectio

226 5810 453 5913 Edenda
484 5858 679 5913 tamen,
736 5858 825 5903 aut
870 5850 1143 5921 quomodo.
1174 5848 1344 5906 Abest
1387 5856 1559 5903 tamen
1608 5860 1637 5901 a
1664 5860 1757 5903 sex

613 5941 887 6005 ΡΑτιιοι..
922 5942 1059 6007 VII.
1083 5998 1087 6003 .

1844 2894 1977 2935 mss.
2001 2888 2056 2934 et
2083 2880 2116 2934 4
2145 2878 2334 2943 editis;
2364 2877 2417 2933 in
2446 2877 2616 2932 tribus
2659 2885 2743 2930 est
2766 2884 3035 2945 quantum,
3066 2890 3168 2946 pro
3198 2880 3403 2946 quando
3429 2897 3447 2948 ,-

1845 2951 1899 3006 in
1929 2966 2033 3021 ms.
2064 2951 2225 3015 Pen.,
2256 2966 2355 3021 qua
2378 2949 2574 3021 ratione
2595 2955 2791 3021 tamen.

1920 3019 2042 3076 Non
2092 3038 2124 3074 a
2170 3016 2465 3086 parentibus
2495 3018 2606 3071 dari
2634 3018 2854 3071 animos.
2885 3016 3106 3072 Certum
3139 3027 3242 3079 est,
3273 3020 3440 3077 Deum

1844 3094 2024 3147 vocari
2056 3100 2264 3162 patrem
2299 3090 2581 3162 spirituum
2606 3132 2620 3156 ,
2653 3088 2777 3159 quia
2804 3089 2920 3162 ipse
2950 3089 3159 3143 animas
3182 3101 3347 3162 pereat
3389 3104 3445 3148 et

1844 3158 2166 3233 Corporibus
2218 3158 2472 3233 infundit.
2513 3159 2619 3215 Per
2647 3158 3050 3233 generationem
3104 3160 3252 3215 nullo
3281 3163 3442 3218 modo

1844 3230 2027 3304 potest
2078 3232 2305 3303 produci
2363 3230 2539 3286 anima
2592 3230 2912 3304 rationalis;
2960 3245 3065 3284 non
3096 3233 3239 3285 enim
3271 3234 3442 3289 virtus

1843 3301 2131 3374 corporea,
2161 3305 2332 3373 qualis
2362 3313 2445 3357 est
2465 3301 2784 3374 generatio,
2829 3308 3005 3374 potest
3043 3315 3323 3369 assurgere
3372 3306 3437 3359 ad

1844 3370 2254 3444 productiOnem
2286 3374 2363 3429 rei
2395 3370 2719 3444 spiritualis.
2741 3371 2852 3444 Hoc
2876 3372 3036 3424 etiam
3065 3384 3440 3444 argumentum

1842 3440 1958 3502 rem
2014 3446 2151 3501 hanc
2203 3440 2457 3500 evincit:
2504 3440 2759 3511 quidquid
2788 3440 2878 3503 ﬁt,
2906 3451 2989 3495 est
3035 3442 3119 3496 vel
3152 3457 3217 3497 ex
3264 3444 3440 3511 aliqua

1844 3517 2169 3586 prmjaceute
2194 3517 2438 3580 materia,
2469 3514 2555 3567 vel
2586 3514 2645 3565 lit
2671 3527 2737 3565 ex
2774 3512 2963 3586 nihilo,
2994 3512 3077 3564 vel
3097 3553 3111 3575 ,
3145 3516 3439 3586 secundum

1842 3582 2007 3652 illos,
2049 3588 2138 3655 qui
2182 3586 2360 3641 modos
2389 3593 2638 3655 tanquam
2670 3583 2876 3637 medios
2911 3582 3053 3636 inter
3081 3597 3180 3637 ens
3219 3593 3272 3638 et
3304 3585 3441 3640 nihil

1843 3652 2080 3728 ponunt,
2093 3672 2159 3712 ex
2186 3658 2351 3710 modis
2385 3655 2480 3709 rei.
2502 3652 2701 3728 Anima
2731 3661 2909 3728 autem
2937 3667 3045 3706 non
3075 3663 3156 3707 est
3179 3665 3440 3728 ex‘mate-

1841 3723 1943 3792 ria,
1977 3729 2099 3797 quia
2130 3730 2200 3782 ita
2230 3736 2375 3783 esset
2401 3724 2725 3797 corporalis,
2752 3723 2897 3792 quod
2924 3730 3189 3797 repugnat
3213 3723 3331 3797 ejus
3353 3740 3440 3780 ac-

1844 3793 2099 3861 tionibus,
2153 3813 2287 3867 quas
2335 3794 2777 3867 iudependicntet:
2804 3808 2836 3867 a
2892 3793 3114 3867 materia
3149 3795 3435 3867 producit;

1842 3884 2019 3939 neque
2047 3884 2113 3923 ex
2138 3862 2326 3933 modis,
2357 3862 2502 3921 modi
2529 3866 2672 3918 enim
2706 3862 3171 3939 nihil_producun_t
3190 3881 3214 3939 _:
3248 3865 3441 3939 saltem

1842 3932 1947 3994 hoc
1988 3948 2193 3995 certum
2250 3932 2334 3993 est
2356 3979 2370 4002 ,
2402 3949 2509 4007 non
2540 3947 2698 4007 posse
2729 3932 3030 4007 producere
3043 3934 3318 4007 _spiritum
3349 3937 3439 4007 qui

1841 4009 2002 4063 etiam
2033 4020 2155 4078 post
2183 4007 2440 4078 corporis
2458 4002 2741 4060 interitum
2759 4002 3232 4078 subsistit.Bestat
3260 4002 3441 4077 itaque

1841 4088 1900 4134 ut
1939 4074 2049 4133 ﬁat'
2080 4094 2144 4134 ex
2187 4074 2356 4133 nihilo
2382 4095 2399 4131 :
2429 4075 2591 4130 homo
2615 4086 2797 4131 autem
2834 4090 2901 4129 ex
2929 4074 3096 4147 nihilo
3126 4091 3230 4147 non
3260 4074 3440 4147 poteSt

1840 4150 2144 4221 producere
2172 4148 2399 4220 aliquid,
2428 4147 2553 4216 quia
2584 4147 2726 4201 inter
2752 4161 2866 4221 ens‘
2880 4154 2934 4200 et
2958 4145 3095 4221 nihil
3124 4145 3331 4221 inﬁnita
3359 4159 3443 4204 est

1841 4217 2120 4287 distantia,
2149 4217 2278 4291 quae
2297 4236 2402 4276 non
2427 4226 2605 4287 p0test
2628 4217 2889 4287 superari,
2925 4217 3096 4344 uisiEi
3139 4218 3364 4273 inﬁnita.

3100 4303 3221 4342 ALL.

3100 4303 3221 4342 ALL.

1913 4360 2057 4417 Citra
2096 4364 2192 4418 hoc
2225 4379 2356 4434 opus
2384 4363 2535 4417 homo
2558 4361 2767 4434 resistit.
2810 4360 2884 4434 [_ta
2903 4374 3092 4434 omnes
3126 4361 3240 4434 lete
3264 4358 3437 4434 editi:

1840 4434 2059 4504 quidam
2089 4430 2269 4490 tamen
2296 4450 2428 4489 mss.
2457 4435 2543 4488 hic
2577 4432 2760 4504 legunt
2781 4431 2909 4504 citra
2936 4430 3031 4504 hoc
3051 4445 3180 4497 opus
3196 4430 3439 4504 _humoris

1844 4500 1997 4559 istam
2025 4505 2174 4559 homo
2195 4505 2399 4560 resistit.
2431 4504 2502 4560 At
2527 4504 2643 4557 haec
2660 4501 2847 4556 ultima
2871 4500 3028 4555 lectio
3049 4501 3303 4555 mendosa
3331 4511 3439 4569 est,

1846 4576 2008 4629 etiam
2036 4583 2172 4631 teste
2204 4575 2538 4631 Hettmauuo.
2567 4573 2623 4627 In
2654 4573 2688 4626 8
2719 4572 2945 4639 vulgatis
2966 4579 3112 4625 estet
3134 4572 3288 4625 circa.
3312 4570 3445 4628 Post

1847 4661 1977 4711 opus
1992 4661 2123 4701 mss.
2147 4647 2169 4700 1
2200 4642 2761 4711 Bonon.,Regio-Put.
2782 4651 2837 4696 et
2858 4643 2891 4698 6
2911 4642 2981 4696 al.
3015 4639 3174 4711 Reg.
3204 4645 3236 4697 6
3257 4640 3440 4707 Colb.,

1898 4717 2010 4779 ict.,
2040 4715 2188 4781 Gat.,
2211 4715 2427 4780 Marm.,
2461 4715 2668 4776 Baluz.,
2703 4712 2849 4776 Enn,
2887 4713 3079 4775 Brnn.,
3122 4711 3245 4766 cdd.
3283 4712 3437 4767 Itom.

1849 4786 2010 4857 M70.
2047 4788 2192 4852 Ald.,
2225 4785 2453 4857 Grapli._,
2482 4785 2628 4840 Crat.
2666 4783 2871 4857 addunt
2898 4782 3137 4857 humoris
3172 4782 3351 4857 istius,
3383 4792 3443 4837 ut

1844 4855 1955 4927 jam
1974 4856 2176 4912 dictum
2201 4852 2563 4927 est.—l-Homo
2581 4852 2871 4927 resistit.‘ld
2896 4852 3184 4927 est,_sistit,
3211 4852 3441 4927 verbum

1850 4919 2211 4998 compositum
2252 4944 2355 4998 pro
2391 4924 2619 4998 simplici
2650 4939 2664 4986 ;
2699 4921 2827 4976 nihil
2869 4922 3103 4991 amplius
3139 4919 3268 4991 agit.
3303 4921 3438 4987 Vel,

1852 4997 1955 5054 hoc
1981 5013 2145 5066 Opere
2165 4997 2389 5061 omisso,
2418 4997 2581 5052 homo
2607 5009 2710 5049 non
2739 5002 3068 5066 nasceretur.

1924 5062 2215 5123 Incolumes
2242 5085 2415 5123 sumus
2449 5081 2679 5137 corpore.
2733 5065 2806 5137 Ex
2849 5078 2977 5137 mss.
3010 5073 3064 5118 et
3088 5062 3300 5137 priscis
3325 5064 3443 5118 vul-

1852 5139 1988 5211 gatis
2013 5155 2105 5195 sex
2121 5149 2190 5215 _et
2209 5142 2248 5215 9.
2263 5154 2374 5215 rec.
2393 5132 2731 5215 reposuimus
2758 5133 3141 5199 incolumes;in
3163 5132 3321 5189 editis
3350 5149 3446 5189 no-

1852 5225 1974 5266 vem
2004 5220 2087 5266 est
2114 5211 2375 5265 incolumi.

1927 5280 2007 5335 An
2051 5290 2278 5348 utantur,
2305 5298 2372 5335 an
2408 5296 2511 5335 non
2542 5290 2766 5335 utamur.
2803 5277 3076 5333 Posterius
3102 5277 3401 5333 membrum
3428 5319 3444 5343 .

1856 5352 1998 5419 quod
2044 5352 2096 5407 in
2127 5367 2256 5407 mss.
2296 5352 2333 5405 2
2364 5352 2569 5406 Bonon.
2598 5393 2613 5414 ,
2641 5349 2777 5405 Tax.
2806 5358 2862 5403 et
2885 5350 2919 5404 4
2948 5364 3057 5404 rec.
3085 5348 3442 5419 desideratur,

1857 5417 1965 5478 huc
1982 5438 2048 5477 ex
2075 5422 2140 5477 2t
2172 5424 2389 5489 scriptis
2439 5432 2495 5478 et
2536 5438 2602 5476 ex
2634 5422 2720 5477 ed.
2751 5420 2906 5475 Rom.
2959 5418 3120 5485 1468,
3165 5417 3365 5473 Cellar.
3391 5430 3447 5476 et

1861 5492 2067 5548 Walch.
2092 5494 2487 5549 revocavimus.

1930 5564 2215 5648 (tetigerit.
2238 5564 2377 5648 Vide
2404 5579 2564 5648 supra
2593 5562 2686 5618 lib.
2717 5577 2767 5617 tv
2794 5561 2909 5616 Div.
2934 5560 3164 5615 lnstitut.
3188 5574 3310 5631 cap.
3344 5560 3415 5619 28
3434 5604 3449 5629 ,

1861 5633 2035 5707 initio,
2053 5633 2110 5690 id
2140 5645 2242 5699 est,
2266 5636 2525 5707 obligavit.

1937 5703 2051 5770 Quo
2080 5706 2237 5759 vitam
2262 5701 2426 5776 posset
2455 5705 2696 5775 adipisci.
2725 5702 2855 5758 Post
2896 5705 3014 5776 lucc
3051 5701 3254 5776 verbal
3279 5702 3458 5776 oratio

1901 5778 2036 5831 osita
2067 5776 2121 5831 in
2152 5772 2407 5845 inferiore
2450 5772 2599 5845 libri
2623 5789 2717 5830 ora
2764 5782 2911 5845 extat
2930 5774 2983 5845 in
3005 5786 3134 5828 mss.
3161 5772 3194 5828 6
3221 5772 3398 5845 Reg,
3422 5774 3456 5830 8

1901 5792 2036 5831 osua
2067 5792 2121 5831 ιιι
2152 5792 2407 5833 tntertore
2452 5792 2572 5831 llDl‘l
2623 5792 2717 5830 ora
2764 5792 2911 5829 exuit
2930 5792 2983 5829 llt
3005 5792 3134 5828 mss.
3161 5792 3194 5828 υ
3222 5792 3379 5845 ἤθει,
3422 5792 3453 5830 δ

1864 5792 2155 5917 elationis,
2186 5843 2221 5905 6
2240 5845 2501 5917 Colbert.,
2522 5845 2560 5903 Ξ
2579 5844 2836 5913 Sorbon.,
2865 5842 2901 5902 4
2928 5842 3104 5902 Oxon.
3127 5858 3191 5901 ac
3219 5844 3286 5902 15
3314 5843 3453 5918 aliis,

2852 5937 2979 6022 ,ει
