3970 6320
177 241 240 295 77
1320 242 1650 303 ANALYSIS
1691 244 1870 302 LIBRI
1912 244 2000 301 DE
2037 244 2156 302 IRA
2198 246 2332 303 DEI.
3409 254 3479 312 78

179 357 326 424 ιιιως,
349 352 605 424 quoniam
631 363 761 411 sunt
790 357 856 412 ad
889 358 1307 427 perturbandam
1334 362 1615 416 veritatem
1645 377 1771 432 per-
1808 367 1861 426 Α
1884 362 2006 417 dem
2036 378 2159 418 sese
2187 373 2442 432 patronos
2466 363 2705 420 veritatis
2734 365 2974 435 profiteri
3000 366 3217 424 solent:
3245 368 3338 424 sed
3362 371 3483 440 quis

181 448 359 502 niclusi
381 456 435 502 et
461 463 680 517 graves.
706 448 1042 505 incredibilis
1069 452 1212 506 enim
1241 452 1322 506 vis
1349 454 1690 523 eloquentiae,
1722 464 1776 509 ct

178 538 581 607 argumentandi
603 538 1013 612 disserendique
1035 543 1323 609 subtilitas,
1349 546 1591 613 quemvis
1621 545 1774 599 facile

184 627 449 696 deceperit
478 644 491 680 :
520 642 655 698 quos
698 630 890 700 partim
930 632 1131 687 nostris
1180 633 1366 698 armis,
1400 635 1594 704 partim
1644 650 1774 691 vero

182 733 242 775 ex
273 718 508 789 ipsorum
558 720 699 775 inter
726 736 787 776 se
813 723 1218 778 concertatione
1258 726 1486 795 sumptis
1527 725 1773 781 revince-

183 825 323 873 mus;
371 818 428 863 ut
477 820 757 879 appareat,
807 826 904 868 eos
951 812 1230 869 induxisse
1277 816 1455 885 potius
1504 832 1769 882 errorem,

184 916 332 972 quam
358 901 667 957 sustulisse.

251 993 497 1049 Fortasse
546 996 785 1062 mireris,
832 998 976 1068 quod
1023 1008 1224 1055 tantum
1270 999 1479 1056 facinus
1528 1004 1775 1057 audeam.

187 1086 522 1143 Patiemurne
552 1088 718 1158 igitur
742 1090 1001 1161 extingui,
1046 1101 1141 1147 aut
1180 1094 1413 1162 opprimi
1446 1092 1777 1148 veritatem?

184 1179 292 1249 Ego
313 1195 439 1233 vero
466 1179 724 1236 libentius
746 1182 830 1237 vel
859 1184 960 1239 sub
979 1182 1083 1238 hoc
1106 1198 1273 1239 onere
1297 1184 1614 1240 defeeerim.
1642 1184 1777 1238 Nam

181 1271 221 1326 si
250 1270 454 1327 Marcus
480 1271 714 1343 Tullius,
744 1276 1071 1345 eloquentia?
1119 1278 1286 1347 ipsius
1329 1279 1544 1333 unicum
1592 1294 1777 1332 exem-

180 1365 307 1435 plar,
336 1364 405 1419 ab
443 1365 680 1425 indoctis
708 1376 765 1424 et
810 1369 1286 1441 ineloquentibus,
1324 1372 1413 1441 qui
1461 1381 1642 1428 tamen
1676 1386 1775 1442 pro

180 1472 302 1512 vero
327 1458 665 1523 nitebantur,
693 1474 839 1530 saepe
865 1473 1149 1533 superatus
1173 1473 1277 1533 est,
1308 1479 1403 1519 cur
1422 1464 1773 1535 deSperemus

180 1552 445 1607 veritatem
471 1551 648 1623 ipsam
675 1562 859 1609 contra
889 1555 1135 1613 fallacem
1158 1557 1564 1629 captiosamque
1586 1558 1772 1613 facun-

176 1644 307 1701 diam
335 1661 428 1702 sua
456 1647 686 1719 propria
714 1647 765 1703 vi
792 1657 849 1705 et.
892 1649 1138 1706 claritate
1165 1650 1495 1707 valituram?
1539 1650 1620 1706 illi
1649 1651 1769 1722 qui—

1884 463 2059 521 polest
2092 470 2211 509 eam
2240 471 2352 510 rem
2382 455 2697 523 defendere,
2730 474 2892 527 quam
2923 474 3027 517 non
3055 460 3263 523 didicit,
3294 472 3386 517 aut
3417 463 3480 516 il-

1883 543 2112 599 lustrare
2142 546 2281 614 apttd
2312 546 2469 611 alios,
2500 548 2641 618 quod
2689 549 2803 618 ipse
2858 564 2964 604 non
3007 552 3196 605 novit?
3226 553 3478 623 Magnum

1882 636 2068 691 videor
2110 637 2348 705 polliceri
2384 655 2395 691 :
2432 640 2525 693 sed
2558 639 2765 694 cmlesti
2809 656 2944 710 epns
2986 652 3068 696 est
3113 659 3375 713 munere,
3426 656 3484 700 ut

1882 730 2035 785 nobis
2062 729 2289 786 facultas
2333 747 2398 789 ae
2441 734 2739 807 tempusad
2786 738 3061 806 proposita
3103 742 3483 811 persequenda

1888 823 2172 877 tribuatur.
2201 824 2356 891 Quod
2386 825 2431 879 si
2460 825 2566 880 vita
2597 837 2678 881 est
2704 829 2937 897 optanda
2960 831 3207 900 sapienti,
3240 833 3483 901 profecto

1884 915 2082 967 nullam
2112 916 2271 969 aliam
2304 917 2373 971 ob
2401 932 2618 972 causam
2647 920 2827 975 vivere
2861 925 3198 993 optaverim,
3228 940 3387 1001 quam
3421 938 3481 981 ut

1883 1011 2081 1080 aliquid
2113 1011 2340 1068 efficiam
2372 1015 2512 1085 quod
2552 1015 2659 1069 vita
2688 1015 2909 1087 dignum
2953 1020 3043 1083 sit,
3078 1030 3131 1073 et
3160 1022 3304 1091 quod
3335 1021 3480 1078 utili-

1882 1112 2048 1158 tatem
2082 1105 2379 1175 legentibus
2403 1148 2416 1170 ,
2448 1108 2547 1161 etsi
2582 1125 2688 1162 non
2718 1109 2784 1163 ad
2817 1110 3211 1181 eloquentiam,
3244 1116 3364 1184 quia
3398 1125 3482 1172 te-

1884 1196 2003 1249 nuis
2032 1197 2082 1250 in
2111 1198 2265 1252 nobis
2297 1198 2563 1254 facundia:
2589 1201 2736 1254 rivus
2766 1210 2851 1256 est
2879 1202 2943 1256 ad
2975 1203 3266 1259 vivendum
3300 1217 3478 1263 tamen

1880 1288 2066 1343 afferat
2092 1306 2104 1342 :
2134 1290 2276 1359 quod
2297 1301 2379 1346 est
2404 1294 2639 1348 maxime
2668 1296 3051 1352 necessarium.
3077 1297 3480 1369 Quo‘perfeeto,

1878 1379 2009 1433 satis
2036 1394 2121 1434 me
2152 1381 2354 1438 vixisse
2383 1382 2720 1453 arbitrabor,
2749 1393 2805 1441 et
2833 1386 3072 1443 officium
3102 1382 3337 1445 hominis
3364 1391 3468 1445 im-

1880 1472 2079 1544 plesse,
2113 1474 2157 1528 si
2204 1474 2356 1530 labor
2382 1492 2534 1532 meus
2577 1478 2785 1548 aliquos
2830 1480 3081 1539 homines
3107 1483 3173 1539 ab
3203 1484 3479 1543 erroribus

1876 1564 2133 1622 liberatos
2159 1566 2228 1622 ad
2258 1569 2359 1625 iter
2383 1569 2606 1627 caaleste
2632 1570 2913 1630 direxerit.

1498 1784 1858 1844 VARIORUM
1886 1786 2116 1845 NOTAE.

239 1924 717 2008 fueredibiiisenint
738 1927 814 1981 vis
833 1925 1151 2008 eloquenti“.
1183 1925 1241 2008 In
1267 1926 1482 2008 scriptis
1508 1927 1673 2008 3ree.
1704 1935 1759 1984 et
1790 1939 1839 2000 Β
2031 1928 2377 2008 Regio-Pet”
2425 1930 2463 1985 2
2512 1931 2745 2008 Bono_n.,
2795 1932 2929 2008 'l_‘ax.
2980 1934 3039 1989 In
3096 1936 3123 1990 1
3193 1936 3360 2008 Regio
3382 1980 3396 2003 ,
3447 1936 3482 1994 5

174 1997 395 2067 pluribus
439 1997 628 2064 editis,
663 1996 985 2052 Incredibilis
1013 2005 1086 2051 est
1130 1999 1311 2052 enim.
1346 1998 1401 2052 lu
1438 2001 1650 2054 caneris
1681 2008 1755 2053 est

180 2083 276 2123 non
306 2076 468 2122 extat.

242 2138 337 2204 Qui
367 2150 555 2194 ιωηεη.
590 2138 670 2193 Ita
703 2154 802 2193 ms.
834 2138 965 2193 Bov.
993 2147 1048 2193 et
1086 2140 1165 2193 sic
1191 2140 1386 2195 eruditi
1417 2140 1680 2195 Francius
1709 2149 1764 2197 et

174 2208 507 2265 Heumannus
555 2211 975 2280 suspicabantur
1002 2224 1125 2265 esse
1168 2210 1475 2280 legendum.
1506 2212 1608 2267 Alii
1636 2227 1769 2268 vero

175 2280 381 2352 habent,
412 2282 538 2352 quia
570 2292 764 2335 tamen.

233 2350 540 2425 captiosum.
578 2352 709 2425 Mss.
735 2353 768 2406 5
794 2350 1031 2425 Colbert.
1063 2360 1117 2409 et
1147 2353 1336 2422 Brun.,
1362 2354 1641 2425 copiosam.

242 2422 388 2490 Quod
435 2424 565 2494 ipse.
602 2422 684 2478 lla
733 2423 945 2479 restitui
989 2439 1056 2479 ex
1102 2422 1507 2480 veterriinis'et
1554 2425 1769 2496 optimis

1872 1997 2027 2072 Colb.
2061 1997 2377 2055 et'Clarom.
2410 2010 2492 2055 est
2512 2018 2627 2070 qua:
2656 2003 2784 2072 ipse.
2808 2003 3000 2060 Plures
3028 2020 3138 2060 ree.
3163 1997 3326 2063 matiu
3350 1997 3484 2064 exa—

1874 2070 1979 2141 rati
2029 2079 2081 2141 et
2112 2072 2252 2141 typis
2303 2072 2503 2141 vulgati
2553 2070 2750 2129 habent
2774 2091 2946 2141 quam.
2978 2075 3283 2134 Relativum
3329 2081 3484 2137 deest

1873 2139 1928 2195 in
1959 2138 1995 2194 2
2022 2138 2261 2196 Colliert.
2294 2138 2491 2197 reciet
2521 2143 2657 2198 Vict.

1952 2211 2033 2265 Ad
2060 2213 2353 2267 vivendum.
2383 2213 2528 2267 Bene
2560 2215 2786 2270 scilicet.

1951 2282 2219 2360 Homines.
2254 2284 2560 2360 Rectinset
2608 2286 2908 2360 elegantius
2946 2296 3062 2355 est,
3108 2292 3154 2345 si
3201 2291 3477 2360 deleatur,

1862 2354 2025 2434 juxta
2056 2356 2454 2434 lleumannum.
2486 2354 2603 2412 Hoc
2630 2354 2852 2413 verbum
2874 2401 2888 2425 ,
2919 2354 3130 2431 inquit,
3163 2378 3194 2418 e
3240 2354 3482 2434 margine

1876 2427 1928 2480 in
1970 2427 2433 2497 textutn'irrepsit.

969 2736 1517 2822 ANALYSIS
1574 2736 1890 2819 LIBRI
1963 2736 2122 2819 DE
2168 2737 2375 2820 IRA
2433 2738 2667 2821 DEI.

1636 2926 2017 2983 avt-naeus:

238 3052 465 3120 Quaestio
498 3051 668 3121 hujus
694 3049 817 3104 libri
849 3067 861 3104 :
894 3050 975 3105 An
1007 3050 1146 3106 Deus
1166 3064 1295 3105 vere
1321 3049 1615 3121 irascatur?

239 3119 541 3195 Philosophi
571 3119 822 3178 nonnulli
853 3132 1117 3191 negarunt
1138 3161 1154 3184 .
1201 3137 1267 3176 eo
1305 3119 1649 3195 quodDeum
1675 3121 1757 3195 _vel

179 3191 468 3249 beneficam
503 3210 635 3250 esse
684 3202 888 3247 tantum
935 3202 1215 3259 naturam,
1252 3191 1332 3246 vel
1363 3191 1493 3246 nihil
1543 3192 1763 3247 omnino

175 3281 350 3321 curare
397 3276 730 3321 statuerent.
790 3263 1102 3318 Lactantius
1147 3271 1367 3324 contra,
1421 3263 1587 3318 Deum
1638 3278 1762 3318 vere

174 3336 316 3391 irasci
344 3338 444 3392 hoc
473 3337 621 3392 libro
644 3336 979 3390 demonstrat
1009 3335 1091 3388 his
1116 3332 1448 3405 argumentis
1475 3350 1488 3387 :

238 3406 274 3461 Ι.
318 3409 421 3463 Aut
443 3409 518 3462 ira
546 3407 836 3462 tribuenda
864 3416 948 3460 est
973 3406 1104 3471 Deo,
1129 3403 1371 3475 et'gratia
1400 3403 1759 3468 detrahenda;

174 3489 257 3532 aut
284 3489 568 3548 utrumque
603 3476 997 3532 detrahendum
1022 3493 1034 3528 ι
1064 3484 1156 3530 aut
1186 3477 1261 3548 ira
1293 3475 1554 3548 demenda
1582 3487 1686 3548 est,
1710 3482 1765 3528 et

176 3555 328 3619 gratia
358 3544 646 3604 tribuenda
669 3566 684 3614 ;
709 3556 799 3600 aut
821 3557 1106 3619 utrumque
1134 3546 1506 3619 tribuendum.
1524 3544 1762 3619 Primum

179 3615 353 3674 falsum
386 3631 500 3685 est,
533 3621 666 3689 quia
701 3633 858 3673 nemo
884 3618 951 3672 de
987 3615 1095 3672 lico
1137 3633 1369 3689 unquam
1400 3617 1565 3689 dixit,
1605 3615 1761 3673 irasci

176 3704 284 3745 eum
315 3687 717 3757 tantummodo,
747 3699 800 3744 et
819 3689 987 3758 gratia
1021 3688 1377 3757 nonmoveri.
1408 3687 1652 3743 Alterum
1681 3697 1765 3741 est

176 3760 503 3829 Epicureum.
537 3759 744 3816 Statuit
770 3760 913 3815 enim
947 3759 1239 3829 Epicurus,
1272 3773 1371 3813 nec
1402 3759 1534 3813 iram
1567 3760 1617 3813 in
1649 3759 1759 3829 Deo

175 3828 314 3904 esse,
346 3850 444 3888 nec
470 3830 741 3904 gratiam,
786 3831 955 3899 utqui
987 3828 1119 3904 nihil
1145 3832 1384 3904 _omnino
1410 3840 1564 3885 curet
1608 3847 1620 3883 :
1668 3828 1763 3904 sed

175 3901 327 3969 falso;
363 3899 501 3958 Deus
520 3906 670 3959 euiut
704 3916 809 3955 non
839 3910 1019 3965 esset,
1056 3902 1156 3959 nisi
1182 3910 1531 3955 moveretur:
1566 3915 1663 3955 nec
1683 3899 1763 3954 di—

173 3975 316 4042 gnior
340 3976 446 4030 Deo
472 3972 876 4028 administratio
900 3971 1160 4041 assignari
1191 3981 1393 4041 potest,
1418 3985 1578 4042 quam
1610 3985 1763 4042 mun-

177 4041 222 4114 di
252 4046 589 4114 gubernatio.
623 4042 777 4097 Nulla
807 4044 967 4097 etiam
996 4042 1271 4114 beatitudo
1301 4054 1384 4114 est
1410 4042 1486 4096 rei
1515 4041 1762 4114 immobi-

178 4112 525 4171 liszertium
558 4125 645 4171 est
694 4114 952 4180 stoicum,
983 4116 1209 4183 gratiam
1243 4113 1292 4166 in
1329 4113 1435 4166 Deo
1463 4128 1601 4176 esse,
1627 4112 1760 4167 iram

177 4201 272 4257 non
298 4203 416 4242 esse
451 4204 464 4242 :
518 4186 714 4240 falsum
748 4184 798 4238 id
827 4184 1226 4257 quoqueaNam
1253 4183 1311 4257 si
1333 4184 1598 4257 Densum:
1629 4184 1762 4237 iras-

176 4254 303 4310 citur
334 4258 532 4327 impiis,
571 4272 675 4311 nec
702 4258 817 4325 pios
847 4253 1041 4326 diligit.
1071 4255 1405 4323 Relinquitur
1435 4253 1765 4327 igilurquat"

178 4335 277 4399 tum
299 4370 313 4393 ,
340 4323 482 4399 quod
519 4323 618 4399 est
659 4323 880 4399 verum,
910 4323 1265 4399 nempeiram
1311 4333 1361 4380 et
1393 4323 1762 4396 gratiam’Deo

178 4396 500 4468 tribuendam
532 4396 685 4468 (Cap.
722 4397 743 4450 1
770 4438 784 4464 ,
807 4397 844 4451 2
862 4438 876 4463 ,
909 4397 944 4452 3
963 4439 976 4463 ,
1009 4397 1041 4451 4
1063 4438 1078 4468 ,
1105 4398 1170 4462 5,
1197 4396 1273 4465 6).

242 4467 301 4541 ll.
342 4466 713 4541 Quteeu'mque
753 4469 937 4537 Opinio
964 4466 1098 4524 tollit
1126 4468 1476 4539 religionem,
1520 4482 1655 4523 vana
1682 4475 1764 4521 cst

178 4546 229 4593 et
254 4540 399 4595 falsa.

243 4609 433 4679 Opinio

180 4689 454 4754 utrumque
482 4679 758 4754 detrahit,
794 4681 933 4738 tollit
962 4679 1312 4754 religionem;
1367 4681 1526 4753 igitur
1579 4679 1765 4752 opinio

179 4749 261 4804 illa
288 4749 417 4806 vana
442 4764 529 4807 est
557 4762 612 4806 et
639 4752 788 4806 falsa.

245 4822 494 4892 Majorem
545 4822 736 4892 probat
776 4839 897 4893 cap.
933 4824 965 4877 7
1005 4842 1018 4878 :
1066 4822 1616 4894 religioneminempe
1659 4838 1765 4877 non

184 4906 333 4960 posse
380 4894 645 4959 dissolvi,
678 4894 802 4962 quia
844 4895 913 4949 sit
952 4893 1457 4963 propria’hominis.
1504 4893 1766 4948 Minorem

179 4966 453 5036 confirmat
492 4980 616 5032 cap.
659 4963 713 5018 8.
746 4964 802 5020 Si
829 4966 971 5019 enim
1004 4966 1144 5019 Dens
1174 4966 1305 5019 nihil
1348 4966 1594 5036 cuiquam
1642 4964 1767 5020 boui

184 5033 388 5098 tribuit,
424 5037 646 5089 stultum
673 5045 756 5088 est
778 5051 899 5090 eum
927 5037 1127 5090 colere.

250 5106 537 5176 Excipiunt
560 5106 777 5176 quidam
809 5125 822 5159 :
852 5108 1114 5161 Prodesse
1139 5106 1351 5176 quidem
1387 5106 1488 5161 hoc
1513 5105 1762 5174 credere,

183 5175 272 5227 sed
314 5175 591 5242 utilitatis,
635 5192 743 5231 non
792 5180 1032 5232 veritatis
1074 5178 1278 5246 gratia,
1330 5189 1385 5232 ut
1426 5176 1769 5233 conscientiae

185 5252 498 5318 terreantur,
535 5263 669 5316 quas
697 5247 843 5318 leges
873 5251 1063 5318 punire
1093 5258 1334 5317 possunt.

250 5316 557 5373 Lactantius
584 5331 741 5385 negat
758 5316 896 5383 hoc;
922 5331 974 5373 et
1005 5320 1347 5386 religionem,
1387 5333 1492 5373 non
1524 5320 1770 5375 utilitatis

185 5392 413 5461 tantum,
438 5390 555 5461 sed
584 5390 825 5461 veritatis
854 5389 1025 5461 gratia
1056 5390 1219 5445 fuisse
1256 5392 1589 5458 institutam,
1622 5406 1770 5446 asse-

186 5459 253 5511 rit
277 5473 394 5528 cap,
424 5460 493 5523 9,
538 5459 767 5523 10,“.

256 5529 338 5583 Ill.
380 5530 436 5585 Si
470 5532 523 5585 in
550 5531 712 5585 rebus
738 5529 987 5586 humanis
1011 5540 1139 5587 sunt
1174 5532 1313 5586 bona
1357 5543 1410 5586 et
1453 5532 1627 5595 mala,
1670 5545 1768 5587 ne-

186 5610 331 5655 cesse
358 5611 441 5655 est
469 5600 538 5655 ad
572 5612 855 5670 utramque
882 5611 1086 5670 partem
1133 5603 1335 5658 moveri
1365 5604 1566 5667 Deum,
1608 5612 1662 5657 et
1703 5601 1771 5656 ad

186 5672 401 5752 gratiam
421 5714 435 5735 ,
463 5688 591 5727 eum
614 5672 761 5743 iusta
787 5671 903 5727 fieri
932 5672 1110 5741 videt,
1140 5683 1199 5731 et
1224 5674 1292 5729 ad
1318 5674 1453 5730 iram
1475 5713 1491 5743 ,
1520 5687 1642 5729 eum
1662 5687 1771 5730 cer-

190 5750 262 5793 ntt
287 5750 504 5812 injusta.

523 4625 607 4665 uua
652 4609 767 4681 Deo
810 4611 925 4665 sive
966 4609 1229 4681 gratiam,
1270 4610 1381 4665 sive
1431 4610 1596 4675 iram,
1652 4609 1765 4681 sive

1786 3049 1832 3112 C

1937 3048 2132 3132 Verum
2161 3049 2339 3132 prius,
2372 3048 2512 3119 quod
2538 3049 2837 3107 ostenditur
2858 3066 2975 3124 eap.
3008 3053 3093 3121 l3,
3127 3056 3215 3125 M,
3246 3057 3314 3113 15
3345 3058 3471 3132 :igi-

1869 3128 1956 3173 tur
1979 3130 2033 3173 et
2058 3120 2345 3188 posterius.
2806 3158 2813 3161 ν

1939 3190 2188 3259 Objeetio
2220 3190 2433 3258 Epicuri
2461 3208 2474 3244 :
2507 3191 2562 3248 Si
2591 3204 2669 3249 est
2696 3193 2749 3248 iu
2781 3195 2893 3251 Deo
2920 3196 3126 3253 laetitia
3153 3197 3379 3255 affectus
3401 3204 3466 3258 ad

1864 3265 2093 3343 gratiam
2116 3302 2130 3327 ,
2164 3273 2216 3316 et
2238 3261 2345 3316 odii
2372 3262 2437 3316 ad
2464 3263 2593 3343 iram
2614 3305 2630 3329 ,
2663 3264 2878 3329 habebit
2907 3267 3070 3338 igitur
3097 3281 3150 3325 et
3179 3271 3426 3329 timorem
3452 3315 3468 3343 ,

1865 3342 1920 3389 et
1949 3333 2255 3391 libidinem.
2289 3344 2341 3386 et
2367 3333 2738 3402 cupiditatem.

1948 3404 2191 3477 Respon.
2219 3402 2335 3477 Non
2364 3404 2604 3477 sequitur
2631 3426 2643 3460 :
2667 3406 2790 3474 quia
2821 3409 2989 3477 gratia
3009 3451 3024 3475 ,
3055 3421 3108 3465 et
3132 3411 3208 3466 ira
3233 3454 3248 3477 ,
3278 3423 3333 3468 et
3374 3418 3474 3469 mi-

1865 3474 2292 3551 seratio_habent
2324 3474 2377 3528 in
2408 3474 2518 3551 Deo
2548 3474 2863 3551 materiam}
2893 3479 2945 3533 id
2973 3474 3055 3536 est
3075 3524 3088 3543 ,
3117 3474 3357 3551 causam,
3385 3502 3472 3542 re-

1874 3545 2003 3625 liqui
2029 3546 2252 3625 alfectus
2280 3561 2384 3599 non
2431 3545 2682 3625 ltabent__:
2726 3550 2920 3625 quibus
2961 3553 3315 3625 vacatDeus,
3343 3545 3474 3625 "quia

1866 3619 2116 3695 vitiormn
2148 3614 2372 3695 :tlfecLus
2398 3624 2561 3695 sunt,
2610 3614 2759 3672 alios
2793 3621 2931 3675 sicut
2971 3621 3072 3676 hos
3116 3614 3312 3691 habet,
3343 3614 3469 3695 quia

1866 3697 1991 3743 Sunt
2016 3687 2231 3739 virtutis
2264 3685 2415 3756 (Cap.
2443 3685 2556 3757 16).

1937 3757 2182 3835 Dbjeetio
2196 3757 2310 3835 alia
2341 3776 2353 3811 :
2392 3759 2532 3835 Deus
2560 3757 2685 3835 ideo
2717 3759 2907 3814 beatus
2944 3770 3027 3816 est
3047 3802 3067 3835 ,ν
3095 3764 3216 3833 quia
3246 3779 3467 3835 semper

1865 3829 2103 3899 quietus;
2137 3829 2302 3898 igitur
2340 3843 2440 3883 nee
2481 3829 2751 3897 irascitur,
2794 3846 2893 3886 nec
2936 3829 3464 3903 gratia—commove-

1868 3910 1973 3955 tur.

1908 3968 2243 4047 -_fte5p0ndet
2272 3967 2619 4047 Lactantius,
2653 3971 2819 4047 Deum
2862 3987 2967 4047 no_n
3016 3989 3141 4031 esse
3184 3978 3463 4047 quietum,

1865 4042 2117 4116 quianee
2148 4039 2408 4116 dormiat,
2440 4056 2540 4116 nec
2580 4043 2861 4098 moriatur.
2907 4044 3109 4100 Curare
3146 4039 3307 4116 igitur
3342 4039 3466 4107 eum

1865 4111 2332 4186 huntiuunt_vitat_n
2359 4152 2375 4186 ,
2411 4121 2465 4186 et
2489 4113 2536 4165 vi
2564 4118 2946 4186 consequentis
2980 4118 3136 4171 irasci
3167 4111 3355 4186 inalis,
3383 4128 3465 4177 fa-

1865 4198 1993 4236 vere
2039 4181 2233 4261 bonis._
2279 4182 2510 4261 Deinde,
2560 4184 2695 4261 sicut
2742 4181 3077 4261 crudelitatis
3122 4199 3207 4244 est
3250 4181 3463 4261 potius,

1865 4269 2023 4323 quam
2055 4252 2265 4321 pietatis
2285 4293 2300 4317 ,
2334 4252 2378 4306 si
2408 4254 2527 4322 quis
2568 4256 2728 4309 homo
2766 4258 3123 4313 centumelias
3149 4252 3263 4315 non
3286 4252 3462 4318 vituli;

1865 4335 1950 4406 eet
1980 4342 1992 4376 :
2023 4324 2127 4406 ita_2
2166 4325 2369 4406 inquit,
2402 4340 2507 4377 non
2537 4324 2933 4406 virttttis_estiii
2968 4329 3107 4406 Deo,
3135 4332 3202 4386 ad
3233 4349 3317 4402 ea,
3342 4351 3462 4406 quae

1788 4428 1844 4490 1)
1869 4396 2066 4490 injuste
2099 4397 2234 4490 fiunt
2253 4435 2289 4490 ,Α
2302 4411 2416 4490 Ilion.
2438 4399 2777 4490 (:lt‘nntuovcrii
2801 4398 2967 4490 (Cap;
2982 4402 3002 4454 1
3016 4399 3090 4490 'f).

1938 4465 2183 4545 Objectio
2212 4484 2226 4516 :
2259 4466 2419 4535 Atqui
2453 4466 2592 4521 Deus
2614 4468 2733 4524 sine
2756 4465 2865 4524 hoc
2892 4465 3084 4541 affectu
3117 4486 3335 4544 peccata
3363 4493 3457 4547 po-

1869 4546 1973 4593 te5t
1997 4550 2286 4604 rorrtgere.

1939 4608 2176 4684 Bespon.
2206 4606 2323 4673 Ipse
2352 4607 2554 4674 peccati
2581 4608 2869 4684 adspectus
2913 4611 3163 4684 indignus
3193 4624 3297 4673 est.
3326 4617 3463 4674 Nam

1868 4680 1969 4751 qui
2005 4692 2110 4732 non
2161 4686 2428 4751 movetur,
2461 4682 2681 4751 omnino
2708 4690 2800 4736 aut
2845 4680 3049 4751 probat'
3079 4685 3303 4751 delicta,
3362 4699 3457 4743 aut

1869 4748 2513 4826 molestiam__castigandi
2563 4749 2731 4826 fugit,
2762 4748 3003 4826 quorum
3055 4748 3339 4826 utrumque
3382 4771 3465 4814 est

1868 4823 2141 4875 vitiosum.
2177 4816 2290 4873 Hoc
2330 4819 2446 4873 loco
2473 4816 2817 4889 reprehendit
2857 4824 3057 4877 dictum
3090 4816 3325 4881 Archi'tte
3359 4831 3461 4883 'l‘a-

1872 4892 2074 4965 ren_tini
2098 4930 2113 4954 ,
2142 4891 2385 4965 quicum
2418 4889 2472 4965 in
2513 4906 2643 4965 agro
2668 4902 2916 4965 corrupta
2945 4908 3064 4947 esse
3087 4900 3263 4965 omnia
3306 4914 3462 4951 com-

1870 4963 2134 5033 perisset,
2183 4960 2345 5033 v'tlliei
2393 4960 2474 5014 sui
2522 4964 2734 5026 culpam
2784 4960 3151 5032 redarguens,
3200 4960 3457 5024 miserunt

1871 5032 2032 5095 dixit,
2083 5047 2241 5098 quem
2283 5032 2393 5097 jam
2439 5034 2754 5087 verberibus
2790 5050 3097 5102 necassem,
3146 5040 3245 5092 nisi
3292 5040 3458 5095 iratus

1872 5120 2049 5177 essem
2062 5144 2079 5177 ._
2109 5102 2241 5156 Nam
2276 5112 2493 5177 propter
2520 5104 2615 5177 ira;
2643 5105 3062 5177 magnitudinem
3094 5123 3302 5177 pugnam
3350 5127 3457 5167 non

1870 5174 2209 5253 dqm_andamn,
2236 5166 2330 5224 sed
2362 5166 2709 5253 dlﬁ‘erendam
2733 5166 2905 5253 fuisse
2947 5166 3107 5253 docet.
3150 5166 3302 5252 (Cap.
3340 5166 3454 5253 18).

1944 5246 2033 5321 Π.
2068 5247 2124 5297 Si
2162 5244 2302 5321 Deus
2342 5246 2733 5321 sanctissimam
2776 5248 2987 5321 vivendi
3034 5244 3202 5321 legem
3250 5244 3454 5321 posuit,

1871 5318 2148 5386 Voluitque
2192 5316 2470 5367 universos
2509 5316 2827 5391 innocentes
2874 5334 2937 5374 ac
2976 5316 3263 5375 beneficos
3297 5316 3451 5391 esse,

1871 5391 2059 5458 utique
2087 5393 2397 5461 non_potest
2421 5402 2526 5461 no_n
2560 5389 2755 5451 irasci;
2782 5405 2901 5443 eum
2933 5391 3077 5444 videt
3102 5392 3271 5461 legem
3302 5389 3455 5449 suam

1872 5455 2167 5515 contemni.
2205 5455 2601 5529 Verutnprius;
2635 5474 2764 5528 ergo
2783 5471 2835 5513 et
2863 5462 3149 5529 posterius.

1947 5528 2110 5603 ν.ὃὶ
2132 5538 2236 5603 _est
2265 5526 2912 5603 mundiadministrator,
2962 5548 3064 5583 non
3094 5533 3282 5603 utique
3322 5550 3454 5590 cono

1875 5601 2065 5656 temnit
2098 5598 2148 5652 id
2186 5596 2326 5667 quod
2356 5607 2438 5651 est
2467 5600 2518 5652 in
2551 5601 2749 5654 mundo
2774 5600 2858 5654 vel
2886 5596 3197 5656 tnaximurn.

1950 5671 2034 5725 Vl.
2076 5670 2133 5725 Si
2161 5678 2245 5741 est
2279 5677 2430 5741 pater
2468 5684 2533 5725 ac
2576 5672 2716 5726 Deus
2756 5671 3163 5741 universorum,
3204 5684 3351 5731 certe
3402 5686 3457 5734 et

1875 5741 2163 5798 virtutibus
2209 5738 2485 5795 hominum
2522 5741 2839 5809 delectatur,
2875 5750 2931 5798 et
2965 5742 3105 5799 vitiis
3147 5738 3455 5804 commove-
