3970 6396
146 411 199 466 st
1434 403 1637 462 LIBER
1666 386 1768 462 ne
1805 404 1922 462 lRA
1966 405 2099 462 DEI.
3294 362 3390 468 ‘32

147 527 263 583 niam
288 523 335 579 in
358 535 507 579 carne
546 519 759 577 mortali
795 527 1048 592 agentes,
1082 519 1282 577 nostris
1321 521 1569 579 sensibus
1597 522 1673 579 di-
1705 526 1758 585 Λ
1782 524 2024 580 veritatis
2051 522 2377 588 ascenditur,
2419 538 2529 581 non
2556 532 2640 581 est
2678 524 2832 583 facile
2868 526 3089 583 cuilibet
3125 525 3278 583 evehi
3322 526 3392 583 ad

142 618 298 673 vinare
318 628 414 670 non
441 626 741 685 possumus.
770 611 980 668 Lumen
1000 621 1179 669 autem
1212 615 1407 670 mentis
1437 615 1685 672 humanae

92 748 97 753 -
144 708 260 764 Deus
285 715 377 772 est,
403 718 555 775 quem
585 703 675 775 qui
705 704 1042 776 cognoverit,
1080 713 1135 761 et
1175 706 1227 760 in
1276 715 1464 776 pectus
1509 706 1686 763 admi-

138 800 264 865 serit,
286 796 565 851 illuminato
585 794 751 851 corde
770 795 1088 868 mysterium
1113 797 1357 852 veritatis
1382 808 1641 869 agnoscet
1667 817 1683 854 :

137 897 311 946 remoto
339 894 504 942 autem
536 886 646 942 Deo
676 887 995 958 coeleStique
1025 887 1294 957 doctrina,
1325 891 1509 947 omnia
1532 906 1686 946 erro-

140 979 265 1035 ribus
284 977 425 1049 plena
453 983 595 1031 sunt.
628 974 905 1049 Recteque
943 976 1216 1046 Socrates,
1245 994 1367 1034 cum
1399 990 1546 1036 esset
1571 995 1689 1036 om-

138 1072 259 1128 nium
285 1068 710 1143 philosophorum
745 1068 1115 1137 doctissimus,
1149 1079 1328 1127 tamen
1354 1079 1415 1127 ut
1449 1080 1679 1128 caetero.

136 1178 237 1218 rum
271 1171 498 1231 argueret
540 1161 829 1229 inscitiam,
872 1161 962 1232 qui
1010 1176 1071 1217 se
1097 1162 1300 1233 aliquid
1332 1172 1516 1220 tenere
1543 1165 1687 1221 arbi-

134 1255 396 1318 trabantur,
424 1253 496 1308 ait
540 1269 602 1310 se
630 1253 763 1308 nihil
802 1255 968 1322 scire,
1013 1254 1113 1310 nisi
1160 1271 1348 1321 unum,
1378 1259 1521 1328 quod
1551 1259 1687 1316 nihil

128 1350 285 1403 sciret.
312 1346 571 1403 intellexit
614 1348 781 1414 enim,
814 1347 1113 1404 doctrinam
1145 1348 1290 1404 illam
1325 1350 1460 1405 nihil
1490 1351 1689 1408 habere

128 1441 170 1494 in
195 1454 246 1495 se
268 1439 408 1506 certi,
444 1438 572 1494 nihil
605 1441 751 1506 veri;
786 1454 907 1507 nec,
942 1448 1001 1496 ut
1032 1450 1219 1512 putant
1240 1441 1480 1513 quidam,
1511 1443 1686 1498 simu-

127 1534 237 1588 lavit
263 1533 370 1603 ipse
390 1533 710 1600 doctrinam,
743 1542 803 1590 ut
825 1534 962 1590 alios
993 1535 1296 1602 rel‘elleret;
1330 1536 1426 1593 sed
1458 1536 1593 1592 vidit
1620 1551 1688 1593 ex

129 1636 256 1696 parte
277 1624 442 1698 aliqua
471 1627 779 1683 veritatem.
813 1626 1173 1700 Testatusque
1216 1637 1299 1684 est
1328 1629 1489 1685 etiam
1520 1630 1573 1685 in
1600 1630 1686 1699 ju-

126 1719 244 1773 dicio
266 1717 417 1792 (sicut
445 1717 677 1774 traditur
701 1733 732 1773 a
764 1718 1013 1789 Platone)
1050 1719 1196 1791 quod
1237 1719 1384 1776 nulla
1414 1730 1560 1777 esset
1590 1719 1691 1775 hu-

125 1825 258 1864 mana
286 1810 534 1881 sapientia
561 1828 573 1865 :
599 1809 740 1866 adeo
759 1810 1082 1877 doctrinam,
1113 1826 1218 1882 qua
1247 1820 1358 1866 tum
1383 1810 1689 1882 philosophi

124 1903 479 1975 gloriabantur,
500 1903 853 1975 contempsit,
884 1901 1097 1971 derisit,
1120 1903 1336 1975 abjecit,
1359 1914 1416 1959 ut
1438 1904 1490 1959 id
1516 1904 1693 1977 ipsum
1725 1907 1773 1967 B

122 2011 205 2066 pro
228 2010 421 2052 summa
467 1996 719 2052 doctrina
755 1995 1139 2066 proﬁteretur,
1184 1995 1328 2068 quod
1373 1996 1505 2052 nihil
1547 1998 1690 2053 scire

121 2086 386 2144 didicisset.
413 2088 469 2144 Si
497 2104 633 2162 ergo
658 2089 804 2145 nulla
826 2098 912 2145 est
935 2090 1200 2160 sapientia
1224 2090 1477 2153 humana,
1504 2100 1561 2144 ut
1590 2090 1690 2147 So-

118 2190 272 2235 crates
291 2179 485 2247 docuit,
515 2192 573 2236 ut
598 2180 753 2237 Plato
779 2179 1021 2247 tradidit,
1043 2188 1265 2252 apparet
1279 2195 1403 2237 esse
1422 2179 1687 2250 divinam,

120 2285 204 2326 nec
230 2271 315 2327 ulli
346 2273 455 2339 alii,
486 2289 654 2343 quam
687 2273 799 2330 Deo
827 2273 1075 2329 veritatis
1110 2273 1357 2328 notitiam
1383 2272 1688 2344 subiacere.

118 2365 237 2421 Deus
265 2367 418 2438 igitur
445 2367 760 2425 noscendus
798 2375 901 2434 est,
950 2368 1001 2422 in
1046 2381 1155 2439 quo
1194 2367 1314 2423 solo
1356 2366 1553 2422 veritas
1582 2373 1685 2422 est.

117 2457 197 2515 llle
220 2460 392 2517 mundi
419 2477 645 2531 parens,
677 2471 732 2518 et
759 2460 1008 2518 conditor
1031 2477 1232 2528 rerum,
1256 2460 1347 2532 qui
1376 2461 1548 2517 oculis
1578 2475 1688 2516 non

117 2549 318 2617 videtur,
349 2561 530 2610 mente
555 2553 653 2608 vix
676 2554 938 2609 cernitur.
960 2552 1127 2624 Cujus
1148 2552 1336 2625 religio
1367 2552 1549 2609 multis
1574 2567 1692 2608 mo-

116 2638 186 2695 dis
216 2643 505 2714 impugnari
534 2644 681 2700 solet
706 2647 775 2700 ab
800 2644 889 2711 iis,
917 2643 1010 2715 qui
1050 2658 1227 2714 neque
1251 2658 1436 2699 veram
1473 2645 1657 2715 sapien
1675 2674 1690 2685 -

113 2731 223 2787 tiam
249 2742 426 2792 tenere
453 2744 777 2807 potuerunt,
809 2751 986 2807 neque
1012 2736 1190 2809 magni
1236 2745 1287 2792 et
1330 2735 1569 2793 caelestis
1600 2751 1691 2791 ar-

90 2824 214 2879 “cani
240 2826 706 2897 comprehendere
730 2829 1021 2883 rationem.

664 2984 667 2987 γ
731 2918 962 2976 CAPUT
1000 2919 1065 2975 ll.

202 3008 276 3064 De
298 3013 527 3080 veritate,
560 3013 731 3083 deque
756 3014 870 3083 eius
894 3012 1160 3085 gradibus,
1189 3022 1341 3082 atque
1364 3012 1429 3067 de
1456 3009 1587 3068 Deo.

165 3101 285 3158 Nam
309 3118 432 3162 cum
453 3106 566 3165 sint
583 3105 785 3178 gradus
802 3106 977 3173 multi,
994 3121 1093 3178 per
1118 3120 1253 3179 quos
1275 3104 1340 3161 ad
1367 3106 1695 3162 domicilium

1788 629 2077 671 summum.
2114 613 2478 685 Caligantibus
2522 616 2666 671 enim
2705 618 2947 672 veritatis
2998 617 3202 689 l‘ulgore
3233 617 3394 673 lumio

1789 709 1966 775 nibus,
1997 709 2088 780 qui
2118 707 2363 764 stabilem
2408 722 2651 778 gressum
2681 720 2865 765 tenere
2893 724 2999 765 non
3031 720 3279 781 possunt,
3307 725 3396 766 rc-

1788 800 2077 855 volvuntur
2117 799 2172 855 in
2211 799 2447 869 planum.
2481 799 2691 856 Primus
2735 812 2915 857 autem
2944 798 3141 874 gradus
3165 810 3271 868 est,
3303 803 3392 858 in-

1791 892 2034 963 telligere
2080 890 2241 947 falsas
2282 891 2590 962 religiones,
2638 901 2695 948 et
2734 893 2969 962 abiicere
2998 895 3189 965 impios
3216 895 3394 952 cultus

1788 985 2011 1041 deorum
2058 983 2289 1039 humana
2317 998 2475 1038 manu
2505 984 2905 1041 labricatorum.
2935 985 3213 1043 Secundus
3236 1002 3388 1055 vero,

1789 1079 2098 1149 perspicere
2120 1077 2320 1143 animo,
2361 1076 2502 1149 quod
2528 1093 2662 1132 unus
2684 1078 2756 1133 sit
2782 1078 2923 1135 Deus
2944 1094 3206 1148 summus,
3235 1081 3389 1151 cujus

1788 1179 2028 1242 potestas
2048 1185 2112 1225 ac
2139 1169 2470 1241 providentia
2499 1170 2738 1226 elfecerit
2759 1187 2790 1227 a
2819 1171 3080 1243 principio
3106 1172 3389 1241 mundum,

1789 1271 1842 1318 et
1870 1262 2131 1333 gubernet
2158 1262 2210 1316 in
2239 1272 2533 1332 posterum.
2564 1263 2801 1329 Tertius,
2834 1278 3163 1336 cognoscere
3203 1265 3395 1321 minis-

1793 1365 1932 1411 trum
1962 1356 2078 1426 ejus
2104 1370 2167 1411 ac
2193 1355 2462 1422 nuntium,
2508 1371 2667 1427 quem
2712 1356 2910 1426 legavit
2937 1357 2989 1413 in
3023 1366 3255 1424 terram;
3286 1373 3393 1427 quo

1789 1449 2041 1515 docente,
2070 1448 2278 1504 liberati
2300 1448 2370 1504 ab
2393 1463 2601 1515 errore,
2630 1465 2737 1520 quo
2764 1440 3021 1519 implicati
3050 1450 3387 1516 tenebamur,

1790 1542 2110 1612 formatique
2135 1540 2199 1596 ad
2230 1541 2343 1597 veri
2371 1540 2466 1597 Dei
2495 1541 2720 1608 cultum,
2748 1542 3010 1612 justitiam
3032 1541 3387 1598 disceremus.

1791 1634 1871 1690 Ex
1899 1634 2091 1705 quibus
2112 1635 2362 1691 omnibus
2385 1633 2661 1705 gradibus,
2693 1642 2751 1689 ut
2776 1633 2905 1699 dixi,
2930 1649 3134 1706 pronus
3161 1644 3248 1692 est
3272 1636 3393 1707 lap-

1791 1741 1884 1784 sus
1909 1736 1961 1782 et
2000 1725 2170 1782 facilis
2198 1726 2265 1782 ad
2294 1726 2528 1792 ruinam,
2561 1728 2661 1783 nisi
2690 1726 2854 1799 pedes
2880 1727 3199 1784 inconcussa
3225 1728 3394 1784 stabi-

1791 1818 1941 1875 litate
1967 1818 2217 1889 ﬁgantur.

1867 2002 1946 2059 De
1973 2003 2147 2073 primo
2167 2003 2337 2075 gradu
2364 2018 2458 2060 eos
2483 2006 2660 2061 excuti
2683 2005 2945 2071 videmus,
2972 2006 3082 2075 qui,
3111 2020 3232 2061 cum
3261 2006 3394 2062 falsa

1794 2091 2113 2163 intelligant,
2153 2101 2331 2149 tamen
2360 2109 2545 2150 verum
2576 2108 2680 2148 non
2712 2095 3012 2162 inveniunt,
3044 2095 3394 2167 contemptis—

1792 2199 1897 2255 que
1926 2186 2153 2239 terrenis
2199 2184 2578 2256 l‘ragilibusque
2606 2185 2930 2251 simulacris,
2963 2201 3071 2245 non
3101 2187 3166 2241 ad
3204 2187 3395 2243 culen-
3464 2192 3467 2193 ⁷

1794 2275 1921 2331 dum
1948 2290 2007 2331 se
2041 2276 2206 2331 Deum
2246 2275 2552 2344 conferunt,
2584 2291 2743 2348 quem
2775 2277 3053 2347 ignorant:
3088 2275 3181 2332 sed
3207 2276 3395 2332 mundi

1794 2352 2060 2423 elementa
2092 2366 2371 2432 mirantes,
2400 2368 2615 2433 caelum,
2642 2375 2862 2434 terram,
2896 2383 3064 2435 mare,
3091 2368 3284 2436 solem,
3315 2368 3392 2422 lu-

1794 2474 1940 2527 nam,
1970 2466 2272 2531 crcteraque
2297 2468 2439 2518 astra
2466 2467 2811 2515 venerantur.
2836 2458 2941 2514 Sed
2968 2458 3157 2514 horum
3186 2460 3401 2529 imperia

1796 2552 1922 2608 tiam
1951 2552 2061 2622 jam
2106 2552 2446 2623 coarguimus
2476 2552 2526 2607 in
2559 2552 2798 2608 secundo
2828 2552 3132 2607 Divinarum
3177 2552 3397 2608 lnsritu—

1798 2643 2002 2698 tionum
2041 2642 2200 2698 libro.
2248 2642 2325 2698 De
2359 2642 2597 2698 secundo
2638 2657 2765 2698 vero
2806 2642 2975 2713 gradu
3024 2656 3119 2698 eos
3165 2642 3397 2697 dicimus

1797 2734 2011 2798 cadere,
2043 2734 2275 2804 quicum
2298 2733 2550 2799 sentiant,
2578 2749 2742 2789 unum
2767 2749 2889 2788 esse
2912 2748 3178 2788 summum
3201 2733 3394 2800 Dcum,

1800 2825 1960 2881 iidem
1990 2833 2166 2881 tamen
2195 2839 2223 2878 a
2256 2825 2587 2896 philosophis
2611 2825 2827 2891 irretiti,
2856 2834 2910 2880 et
2938 2824 3085 2879 falsis
3110 2839 3398 2896 argumen-

1798 2916 2085 2972 tationibus
2121 2918 2281 2986 capti,
2330 2916 2486 2971 aliter
2525 2916 2592 2971 de
2634 2917 2790 2972 unica
2835 2916 2925 2972 illa
2965 2914 3246 2986 majestate
3274 2930 3398 2971 sen-

1798 3011 1953 3078 tiunt,
2004 3025 2162 3081 quam
2206 3012 2405 3067 veritas
2432 3009 2620 3076 habet;
2676 3011 2764 3081 qui
2809 3020 2902 3068 aut
2941 3010 3163 3082 ﬁguram
3204 3016 3403 3079 negant

1411 3224 1775 3282 VARIORUM
1813 3224 2042 3283 NOT/E.

166 3358 360 3431 ly'ostris
401 3363 664 3417 sensibus.
694 3360 821 3416 Mss.
856 3362 888 3416 7
917 3359 1253 3431 praemittunt
1278 3361 1360 3415 de.

167 3428 407 3556 Raetisque
436 3433 714 3488 Socrates.
744 3428 1001 3488 Francius
1020 3473 1036 3500 ,
1072 3431 1209 3487 forte
1240 3431 1439 3502 Itaque.
1480 3430 1536 3486 ln
1564 3429 1685 3486 Em.

167 3542 172 3552 .
242 3513 342 3556 ecte
364 3520 510 3556 ειν-σο.

99 3510 172 3553 εει
195 3510 342 3557 ﬂecte
364 3520 510 3561 erao.

160 3522 172 3553 ι
492 3544 510 3561 .

160 3522 453 3629 1.33m?
456 3522 709 3630 Reimm.
733 3574 1019 3628 Justitiam.
1049 3574 1238 3629 Prave.
1258 3572 1451 3638 Pierr.,
1477 3571 1691 3639 Parrh.,

95 3641 343 3701 insaniam.
386 3646 548 3701 Rost.
580 3643 726 3700 Ven.
762 3645 923 3712 M71,
953 3653 1181 3715 utraque
1203 3643 1516 3715 78,_Pari_s.,
1532 3643 1690 3715 _Ald.,

93 3723 140 3783 ut
181 3715 275 3769 hoc
319 3718 672 3773 recentiores
717 3731 926 3781 omnes,
974 3713 1253 3769 inscitiam.
1301 3713 1500 3776 Lond.,
1531 3713 1690 3783 Reg,

94 3782 262 3848 60th.,
290 3785 432 3843 Ven.
487 3787 665 3851 1495,
710 3780 1051 3840 inscientiam.
1080 3784 1279 3854 Recepi
1325 3797 1513 3854 vocem
1539 3780 1692 3839 Cice-

91 3857 192 3929 ro_u_i
215 3867 264 3929 et
296 3867 492 3913 nostro
522 3867 766 3929 gratam.
794 3855 919 3929 _Vid.
963 3856 1056 3912 lib.
1105 3872 1159 3910 v.
1189 3853 1406 3911 Confer.
1450 3853 1688 3910 Gronov.

90 3925 285 3999 atl_Liv.
319 3944 457 3989 χιιι.
506 3925 641 3999 cap.
665 3927 1074 3999 25.jButveuan.

151 3997 217 4051 Se
246 3999 379 4054 nihil
416 3994 600 4055 scire:
624 3998 780 4066 Apud
831 3998 1039 4052 Platon.
1095 4000 1147 4051 in
1200 3994 1427 4066 Apolog.
1477 3995 1688 4049 Socrat.

85 4068 172 4138 sub
202 4070 436 4134 initium,
471 4081 533 4126 et
564 4071 685 4125 Cic.
720 4085 734 4122 ι
763 4068 933 4123 Acad.
963 4077 1153 4138 qumst.

150 4136 352 4194 Putant.
392 4141 471 4195 Ita
504 4156 618 4196 ms.
654 4141 785 4194 Buv.
814 4135 1289 4210 quatn'lectiunem
1321 4137 1508 4208 probat
1554 4135 1693 4191 Heu-

80 4223 325 4277 manntts;
360 4213 455 4267 alii
484 4211 768 4278 putabant.

142 4281 413 4336 Simulavit
444 4285 565 4351 ipse
597 4282 908 4336 doctrinam.
940 4279 1067 4333 Mss.
1102 4280 1154 4343 7,
1192 4281 1317 4349 ipse.
1352 4277 1546 4347 Scripti
1578 4278 1612 4333 9
1642 4285 1696 4333 et

80 4347 107 4400 ἐ
134 4360 235 4421 ret.
266 4353 393 4408 cdd.
426 4347 630 4419 Rom.,
663 4352 1000 4407 dissimulavit
1026 4351 1208 4421 ipsam.

139 4420 219 4476 Ea:
257 4436 408 4491 parte
444 4417 956 4495 aliquitiueritatem.
990 4417 1200 4495 _Lond.,
1252 4419 1408 4489 Reg..
1444 4417 1699 4495 Expone

73 4490 283 4555 aliquam
308 4490 612 4549 ceritatem.
650 4494 764 4548 Non
797 4492 957 4547 male.
989 4491 1221 4561 Reliqui,
1251 4506 1315 4545 ex
1334 4499 1477 4559 parte
1500 4490 1694 4559 aliqua,

75 4572 125 4614 nt
145 4564 233 4619 lib.
258 4581 336 4631 ut,
362 4568 558 4636 (ξιιμ-5
581 4584 596 4619 :
622 4565 806 4620 Potest
830 4564 971 4630 lieri,
993 4571 1053 4616 ut
1068 4575 1259 4636 omnes
1282 4577 1346 4636 ea;
1360 4572 1509 4636 parte
1528 4562 1700 4636 aliqua

69 4630 386 4699 erraverint.
420 4630 490 4692 ea:
518 4645 678 4707 parte
705 4635 962 4706 attigerint
992 4634 1274 4688 veritatem.
1319 4630 1465 4707 Idem
1505 4646 1585 4685 ex.
1612 4630 1699 4685 Cio

70 4717 254 4776 rescue
283 4707 380 4761 lib.
410 4724 496 4770 nt,
518 4701 714 4776 aliqua
739 4701 1009 4776 ex'parte.
1172 4774 1183 4776 _
1305 4772 1324 4776 _
1400 4701 1553 4776 ,βυτ

136 4774 500 4849 Tcstalusque.
531 4770 714 4833 Abest
731 4770 876 4849 que'a
899 4774 1137 4849 Colbert.
1161 4774 1189 4828 1
1217 4780 1282 4849 et_
1298 4772 1332 4828 9
1352 4770 1529 4849 editis.
1549 4770 1701 4849 Plato
1765 4807 1769 4811 -

67 4848 270 4917 feririsit
292 4842 396 4917 pro
412 4850 662 4905 Socrate
690 4842 1028 4917 Apologiam,
1055 4842 1507 4917 quemadmodum
1538 4842 1700 4896 etiam

67 4913 364 4988 Xenophon
402 4931 462 4974 et
512 4913 752 4990 Lysias;
775 4916 833 4971 lu
865 4913 927 4971 ea
958 4913 1112 4990 Plato
1154 4914 1434 4990 Socratem
1457 4926 1698 4990 _ca_usam

64 4983 228 5042 suant’
252 4999 454 5046 contra
501 4983 934 5045 calumniatores
974 4983 1349 5041 defendentem
1384 4983 1608 5047 inducit,
1638 4996 1703 5037 ac

65 5068 117 5130 ut
139 5060 381 5116 elevaret
433 5059 735 5130 cujusdam
782 5058 1059 5130 sapientia:
1100 5055 1262 5110 titulo-
1286 5055 1548 5130 turgentis
1582 5053 1701 5130 opi-

64 5128 300 5202 nionem,
346 5125 741 5202 pulcherrima
779 5125 859 5202 et"
878 5128 1117 5202 modesta
1153 5125 1704 5202 syncrisisapientiaa

62 5199 197 5276 illius
220 5194 680 5276 suariiprmfert,
709 5198 852 5268 quod
870 5199 995 5276 ipse
1015 5198 1083 5276 de
1112 5194 1255 5251 nulla
1273 5195 1551 5276 sapientia
1583 5194 1703 5276 glo-

60 5271 316 5337 riaretur,
363 5266 463 5330 ille
493 5287 640 5328 vero
679 5266 801 5325 cum
832 5269 960 5324 nihil
989 5269 1147 5333 sciat,
1175 5266 1390 5335 sapiens
1421 5274 1596 5321 tamen
1628 5266 1707 5337 vi'

58 5339 183 5399 dere
212 5335 366 5400 velit.
401 5341 819 5411 Aristophanes
866 5337 1203 5411 ,Ctimicusta
1232 5336 1468 5411 Socratis
1499 5335 1707 5411 aemulis

62 5416 283 5480 pecunia
316 5406 657 5484 corruptus,
690 5427 814 5467 eum
863 5410 987 5484 ludo
1014 5408 1230 5484 scenico
1257 5406 1492 5484 indignis
1533 5406 1707 5460 modis

61 5477 408 5552 praescindit,
448 5477 611 5539 in'ter
645 5477 854 5553 caetera
894 5479 1248 5553 calumnians,
1299 5477 1443 5553 quod
1470 5497 1708 5553 asptpvo-

58 5547 89 5609 ὲ
154 5560 303 5619 ἰστης
327 5547 434 5627 pro
451 5552 728 5611 mercede
743 5565 955 5622 aequum
982 5557 1036 5605 et
1056 5550 1293 5618 iniquum
1322 5547 1545 5602 (luceat.'
1564 5547 1710 5600 Hanc

59 5578 390 5679 caoiiimuiam
408 5626 848 5679 Cotitmentator
872 5620 1103 5677 ﬁdeliter
1127 5619 1207 5679 (ut
1231 5629 1459 5674 ctcteras
1475 5614 1708 5679 quoque)

59 5641 117 5677 ca

146 5614 390 5683 timuia'm
408 5614 848 5682 Commentator
872 5620 1103 5677 ﬁdeliter
1127 5614 1207 5691 (ut
1231 5629 1459 5698 ctcteras
1475 5614 1721 5698 quoque).

62 5698 321 5753 retundit.
1138 5688 1146 5691 ⁷
1393 5688 1596 5744 Βετυι..

130 5768 383 5824 Platone.
418 5768 596 5824 Plato
626 5764 678 5819 itt
696 5763 933 5840 ζΑνοιοειζ.
1327 5831 1339 5840 _
1409 5830 1423 5840 ,
1608 5829 1637 5840 η
1671 5828 1682 5840 ,

134 5841 277 5894 Adeo
304 5840 649 5895 doctrinam.
692 5829 781 5889 Sic
813 5829 1003 5891 omnes
1046 5848 1174 5889 mss.
1208 5842 1256 5887 et
1291 5830 1530 5904 plerique
1558 5829 1707 5884 editi.

64 5909 115 5967 In
147 5911 178 5965 ii
207 5912 511 5983 impressis
546 5916 637 5961 est
661 5906 903 5977 adeoque.

1867 3361 1931 3416 In
1957 3378 2056 3425 quo
2093 3363 2201 3417 solo
2230 3363 2414 3417 veritas
2442 3374 2535 3418 est.
2571 3363 2596 3417 1
2647 3360 2782 3433 Reg.
2838 3376 2949 3418 rec.
3005 3370 3059 3417 et
3098 3362 3129 3416 7
3163 3360 3314 3426 editi,
3346 3362 3402 3414 in

1795 3449 1894 3503 quo
1915 3434 2045 3487 sola.

1870 3505 2119 3560 Stabilem
2143 3521 2369 3576 gressum
2390 3514 2571 3558 tenere.
2603 3504 2851 3559 Lucanus
2876 3503 2971 3558 lib.
3001 3518 3053 3558 ιτ

2012 3616 2307 3667 Inconcussa
2332 3624 2511 3667 tenens
2530 3615 2678 3666 dubio
2702 3617 2913 3678 vestigia
2937 3627 3104 3665 cursu.

1795 3701 1987 3759 Senec.
2017 3702 2068 3755 in
2090 3701 2294 3757 Thiest.
2322 3701 2356 3756 5
2382 3721 2396 3757 :

2044 3813 2283 3864 Stabilem
2302 3815 2352 3863 in
2377 3813 2519 3875 plano
2536 3811 2692 3875 figere
2715 3822 2957 3881 gressum.

1799 3917 1953 3973 Conl‘.
1982 3927 2095 3971 not.
2122 3916 2279 3971 inira.
2307 3916 2441 3971 Buu.

1874 3988 2284 4041 Fabricatornm.
2330 3987 2546 4043 Scilicet
2598 3985 2841 4040 deorum.
2883 3982 2974 4039 Sic
3014 3983 3297 4039 emendavi
3326 3999 3394 4039 ex

1799 4060 2007 4114 cunctis
2036 4059 2145 4114 lere
2189 4072 2319 4113 mss.
2365 4058 2669 4125 etvulgatis
2698 4055 2975 4127 Gymnic.,
3026 4054 3117 4115 ls..
3171 4054 3394 4119 Cellar.,

1801 4129 2037 4193 Walch.,
2061 4129 2227 4210 muth
2243 4129 2440 4210 melius
2465 4143 2621 4210 quam
2654 4125 2926 4210 [abricatos
2950 4125 3401 4210 {manuscrip‘lo-

1803 4216 1919 4255 rum
1943 4216 2051 4255 rec.
2084 4211 2136 4253 et
2165 4200 2223 4255 11
2259 4195 2548 4254 editorum.
2574 4195 2710 4263 Quid
2757 4199 2898 4253 enim
2939 4195 3038 4250 sibi
3086 4196 3197 4251 vult
3235 4196 3402 4249 cultus

1803 4272 2013 4325 deorum
2039 4270 2356 4340 fabricatos?
2380 4270 2485 4325 Sed
2509 4278 2564 4323 et
2583 4284 2741 4337 supra
2771 4270 2862 4323 lib.
2898 4283 2965 4320 vn
2987 4267 3109 4340 piv.
3152 4266 3304 4340 Insl.,
3334 4268 3401 4319 tul

1802 4343 1987 4412 impios
2016 4336 2181 4395 cultus
2216 4344 2623 4412 ntanufactorum
2645 4336 3150 4412 adoratum-Cultus
3190 4337 3402 4390 deorum

1804 4408 2026 4467 humana
2054 4427 2207 4465 manu
2231 4408 2610 4483 fabricatornm.
2644 4408 2818 4483 voces
2848 4413 3248 4483 Itunianatnann
3280 4423 3404 4483 qua:

1804 4423 2026 4467 humana
2054 4427 2207 4465 manu
2231 4423 2610 4483 portentorum.
2652 4423 2818 4463 voces
2848 4423 3073 4462 numana
3093 4424 3248 4461 manu
3280 4423 3404 4531 ulna:

1803 4494 1929 4539 sunt
1958 4485 2009 4536 in
2041 4483 2309 4547 omnibus,
2343 4496 2449 4536 non
2482 4489 2607 4550 puto
2632 4478 3016 4550 sollicitandas,
3047 4477 3274 4550 libenter
3348 4493 3406 4531 a-

1809 4556 1901 4609 tini
1929 4554 2058 4609 istas
2082 4567 2244 4609 voces
2263 4548 2613 4621 conjungunt.
2636 4551 2778 4621 Noto
2803 4549 2868 4603 ad
2894 4548 3043 4604 Lact.
3070 4549 3165 4603 lib.
3192 4564 3247 4615 ν,
3281 4563 3400 4621 cap.

1804 4625 1907 4679 εἰς
1962 4622 2084 4679 Non
2126 4620 2420 4691 sacriﬁcare
2460 4620 2716 4692 lapidibus
2747 4621 2970 4692 humana
3016 4636 3171 4673 manu
3210 4620 3397 4692 factis:

1808 4696 1923 4752 Lib.
1948 4710 2042 4759 vn,
2072 4708 2192 4763 cap.
2218 4689 2281 4748 Η
2311 4711 2324 4747 :
2357 4689 2597 4746 Manibus
2622 4692 2855 4745 Immanis
2884 4690 3186 4745 laboratum.
3211 4689 3243 4763 '_
3266 4689 3402 4744 lina.

1878 4761 2189 4836 Cognoscere
2223 4765 2508 4836 ministrum
2547 4763 2658 4836 ejus
2693 4778 2758 4836 ac
2786 4764 3037 4836 nuntium,
3086 4768 3190 4836 etc.
3222 4761 3402 4829 Ange-

1806 4838 1916 4892 lum
1940 4831 2190 4891 nimirum
2218 4834 2395 4904 magni
2425 4833 2655 4904 consilii,
2682 4832 2807 4887 Haec
2823 4840 2894 4884 est
2916 4831 3045 4883 enim
3072 4831 3401 4904 vitnwletjna,

1805 4908 1973 4977 inquit
1996 4906 2112 4977 ipse
2126 4900 2402 4960 Dominus.
2431 4902 2591 4977 Junii.
2618 4917 2747 4977 xvii,
2764 4912 2818 4954 ut
2842 4900 3405 4977 cognoscanugsolnm

1804 4970 1978 5033 verum
2010 4970 2193 5042 Deum,
2230 4986 2277 5029 et
2304 4991 2450 5044 quem
2479 4974 2658 5027 misisti
2686 4972 2853 5044 Jesutl
2882 4971 3156 5025 Christum.
3189 4970 3245 5025 Si
3273 4971 3405 5044 tuis-

1806 5064 1921 5114 sus,
1964 5063 2092 5115 ergo
2139 5042 2365 5116 legatus,
2405 5045 2641 5116 nuntius,
2682 5042 2929 5116 angelus,
2965 5056 3061 5116 seu
3109 5042 3405 5116 apostolus,

1807 5110 1951 5174 salva
1979 5110 2154 5173 tainen
2184 5110 2461 5186 riiajestate
2493 5114 2693 5170 divina.
2725 5113 2859 5169 ltem
2887 5113 3076 5170 eadem
3099 5110 3408 5170 conditione

1808 5190 2053 5244 minister.
2084 5188 2240 5242 Rom.
2268 5202 2358 5241 xv.

1880 5260 2159 5328 Implicati.
2189 5257 2285 5313 Ms.
2310 5257 2440 5311 Bov.

1889 5327 2094 5385 Verum.
2128 5332 2198 5385 At
2224 5343 2323 5383 ms.
2354 5328 2485 5383 Bov.
2508 5327 2635 5399 legit
2665 5344 2802 5383 vera.

1892 5401 2086 5456 Horum
2116 5401 2423 5469 imperitiam
2442 5393 2907 5469 jam'coarguimus
2936 5398 2991 5450 in
3021 5395 3243 5469 secundo
3257 5393 3418 5469 _Divi-

1812 5489 1995 5528 narum
2018 5464 2403 5524 Institutionnm
2424 5464 2572 5525 libro.
2602 5464 2732 5525 Inde
2755 5478 2898 5537 patet
2928 5466 3231 5537 Divinarum
3257 5464 3416 5520 Insti-

1814 5544 2077 5599 tutiunutn
2120 5542 2287 5597 libros
2335 5552 2459 5596 ante
2488 5542 2681 5596 librum
2712 5536 2776 5594 de
2815 5537 2908 5593 Ira
2936 5536 3034 5592 Dei
3077 5536 3244 5592 fuisse
3280 5550 3415 5592 con-

1813 5614 2063 5671 scriptos.

1888 5630 2131 5750 ὁῗιῑὶοῗξιηι
2150 5686 2390 5738 sentiant.
2420 5682 2494 5736 Ita
2534 5679 2876 5735 emendatum
2907 5693 2985 5750 es
3006 5676 3267 5750 omnibus
3283 5692 3421 5747 pene

1815 5747 1944 5811 mss.
1974 5765 2028 5808 et.
2059 5754 2186 5808 οιιὶι.
2214 5754 2371 5808 Rom.
2400 5751 2534 5808 1470
2567 5761 2621 5805 et
2644 5750 2890 5819 Gymnic.
2926 5748 3064 5803 Vide
3091 5764 3204 5818 scq.
3238 5747 3372 5817 Reg.
3404 5763 3421 5801 t

1817 5841 1926 5881 rec.
1956 5835 2009 5879 et
2035 5824 2165 5879 edit.
2201 5822 2373 5893 Crat.,
2410 5826 2496 5895 qui
2533 5837 2647 5877 cum
2673 5821 2912 5877 sentiunt.
2954 5820 3103 5876 Multi
3134 5820 3381 5891 impressi
3403 5860 3419 5885 ,

1818 5898 1905 5970 qui
1932 5896 2266 5952 consentiunt.
