3970 6324
510 285 577 337 87
1875 271 2056 328 FIRM.
2098 268 2460 327 LACTANTII
3751 259 3824 312 88

505 396 607 451 nisi
633 395 799 450 Deum
831 393 1047 447 omnino
1076 407 1180 444 non
1204 390 1357 445 esse?
1382 389 1620 459 Denique
1644 388 1854 443 Marcus
1876 387 2086 443 Tullius
2116 391 2170 450 Α
2194 384 2387 440 cadere
2413 396 2518 437 non
2548 388 2742 451 potest.
2765 378 2925 448 Quod
2943 378 2988 432 si
3016 377 3193 432 nullus
3211 377 3439 433 affectus
3470 374 3529 430 in
3559 376 3676 429 Deo
3701 383 3820 439 est,

513 503 544 541 a
588 486 878 541 Posidonio
917 484 1114 538 dictmn
1165 480 1348 545 refert,
1402 479 1453 534 id
1503 479 1788 549 Epicurum
1835 479 2091 545 sensisse,

512 580 686 633 nullos
714 578 843 633 deos
864 592 1003 641 esse,
1037 575 1131 629 sed
1159 590 1241 640 ea,
1272 588 1389 642 qua:
1420 573 1486 627 de
1515 572 1619 626 diis
1648 572 1856 627 loculus
1885 571 1976 635 sit,
1999 569 2096 625 de—

512 653 776 741 pellenda:
806 668 1021 723 invidia:
1051 682 1208 722 causa
1252 667 1453 720 dixisse
1489 683 1499 717 :
1533 665 1713 735 itaque
1745 664 1920 719 verbis
1948 665 2095 719 illum

511 763 644 817 deos
675 761 1000 830 relinquere,
1041 775 1098 814 rc
1128 768 1305 813 autem
1342 759 1453 829 ipsa
1494 758 1702 818 tollere,
1741 757 1936 827 quibus
1976 757 2099 811 nul-

512 855 621 909 lum
648 863 873 917 motum,
907 852 1110 905 nullum
1140 851 1325 906 tribuit
1349 849 1605 904 cilicium.
1632 849 1783 915 Quod
1813 848 1857 902 si
1880 848 1948 901 ita
1973 856 2056 901 est
2082 863 2098 902 :

511 943 641 1015 quid
667 958 733 998 eo
755 942 1039 998 fallacius?
1058 942 1203 1013 quod
1228 958 1256 994 a
1283 941 1524 1010 sapiente
1547 951 1599 996 et
1624 941 1775 1011 gravi
1801 941 1916 993 viro
1942 938 2103 994 debet

513 1049 636 1092 esse
665 1035 925 1090 alienum.
956 1033 1054 1089 llic
1083 1048 1214 1089 vero
1235 1033 1279 1087 si
1306 1031 1452 1086 aliud
1479 1034 1670 1099 sensit,
1699 1041 1755 1086 et
1779 1031 1922 1085 aliud
1953 1031 2103 1085 Iocu-

516 1135 601 1181 tus
628 1136 733 1193 est,
766 1125 895 1195 quid
936 1123 1084 1179 aliud
1109 1122 1464 1194 appellandus
1500 1132 1605 1188 est,
1635 1137 1793 1193 quam
1822 1121 2099 1190 deceptor,

513 1218 789 1288 bilinguis,
827 1218 1020 1282 malus,
1050 1225 1106 1271 et
1133 1224 1418 1285 propterea
1447 1214 1685 1269 stultus?
1706 1212 1813 1268 Sed
1854 1227 1959 1267 non
1991 1221 2107 1267 erat

517 1320 625 1364 tam
656 1319 905 1365 versutus
933 1309 1218 1379 Epicurus,
1244 1318 1300 1363 ιιι
1334 1307 1553 1362 fallendi
1583 1305 1761 1362 studio
1786 1306 1887 1362 ista
1919 1307 2106 1377 loque-

518 1410 687 1465 retur,
728 1417 849 1456 eum
892 1403 1007 1456 haec
1047 1401 1207 1455 etiam
1237 1401 1455 1469 scriptis
1495 1400 1563 1456 ad
1608 1409 1865 1454 (etet-nam
1908 1413 2109 1453 metuo-

516 1492 649 1547 riam
687 1493 1028 1562 consignaret
1068 1510 1079 1544 :
1120 1490 1214 1547 sed
1256 1491 1555 1562 ignorantia
1597 1492 1845 1545 veritatis
1884 1491 2102 1546 erravit.

460 1616 465 1625 ι
519 1584 775 1639 Inductus
801 1583 943 1639 enim
966 1600 995 1637 ιι
1024 1583 1288 1653 principio
1316 1581 1779 1637 verisimilitudine
1804 1586 1960 1637 unius
1986 1598 2111 1638 sen-

522 1679 723 1744 tentize,
755 1678 1062 1732 necessario
1093 1678 1144 1731 in
1172 1692 1257 1740 ea,
1287 1692 1408 1746 quae
1436 1677 1822 1746 sequebantur,
1857 1676 2106 1732 incurrit.

2198 474 2319 546 quia
2349 470 2607 544 quidquid
2631 470 2881 537 afﬁcitur,
2907 468 3232 525 imbecillum
3256 477 3370 534 est;
3395 481 3529 538 ergo
3553 481 3660 522 nec
3683 479 3821 521 cura

2203 567 2359 623 ullius
2386 566 2485 628 rei.
2515 579 2616 620 nec
2646 563 2983 633 providentia
3015 563 3175 616 estin
3204 577 3290 617 eo.

2274 661 2561 730 llucusque
2598 658 2843 728 pervenit
2880 655 3139 726 sapientis
3181 655 3419 711 hominis
3465 651 3820 724 disputatio;

2203 763 2421 818 caetera,
2447 766 2566 822 qua:
2598 759 2930 819 sequuntur;
2962 748 3190 802 obticuit
3221 767 3234 801 :
3265 747 3502 811 scilicet,
3545 746 3680 816 quia
3720 758 3826 799 nec

2205 858 2333 898 cura
2357 843 2426 896 sit
2448 842 2501 895 in
2536 856 2624 907 eo,
2665 855 2768 895 nec
2795 838 3170 910 providentia;
3213 853 3344 908 ergo
3382 853 3485 892 nec
3527 836 3829 907 cogitatio-

2207 949 2330 988 nem
2356 932 2611 1003 aliquam,
2642 945 2743 987 nec
2772 944 2991 985 sensum
3018 929 3072 984 ιιι
3101 943 3166 984 eo
3190 942 3313 983 esse
3344 927 3518 982 ullum
3548 942 3566 981 :
3591 940 3709 997 quo
3739 927 3827 981 el-

2209 1025 2405 1092 licitur,
2434 1032 2492 1077 ut
2514 1038 2619 1078 non
2647 1023 2717 1077 sit
2752 1022 2993 1077 omnino.
3024 1019 3097 1075 Ita
3127 1034 3249 1075 cum
3278 1018 3551 1091 gradatim
3582 1017 3829 1072 descen—

2212 1117 2399 1180 disset,
2447 1116 2498 1169 in
2526 1124 2777 1171 extremo
2808 1114 2975 1184 gradu
3006 1112 3226 1178 restitit,
3256 1111 3379 1182 quia
3411 1112 3527 1180 jam
3568 1110 3829 1180 praecipi-

2213 1210 2342 1264 tium
2374 1208 2607 1263 videbat.
2632 1206 2738 1263 Sed
2764 1206 2889 1277 quid
2918 1205 3139 1276 prodest
3176 1204 3485 1267 reticuisse,
3510 1216 3577 1257 ac
3608 1203 3830 1271 pericu-

2212 1301 2320 1355 lum
2359 1297 2772 1354 dissimulasse?
2803 1296 3106 1351 Necessitas
3135 1296 3280 1349 illum
3322 1294 3408 1347 vel
3449 1292 3689 1347 invitum
3732 1306 3829 1346 ca-

2213 1391 2346 1446 dere
2370 1389 2564 1461 coegit.
2594 1389 2739 1444 Dixit
2767 1389 2910 1444 enim
2943 1388 3084 1458 quod
3128 1387 3322 1451 noluit,
3361 1385 3490 1455 quia
3522 1398 3833 1453 argumen-

2216 1497 2325 1539 tum
2351 1485 2427 1538 sic
2452 1482 2743 1547 ordinavit,
2779 1490 2835 1536 ut
2861 1481 2926 1535 ad
2963 1479 3114 1547 illud,
3152 1478 3295 1550 quod
3328 1478 3595 1542 evitabat,
3623 1489 3832 1532 neces-

2216 1579 2360 1633 sario
2412 1576 2709 1632 deveniret.
2766 1575 2930 1630 V'ides
2979 1574 3140 1645 igitur
3192 1587 3299 1643 quo
3358 1571 3694 1642 perveniat,
3754 1569 3835 1623 ira

2214 1670 2446 1736 sublata,
2478 1678 2532 1723 et
2561 1669 2670 1723 Deo
2694 1667 2965 1737 adempta.
3000 1665 3241 1735 Denique
3263 1674 3354 1718 aut
3384 1662 3568 1717 nullus
3612 1661 3667 1716 id
3700 1676 3840 1716 cre-

532 1771 709 1825 Prima
738 1770 881 1825 enim
904 1769 1167 1823 sententia
1196 1768 1316 1833 fuit,
1343 1768 1475 1822 iram
1508 1770 1561 1823 in
1588 1768 1753 1823 Deum
1776 1785 1882 1825 non
1909 1785 2108 1825 conve-

2233 1762 2320 1827 iit,
2367 1770 2459 1815 aut
2503 1758 2795 1815 admodum
2840 1757 3017 1828 pauci,
3070 1765 3125 1811 et
3169 1754 3388 1824 quidem
3440 1752 3726 1812 scelerati.
3773 1766 3839 1806 ac

525 1866 663 1918 nire.
696 1861 849 1930 Quod
881 1877 1000 1916 cum
1036 1861 1112 1915 illi
1142 1876 1323 1915 verum
1366 1872 1419 1916 et
1453 1863 1870 1932 inexpugnabile
1898 1861 2111 1917 videre-

523 1967 633 2020 tur,
659 1968 764 2009 non
797 1961 1007 2024 poterat
1028 1953 1407 2023 consequentia
1438 1968 1711 2019 recusare,
1738 1952 1860 2023 quia
1893 1968 1999 2007 uno
2031 1953 2111 2007 al-

529 2046 671 2101 l‘ectu
697 2054 995 2114 amputato,
1028 2045 1189 2099 etiam
1220 2054 1450 2098 caeteros
1486 2042 1708 2098 allectus
1737 2043 1976 2099 adimere
2001 2045 2112 2099 Deo

528 2137 828 2192 necessitas
854 2137 969 2205 ipsa
991 2136 1232 2206 cogebat.
1262 2134 1338 2189 Ita
1367 2135 1459 2206 qui
1492 2151 1595 2189 non
1627 2137 1894 2204 irascitur,
1930 2137 2112 2206 utique

524 2244 626 2284 nec
652 2230 821 2299 gratia
853 2236 1123 2294 movetur,
1150 2228 1291 2297 quod
1326 2238 1408 2283 est
1438 2229 1531 2282 irre
1573 2229 1901 2284 contrarium
1946 2246 1958 2282 :
1998 2229 2111 2298 jam

524 2323 569 2375 si
595 2336 691 2376 nec
715 2322 790 2375 ira
819 2321 871 2375 in
903 2337 989 2386 eo,
1012 2336 1111 2376 nec
1129 2322 1302 2391 gratia
1333 2330 1436 2387 est,
1460 2322 1644 2391 utique
1665 2337 1763 2376 nec
1794 2333 1987 2386 metus,
2014 2337 2112 2378 nec

526 2414 732 2477 lmtitia,
760 2429 862 2468 nec
890 2427 1110 2477 maeror,
1151 2426 1251 2467 nec
1274 2412 1669 2467 misericordia.
1704 2411 1818 2467 Una
1850 2424 1933 2469 est
1963 2416 2107 2469 enim

524 2506 659 2559 ratio
686 2505 895 2561 cunctis
916 2504 1218 2572 allectibus,
1244 2520 1344 2558 una
1373 2506 1687 2565 commotio,
1711 2521 1830 2574 qnze
1856 2505 1907 2559 in
1940 2506 2105 2561 Deum

2217 1854 2365 1919 mali,
2393 1853 2482 1923 qui
2510 1860 2733 1922 sperant
2755 1851 2990 1921 peccatis
3024 1849 3135 1903 suis
3162 1848 3564 1917 impunitatem.
3601 1844 3768 1910 Quod
3792 1845 3839 1899 si

2218 1956 2271 2001 et
2303 1946 2404 1999 ltoe
2436 1944 2629 1999 falsum
2660 1944 2951 2008 invenitur,
2988 1957 3087 1997 nec
3125 1941 3258 1995 iram
3292 1940 3343 1994 in
3378 1940 3492 1994 Deo
3530 1953 3686 2006 esse,
3736 1953 3843 1993 nec

2217 2037 2468 2110 gratiam,
2502 2038 2779 2093 veniamus
2817 2035 2885 2091 ad
2928 2034 3082 2101 illud,
3129 2032 3269 2103 quod
3317 2030 3481 2087 tertio
3512 2030 3639 2088 loco
3688 2029 3842 2101 posi-

2220 2139 2331 2184 tum
2359 2137 2466 2183 est.

2859 2238 3085 2297 CAPUT
3123 2239 3191 2295 γ.

2280 2354 2356 2409 De
2388 2352 2494 2409 Deo
2523 2355 2795 2408 stoicorum
2821 2354 3104 2417 sententia;
3133 2352 3196 2404 de
3228 2350 3322 2405 Ira
3351 2360 3400 2405 et
3429 2351 3603 2422 gratia
3637 2352 3775 2422 ejus.

2287 2506 2673 2563 Exisumantur
2719 2506 2912 2570 stoici,
2966 2515 3021 2561 et
3070 2505 3158 2561 alii
3206 2504 3501 2571 nonnulli,
3552 2505 3844 2577 aliquanto

1822 2645 2179 2703 VARIORUM
2218 2646 2447 2702 NOTIE.
3092 2652 3127 2679 ες

524 2758 644 2817 Dei.
675 2762 843 2830 Libri,
874 2761 1004 2816 Deo.
1035 2762 1108 2816 Ita
1140 2761 1419 2816 Salvianus
1462 2760 1555 2814 lib.
1582 2776 1655 2826 tv,
1692 2775 1812 2830 cap.
1847 2759 1880 2814 9
1914 2777 1927 2814 :
1972 2760 2112 2814 Nam

524 2834 609 2903 qui
655 2832 785 2886 nihil
831 2830 994 2900 aspici
1038 2850 1069 2885 (ι
1117 2832 1224 2884 Deo
1270 2831 1541 2903 affirmant,
1587 2846 1746 2903 prope
1782 2840 1877 2895 est,
1927 2841 1983 2884 ut
2025 2833 2110 2885 cui

526 2901 788 2970 aspectum
809 2903 1060 2965 adimunt,
1092 2903 1244 2954 etiam
1274 2902 1611 2954 substantiam
1642 2901 1856 2965 tollant;
1883 2911 1928 2954 et
1963 2917 2112 2971 quem

528 2973 704 3027 dicunt
730 2973 936 3026 omnino
963 2972 1091 3026 nihil
1117 2987 1336 3037 cernere,
1370 2972 1545 3024 dicunt
1585 2972 1739 3024 etiam
1778 2973 1985 3026 omnino
2009 2988 2114 3026 non

529 3058 657 3097 esse.
690 3043 820 3097 BUN.

601 3115 832 3183 Denique
874 3111 1083 3183 Marcus
1124 3111 1345 3174 Tullius,
1382 3121 1486 3166 etc.
1536 3111 1647 3165 Sttb
1690 3111 1849 3183 linem
1881 3112 1971 3170 lib.
2004 3128 2020 3166 ι
2051 3111 2118 3166 de

528 3182 723 3238 Natura
742 3181 892 3238 deor.
917 3200 930 3235 :
969 3181 1143 3235 Verius
1161 3194 1235 3236 est
1257 3183 1433 3253 igitur,
1458 3183 1696 3253 nimirum
1717 3182 2017 3252 illud,quod
2042 3184 2121 3251 [a-

530 3255 746 3308 miliaris
774 3254 997 3306 onmium
1036 3251 1608 3306 nostrum‘Posidonius
1637 3252 1874 3304 disseruit
1896 3251 1965 3305 in
1993 3254 2121 3306 libro

529 3326 701 3392 quinto
730 3325 792 3378 de
821 3323 1030 3377 Natura
1058 3323 1287 3390 deorum,
1318 3324 1487 3377 nullos
1518 3339 1624 3376 esse
1649 3322 1767 3375 deos
1796 3322 2022 3392 Epicuro
2044 3325 2120 3377 vi-

531 3398 660 3447 deri.

533 3536 563 3587 ί.
605 3464 799 3534 Refert.
832 3463 966 3519 Vide
1000 3464 1175 3520 Cicer.
1231 3464 1323 3517 lib.
1377 3480 1389 3517 ι
1427 3464 1495 3517 de
1543 3464 1664 3518 Nat.
1713 3464 1934 3518 deorum
1977 3466 2117 3519 circa

553 3550 713 3587 "lem.

553 3550 713 3589 mem.

616 3604 787 3661 Verbis
819 3606 965 3659 illuni
1001 3606 1121 3658 deos
1151 3606 1452 3675 relinquere,
1498 3608 1667 3672 reipsa
1698 3606 1895 3660 tollere.
1925 3605 2121 3659 Cicero

529 3689 650 3744 cap.
683 3679 733 3745 1,
767 3680 817 3731 in
850 3677 953 3730 line
986 3696 998 3730 :
1030 3677 1193 3745 quue
1228 3678 1399 3729 videns
1433 3675 1703 3740 Epicurus,
1740 3692 1793 3729 re
1821 3677 1972 3739 tollit,
2003 3692 2124 3729 ora-

529 3746 665 3800 tione
686 3749 924 3816 relinquit
947 3747 1114 3812 Deos;
1136 3755 1190 3799 et
1212 3746 1303 3801 lib.
1329 3762 1346 3799 ι
1364 3747 1429 3800 de
1446 3746 1645 3799 Natura
1669 3748 1845 3808 tlelll'.,
1874 3762 1992 3811 cap.
2012 3748 2116 3803 50:

532 3816 833 3883 Epicurum,
881 3835 943 3870 ne
988 3820 1039 3871 in
1081 3816 1411 3883 o/fensionent
1457 3817 1840 3870 Atheniensium
1880 3816 2117 3881 caderet,

529 3887 692 3940 verbis
723 3888 987 3955 reliquisse
1016 3888 1153 3949 deos,
1186 3904 1241 3940 re
1259 3888 1547 3942 sustulisse.
1583 3889 1712 3942 Ilua.

606 3957 742 4020 Quid
763 3974 819 4011 eo
851 3957 1126 4028 fallacius?
1160 3957 1256 4019 Eo,
1289 3958 1495 4028 scilicet
1523 3959 1777 4026 Epicuro,
1805 3958 1930 4027 quid
1956 3959 2115 4028 [alla-

532 4026 679 4079 cius?
718 4026 865 4093 Quod
912 4027 1174 4097 (fallacem
1220 4026 1364 4095 esse)
1409 4044 1440 4078 α
1488 4030 1782 4096 sapiente...
1818 4026 1974 4079 debet
2012 4045 2119 4081 esse

531 4097 776 4151 alienum.
829 4097 945 4150 Mox
1006 4097 1141 4149 inira
1195 4097 1481 4164 Epicurum
1534 4097 1748 4149 fallendi
1792 4098 1972 4149 studio
2016 4098 2114 4151 ista

532 4166 733 4221 dixisse
754 4177 933 4237 negat.
956 4166 1089 4219 Hinc
1110 4167 1298 4220 Cicero
1322 4166 1413 4218 lib.
1440 4183 1454 4220 ι
1478 4167 1544 4219 de
1566 4167 1685 4220 Nat.
1706 4171 1856 4222 deor.
1877 4182 1994 4233 cap.
2010 4167 2114 4220 ὄις

535 4253 613 4307 pr.
664 4238 798 4291 Sunt
832 4236 918 4307 qui
955 4238 1258 4303 existiment,
1298 4236 1433 4307 quod
1473 4237 1560 4290 ille
1605 4237 1756 4307 plane
1798 4236 1999 4289 inscitia
2041 4238 2118 4289 lo-

531 4306 718 4376 quendi
766 4306 959 4376 fecerit,
1012 4309 1188 4376 fecisse
1231 4306 1461 4360 consulto
1504 4324 1521 4359 :
1558 4306 1620 4359 de
1668 4307 1870 4360 homine
1913 4307 2118 4359 minime

530 4378 679 4449 vafro
710 4379 883 4449 (Lact.
915 4394 1013 4449 non
1040 4381 1270 4444 versuto)
1292 4376 1431 4449 male
1460 4378 1768 4431 existimant.
1804 4377 1936 4429 BUN.

2146 3074 2193 3138 Ο

2215 2776 2335 2831 qum
2380 2762 2601 2817 omnino
2637 2759 2993 2831 Ciceroniana
3040 2768 3144 2822 est,
3194 2758 3408 2814 restitui
3452 2763 3840 2831 ex_omnibtts
3905 2787 3913 2792 -

2220 2828 2385 2900 prope
2411 2846 2540 2887 mss.
2574 2830 2869 2885 codicibus.
2904 2829 2960 2883 ιιι
2984 2831 3153 2883 tribus
3177 2845 3288 2885 rec.
3319 2832 3482 2884 estin
3514 2828 3665 2896 Deo;
3691 2834 3747 2888 in
3780 2837 3846 2889 l5

2216 2902 2379 2956 editis
2406 2913 2492 2957 est
2531 2901 2638 2955 Deo
2669 2901 2787 2955 sine
2818 2901 3213 2969 prrepositionc.

2288 2970 2657 3043 Consequentia
2695 2986 2946 3025 recusare.
2979 2970 3069 3026 Sic
3102 2970 3317 3043 reposui
3350 2987 3415 3043 ex
3447 2975 3671 3028 cunctis
3716 2979 3838 3031 fere.

2222 3034 2474 3111 scriptis.'
2497 3044 2548 3096 lu
2579 3042 2749 3096 tribus
2777 3058 2905 3095 mss.
2935 3051 2991 3096 et
3013 3042 3047 3095 2
3074 3034 3180 3095 vet:
3208 3034 3337 3094 edit.
3375 3041 3537 3097 Rom.
3573 3055 3659 3098 est
3684 3063 3840 3099 recu-

2224 3115 2367 3178 sari;
2397 3115 2450 3168 iu
2470 3114 2504 3166 ’5
2527 3128 2637 3167 rer.
2663 3126 2824 3166 manu
2848 3115 3080 3166 exaratis
3102 3122 3155 3167 et
3184 3113 3369 3166 multis
3389 3111 3554 3166 editis
3579 3131 3842 3172 resecare.

2298 3182 2409 3238 Nec
2449 3185 2549 3238 ira.
2592 3183 2668 3237 Ita
2713 3198 2901 3236 omnes
2945 3197 3073 3237 mss.
3121 3195 3318 3251 praeter
3358 3182 3395 3235 2
3439 3182 3580 3253 Reg.
3617 3202 3738 3243 rec.
3785 3190 3841 3242 itt

2224 3254 2419 3323 quibus
2448 3263 2530 3309 est
2552 3270 2653 3307 non
2677 3254 2776 3316 ira,
2809 3263 2865 3307 ttt
2893 3254 2943 3308 in
2971 3254 3145 3308 editis.

2298 3323 2424 3405 Quae
2447 3327 2500 3405 in
2526 3323 2691 3378 Deum
2720 3324 3031 3405 caderem-on
3063 3336 3245 3405 patest.
3273 3324 3473 3405 Scribit
3503 3326 3836 3385 Lactantius

2226 3393 2341 3449 haec
2356 3393 2534 3451 'verba
2565 3410 2634 3448 ex
2666 3405 2846 3448 mente
2879 3396 3111 3460 Epicuri,
3142 3412 3246 3448 non
3276 3411 3394 3448 sua.
3428 3396 3561 3451 BUN.

2297 3466 2561 3533 Sapientis
2594 3464 2832 3535 hominis.
2870 3464 3106 3535 Epicuri.
3138 3481 3233 3534 per
3258 3467 3489 3519 ironiam
3524 3468 3605 3522 sic
3635 3469 3798 3525 dicti.

2296 3534 2518 3589 Restitit.
2560 3535 2659 3608 Ms.
2688 3534 3136 3608 Goth._perstitit;
3177 3535 3212 3588 2
3254 3536 3398 3608 Ῑὶιξςἒ
3432 3552 3547 3592 rec.
3592 3551 3645 3592 et
3677 3541 3838 3608 edd.,

2224 3608 2467 3681 constitit.
2500 3635 2576 3681 ς-τ
2598 3605 2821 3660 Restitit.
2864 3605 2937 3681 De
2967 3605 3187 3681 Opil._c.
3216 3606 3283 3661 14
3314 3624 3327 3657 :
3360 3606 3513 3681 Circa
3552 3609 3654 3662 hoc
3701 3605 3837 3681 apus

2223 3678 2374 3730 honto
2414 3678 2631 3738 resistit;
2668 3684 2722 3729 et
2748 3691 2864 3743 cap.
2898 3676 2930 3728 7
2964 3693 2976 3729 :
3014 3675 3208 3742 Quibus
3249 3693 3390 3730 mens
3420 3679 3537 3732 si...
3593 3675 3843 3737 resislere

2224 3749 2361 3812 velit,
2392 3757 2633 3817 tauquam
2658 3747 2956 3817 retinaculis
2985 3758 3226 3800 uteretur.
3264 3748 3395 3802 BUN.

2297 3818 2411 3882 Quo
2432 3816 2708 3888 perveniat.
2738 3816 2865 3870 Mss.
2880 3817 3107 3889 ibabcnlA
3121 3820 3420 3885 pervenias;
3438 3818 3477 3871 9.
3497 3823 3799 3889 perveniret
3820 3844 3839 3889 ,-

2226 3887 2439 3957 plurinti
2483 3888 2634 3952 editi,
2688 3888 3025 3957 perveniatur.
3079 3887 3470 3956 Quamplnrinti
3499 3887 3663 3944 ‘mss.
3699 3906 3757 3948 et
3800 3887 3835 3948 ‘2

2221 3967 2350 4085 lvett.
2383 3958 2504 4014 edd.
2541 3958 2696 4031 llum.
2728 3967 2785 4011 ut
2823 3958 2874 4011 in
2908 3966 3052 4012 textu
3083 3961 3362 4028 perveniat,
3403 3959 3679 4029 Epicurus
3718 3967 3834 4019 sci-

2245 4041 2365 4083 tcet.

2245 4041 2365 4083 tcet.

2295 4098 2677 4175 Impunitatem,
2716 4108 2828 4175 _etc_.
2878 4099 3285 4175 Hanc_spera_re
3331 4113 3694 4175 nOnUpotest,
3742 4109 3836 4175 qui

2224 4168 2389 4224 Deum
2415 4170 2555 4223 novit
2583 4170 2919 4235 omniscium,
2952 4184 3005 4224 et
3031 4172 3410 4236 jnstissimunt.
3448 4172 3587 4227 Nam
3631 4186 3691 4229 et
3720 4168 3837 4229 nia-

2220 4240 2474 4307 gistratus
2501 4252 2665 4307 saepe,
2700 4248 2754 4293 et
2783 4240 3171 4310 luditnagister,
3202 4253 3258 4296 et
3288 4252 3439 4311 pater
3469 4261 3704 4299 suorum
3737 4248 3839 4300 de-

2223 4313 2340 4364 licta
2368 4312 2484 4364 sine
2526 4311 2599 4362 ira
2629 4312 2874 4379 puniunt,
2918 4312 3274 4379 promptiores
3315 4314 3381 4367 ad
3430 4316 3687 4380 Veniam,
3726 4320 3832 4371 nisi

2220 4380 2494 4455 disciplina
2516 4380 2601 4455 _vc|
2631 4381 2863 4455 publica,
2896 4382 2978 4434 vel
3008 4383 3306 4455 domestica
3340 4384 3486 4437 aliud
3521 4386 3555 4438 ιι
3579 4388 3831 4455 igitaret.

606 4446 1059 4523 Consignarctslta
1097 4447 1305 4523 restitui
1335 4461 1401 4500 ex
1435 4448 1469 4501 9
1498 4449 1775 4523 impressis
1800 4447 2116 4523 cunctisque
2142 4452 2196 4511 D
2221 4446 2402 4523 Neque
2443 4450 2585 4523 enim
2629 4446 2785 4523 unus
2809 4451 3066 4523 duntaxat
3112 4454 3231 4507 linis
3270 4454 3526 4523 puniendi
3550 4499 3565 4518 ,
3597 4446 3835 4513 ‘ratiovc

535 4533 665 4575 mss.
699 4515 890 4585 printer
918 4519 1066 4587 Lips.
1098 4519 1148 4571 in
1177 4534 1283 4587 quo
1312 4527 1397 4572 est
1426 4521 1838 4587 consignaretur.
1869 4515 1925 4569 In
1957 4515 2117 4572 caste-

534 4590 609 4669 τις
656 4592 814 4645 editis
854 4601 937 4644 est
983 4586 1354 4659 consignemus.
1402 4586 1661 4651 Francius
1706 4588 1954 4652 malebat,
1995 4603 2117 4642 con-

530 4674 765 4729 signant.

615 4732 859 4789 Inductus
898 4734 1049 4786 enim.
1082 4730 1171 4786 Sic
1197 4729 1477 4786 emendavi
1508 4745 1573 4783 ex
1617 4729 1865 4783 omnibus
1904 4743 2032 4782 mss.
2063 4739 2118 4788 et

534 4818 656 4861 octo
691 4806 849 4860 editis
890 4804 1184 4858 veteribus.
1228 4802 1292 4855 Et
1328 4816 1416 4855 res
1450 4802 1523 4854 ita
1565 4800 1759 4868 poscit.
1790 4797 1982 4853 Cmteri
2020 4803 2117 4854 im-

538 4877 704 4944 pressi
730 4877 927 4931 habent
954 4874 1209 4928 indoctus.
1235 4901 1316 4944 -ςΑ
1333 4871 1597 4944 Inductus.
1618 4869 1735 4924 Lib.
1762 4886 1843 4935 ιιι,
1867 4885 1985 4937 cap.
2012 4871 2078 4944 17
2100 4888 2111 4922 :

536 4941 663 5001 Cum
691 4947 797 4998 haec
822 4947 978 5013 igitur
1006 4946 1248 5013 cogitaret
1272 4941 1759 5013 Epicurus,_e_arum
1788 4941 2117 5013 rerumvelut

535 5017 800 5085 iniquitate
839 5009 1143 5068 inductus...
1192 5012 1514 5085 existimavit.
1559 5010 1703 5081 Lips.
1732 5010 1766 5064 ‘2
1797 5021 1852 5065 et
1879 5009 2113 5065 Reimm.

541 5082 791 5140 Inductus
821 5086 1021 5139 enirn...
1053 5099 1168 5136 vero
1196 5082 1398 5151 legunt.

614 5156 777 5210 Unius
802 5156 1077 5208 sententiae.
1114 5153 1357 5221 Expunxi
1386 5161 1443 5205 ιιι
1470 5151 1708 5206 inutilem
1738 5151 1886 5222 falsa:
1907 5165 2114 5217 vocem,

538 5242 699 5297 quam
738 5226 983 5297 inserunt
1023 5221 1428 5297 quamplurimi_
1445 5222 1569 5275 editi
1588 5238 1631 5297 ε,
1648 5229 2117 5297 respuuntﬂautem

537 5290 727 5351 timnes
748 5296 953 5363 seripti,
983 5290 1091 5347 tres
1114 5290 1218 5346 vet.
1242 5294 1371 5347 edit.
1397 5293 1574 5356 noun,
1606 5291 1877 5354 Parrbas.,
1895 5290 2114 5363 (Iollan,

544 5367 750 5422 Walcb.
802 5362 874 5406 -ἑ
926 5363 1091 5417 Unius
1139 5364 1412 5416 sententiae.
1468 5364 1625 5427 Ald.,
1681 5362 1852 5428 Crat.,
1895 5362 2115 5429 Cyrum,

540 5437 688 5515 Eas”
710 5435 941 5515 Ghrypbq
970 5433 1381 5515 Be_tul.,'lorn.,
1403 5431 1685 5515 Thomas:
1715 5432 1893 5495 lsmus,
1924 5431 2115 5515 'l'bvs.,

540 5508 705 5571 Galb,
737 5504 929 5572 Spark.
962 5507 1111 5557 unius
1145 5505 1293 5572 falsa:
1329 5505 1603 5557 sententiw.
1647 5504 1711 5557 Et
1750 5513 1864 5556 erat
1898 5504 2115 5556 omti’ino

565 5579 673 5631 'alsa
701 5594 718 5631 :
746 5576 888 5631 unde
918 5590 1035 5630 eam
1074 5575 1385 5629 Lactantius
1422 5573 1654 5637 refutat;
1701 5583 1756 5627 at
1789 5574 2113 5644 antiquiores

557 5648 657 5703 ibri
682 5662 785 5703 non
811 5657 1125 5717 agnoscunt.
1157 5645 1288 5700 Bon.
1416 5672 1423 5677 ν

532 5774 540 5785 ,
608 5717 747 5774 Iram
788 5714 1047 5773 in‘Deum
1087 5733 1188 5772 non
1226 5718 1507 5773 convenire.
1557 5714 1706 5772 Hanc
1745 5714 2066 5771 locutionem
2091 5757 2105 5781 ,

2225 4520 2518 4594 castigandi
2546 4530 2647 4583 est,
2695 4521 2789 4576 sed
2821 4522 2999 4590 plures
3034 4542 3045 4574 ε
3076 4539 3216 4593 (μω,
3252 4520 3309 4577 ιιι
3350 4527 3553 4594 reipsa.
3608 4529 3682 4581 ita
3734 4545 3836 4582 no-

2227 4591 2711 4667 tnittibnsqttmtue
2746 4594 2884 4645 inter
2912 4607 2971 4647 se
3004 4591 3224 4648 distant.
3257 4596 3331 4650 De
3368 4591 3477 4665 quo
3523 4598 3650 4667 lege
3683 4598 3830 4656 Gell.

2225 4662 2264 4715 ι.
2288 4677 2361 4720 vt,
2386 4675 2434 4715 c.
2469 4661 2555 4715 id.
2585 4661 2788 4717 BETUL.

2299 4731 2864 4810 Existimautur__stoici,
2896 4741 2998 4810 etc.
3024 4733 3390 4810 Reprehendit
3424 4739 3656 4810 stoicos,
3683 4742 3835 4810 quod

2229 4802 2336 4881 Qeo
2365 4805 2589 4881 gratiam
2620 4803 2874 4869 tribuunt,
2911 4805 3442 4881 clementemnsolum
3474 4809 3579 4863 sibi
3620 4802 3837 4881 lin'gaut

2228 4873 2419 4937 Deum,
2444 4888 2547 4926 non
2576 4874 2699 4927 item
2727 4890 2998 4946 severum,
3024 4875 3297 4930 iracundia
3322 4879 3496 4946 ipsum
3519 4873 3833 4946 privarites.

2226 4945 2609 5019 Argumentum
2666 4944 2999 5011 potissimum
3047 4961 3154 5015 quo
3207 4944 3415 5012 nititur,
3462 4944 3552 5003 est
3602 4971 3618 5007 :
3668 4954 3835 5019 Quod

2223 5016 2550 5094 omnianqnae
2581 5026 2878 5094 moventur,
2921 5027 3243 5071 moveantur
3280 5020 3330 5094 in
3372 5032 3667 5090 utramque
3696 5016 3837 5091 par-

2227 5092 2331 5156 tem
2359 5102 2376 5156 :7
2394 5084 2561 5156 Deum
2584 5086 2782 5156 itaque,
2810 5085 2854 5138 si
2887 5096 3164 5141 moveatur
3191 5091 3385 5156 gratia,
3418 5084 3630 5145 move-ri
3661 5084 3834 5148 eliatn

2225 5154 2322 5234 ira.
2364 5155 2488 5234 lloc_
2521 5155 2897 5234 concederent,
2939 5157 2994 5234 si
3024 5154 3216 5211 sensus
3253 5163 3499 5230 corporis
3539 5164 3837 5234 utriusque

2225 5223 2523 5303 all'ectiouis
2561 5228 2818 5303 oppositae
2861 5226 3128 5303 particeps
3175 5241 3321 5283 esset
3338 5223 3368 5291 ,“
3389 5240 3446 5284 ιιι
3487 5249 3502 5303 ς
3544 5223 3832 5303 Quidquid

2227 5294 2391 5367 sentit
2418 5297 2671 5367 calorem,
2713 5296 2851 5349 idem
2897 5294 3320 5367 frigus'quoque
3366 5294 3593 5356 sentit:
3610 5294 3727 5359 Sed
3774 5307 3831 5361 in

2224 5364 2387 5440 Deum
2415 5364 2564 5437 (quia
2604 5366 2952 5440 incorporeus
2974 5368 3085 5440 est)
3115 5364 3262 5440 nulla
3291 5372 3470 5440 passio
3499 5374 3651 5429 cadit
3695 5394 3709 5429 :
3744 5375 3831 5431 Ira

2218 5437 2398 5503 passio
2428 5436 2538 5501 est,
2589 5445 2644 5490 et
2679 5436 2750 5490 ob
2799 5436 2849 5490 id
2896 5436 3251 5493 imbecillitas.
3292 5436 3480 5495 Gratia
3527 5459 3669 5499 vero
3713 5462 3831 5501 non

2217 5506 2398 5580 modo,
2437 5519 2552 5580 non
2588 5508 2763 5574 passio
2792 5516 2893 5580 est,
2931 5508 3028 5561 sed
3067 5511 3239 5564 virtus
3267 5511 3511 5580 insuper,
3543 5526 3602 5569 et
3643 5518 3829 5573 virtus

2215 5575 2392 5630 divina
2426 5593 2438 5629 :
2467 5576 2588 5655 quia
2624 5577 2978 5655 χρηστότητος
3009 5594 3139 5655 pars
3171 5596 3290 5647 qua:
3340 5575 3450 5635 Deo
3492 5575 3594 5638 soli
3642 5599 3823 5655 recte,

2216 5659 2323 5731 non
2354 5655 2416 5731 ut
2442 5646 2710 5731 accidens,
2741 5649 2836 5701 sed
2870 5660 2923 5701 ut
2966 5646 3237 5731 proprium
3277 5655 3585 5731 ᾀχώριστον
3618 5646 3825 5713 tribui;

2216 5725 2321 5772 tur.
2354 5716 2431 5772 Ex
2457 5716 2650 5786 quibus
2680 5731 2918 5788 apparet,
2943 5716 3166 5791 gratiam
3197 5732 3249 5777 et
3277 5716 3413 5777 iraitn'
3447 5725 3499 5779 in
3531 5728 3668 5795 Deo,
3705 5748 3822 5788 non
