3970 6320
203 232 274 288 39
1528 235 1730 291 LIBER
1771 234 1859 291 DE
1898 232 2015 292 IRA
2055 233 2186 289 DEI.

3441 224 3515 283 90

202 346 402 403 melius
430 346 503 402 de
534 346 832 404 Diviuitate
869 349 1126 416 sensisse,
1158 349 1250 420 qui
1288 349 1460 416 aiunt,
1496 350 1726 419 gratiam
1756 350 1810 405 in
1835 352 1891 414 Α
1914 350 2180 404 maximus
2210 346 2315 404 diei
2346 347 2576 418 poterit,
2626 346 2771 419 quod
2807 346 3012 418 expetit
3036 344 3220 403 divina
3247 346 3510 403 caelestis-

204 439 315 494 Deo
342 453 490 505 esse,
535 440 674 495 iram
716 453 824 495 non
872 454 1013 496 esse.
1050 440 1382 496 Favorabilis
1410 440 1720 509 admodum,
1750 455 1813 497 ac

200 533 487 604 popularis
523 535 727 601 oratio,
774 549 883 590 non
933 534 1131 591 cadere
1172 536 1225 590 iu
1266 536 1433 591 Deum
1478 536 1618 591 hanc
1647 535 1814 591 animi

201 623 588 696 pusillitatem,
623 634 682 679 ut
710 625 778 680 ab
806 625 920 681 ullo
948 643 1008 681 se
1032 627 1219 681 laesum
1243 636 1414 697 putet,
1444 629 1535 698 qui
1557 628 1681 683 laedi
1703 642 1812 684 non

202 723 422 783 potest;
457 725 514 769 ut
540 715 723 785 quieta
751 716 863 782 illa,
892 726 946 772 et
973 728 1157 772 sancta
1192 718 1447 789 majestas
1475 720 1800 787 concitetur,

205 807 593 877 perturbetur,
626 808 884 874 insaniat,
923 809 1066 881 quod
1097 820 1179 865 est
1224 821 1451 866 terrena:
1489 809 1808 880 fragilitatis.

206 902 344 957 Iram
374 902 524 958 enim
547 945 562 968 ,
592 904 1016 959 commotionem
1050 904 1245 959 mentis
1285 919 1408 960 esse
1438 919 1501 960 ac
1529 890 1813 975 perturba-

208 994 438 1062 tionem,
489 1011 611 1065 qua:
654 996 723 1050 sit
767 1011 797 1048 a
850 995 958 1050 Deo
1003 995 1201 1049 aliena.
1250 994 1404 1063 Quod
1449 996 1494 1050 si
1536 994 1810 1051 hominem

205 1101 446 1157 quoque,
477 1087 569 1155 qui
598 1085 765 1141 modo
792 1086 863 1141 sit
891 1085 1108 1156 sapiens
1134 1094 1189 1142 et
1214 1087 1418 1158 gravis,
1469 1088 1545 1142 ira
1587 1103 1694 1142 non
1720 1086 1813 1142 de-

205 1189 325 1232 ceat
366 1180 437 1249 (si
467 1178 709 1249 quidem.
739 1195 861 1234 cum
898 1180 955 1259 in
989 1178 1227 1234 animum
1257 1179 1572 1250 cujusquam
1605 1179 1810 1247 incidit,

205 1272 353 1327 velut
381 1287 526 1326 saeva
552 1280 849 1342 tempestas
868 1280 1046 1327 tantos
1069 1273 1270 1328 excitet
1295 1270 1511 1339 fluctus,
1533 1281 1591 1327 ut
1610 1281 1811 1327 statum

210 1366 415 1421 mentis
449 1366 727 1430 immutet,
770 1364 1057 1420 ardescant
1088 1364 1252 1430 oculi,
1287 1380 1348 1419 os
1378 1372 1603 1431 tremat,
1633 1364 1812 1435 lingua

205 1460 429 1525 titubet,
468 1459 660 1515 dentes
690 1469 1041 1529 concrepent,
1076 1459 1301 1514 alternis
1328 1458 1535 1513 vultum
1581 1458 1814 1514 maculet

202 1570 352 1609 nunc
382 1553 625 1609 suffusus
649 1553 837 1619 rubor,
862 1568 1004 1608 nunc
1028 1553 1199 1623 pallor
1229 1552 1537 1624 albescens)
1565 1569 1578 1605 :
1609 1560 1815 1622 quanto

199 1648 379 1718 magis
421 1646 594 1701 Deum
644 1661 751 1699 nou
792 1644 985 1722 deceat
1016 1654 1125 1699 tam
1169 1643 1309 1701 {teda
1342 1644 1612 1701 mutatio?
1655 1645 1723 1700 Et
1767 1646 1812 1701 si

1917 459 2021 516 que
2047 450 2260 498 natura.
2311 440 2445 497 Nam
2472 442 2516 497 si
2547 441 2689 498 inter
2716 440 2964 498 homines
2997 438 3266 497 laudabile
3300 437 3511 496 videtur

1916 537 2173 609 prodesse
2236 537 2416 607 potius
2486 551 2647 609 quam
2716 550 2944 603 nocere,
2988 532 3279 590 .vivillcare
3345 547 3508 605 quam

1913 631 2194 698 occidere,
2243 630 2487 699 salvare,
2549 646 2711 702 quam
2763 628 3027 700 perdere,
3081 642 3181 684 nec
3239 626 3514 684 immerito

1914 723 2222 779 innocentia
2282 723 2424 778 inter
2479 723 2704 778 virtutes
2755 729 3070 777 numeratur
3133 730 3189 777 et
3255 718 3346 791 qui
3396 718 3514 776 huic

1914 814 2120 883 fecerit,
2142 814 2402 887 diligitur,
2418 813 2725 886 praefertur,
2748 822 2990 880 ornatur,
3013 811 3316 870 benedictis
3330 810 3511 867 omni-

1912 907 2012 962 bus
2030 906 2276 978 votisque
2287 907 2615 969 celebratur,
2634 905 2865 975 denique
2879 904 2950 960 ob
2967 903 3160 960 merita
3176 912 3232 959 et
3246 901 3509 959 beneficia

1916 996 2027 1053 Deo
2050 997 2360 1052 simillimus
2380 996 2690 1067 judicatur;
2722 1004 2921 1066 quanto
2944 994 3111 1064 magis
3140 994 3315 1064 ipsum
3339 992 3510 1049 Deam

1917 1104 2014 1160 par
2032 1096 2136 1156 est,
2168 1089 2363 1145 divinis
2384 1087 2745 1159 perfectisque
2764 1086 3050 1144 virtutibus
3081 1085 3505 1157 praecellentem,

1913 1192 2073 1253 atque
2098 1181 2166 1236 ab
2204 1182 2350 1237 omni
2394 1190 2605 1237 terrena
2645 1182 2767 1237 labe
2807 1186 3135 1236 summotum
3162 1220 3177 1246 ,
3218 1178 3415 1235 divinis
3453 1185 3511 1235 et

1920 1272 2232 1330 cmlesubns
2262 1272 2538 1329 beneﬁciis
2578 1288 2739 1329 omne
2772 1287 2941 1344 genus
2978 1272 3253 1327 hominum
3298 1284 3514 1343 prome-

1915 1367 2063 1423 reri?
2126 1366 2380 1436 Speciose
2434 1366 2570 1431 ista,
2632 1365 3068 1437 populariterque
3118 1364 3408 1434 dicuntur,
3456 1374 3511 1421 et

1916 1457 2115 1514 multos
2142 1458 2367 1514 illiciunt
2391 1458 2457 1514 ad
2484 1456 2811 1513 credendqu
2831 1475 2844 1510 :
2872 1456 2968 1513 sed
2991 1457 3083 1527 qui
3111 1456 3228 1513 haec
3248 1456 3508 1524 sentiunt,

1914 1550 1982 1607 ad
2015 1550 2294 1611 veritatem
2324 1549 2540 1620 quidem
2569 1549 2790 1621 propius
2818 1548 3110 1611 accedunt;
3149 1547 3245 1604 sed
3271 1547 3326 1602 iu
3350 1556 3509 1619 parte

1918 1641 2203 1709 labuntur,
2238 1649 2483 1696 naturam
2511 1641 2590 1695 rei
2624 1655 2815 1711 parum
2842 1639 3268 1695 considerantes.
3308 1638 3444 1696 Nam
3465 1641 3514 1697 si

199 1733 405 1802 homo,
437 1738 531 1806 qui
559 1736 729 1792 habet
768 1736 1054 1808 imperium
1083 1751 1147 1791 ac
1186 1746 1529 1806 potestatem,
1563 1732 1671 1793 laie
1712 1751 1811 1793 no-
1842 1732 1891 1792 B
1918 1735 2059 1791 Deus
2093 1722 2198 1790 non
2229 1733 2481 1789 irascitur
2510 1733 2689 1801 impiis
2710 1741 2766 1788 et
2784 1731 3025 1801 iniustis,
3056 1746 3157 1787 nec
3187 1732 3305 1802 pios
3326 1731 3511 1802 utique

200 1836 326 1881 ceat
358 1841 458 1905 per
495 1828 655 1893 iram,
690 1828 1006 1899 sanguinem
1050 1826 1259 1894 fundat,
1303 1828 1465 1884 urbes
1510 1829 1806 1898 subvertat,

203 1919 447 1990 populos
489 1918 690 1988 deleat,
734 1921 1041 1989 provincias
1081 1921 1146 1975 ad
1190 1920 1537 1976 solitudinem
1569 1922 1808 1992 redigat;

208 2020 423 2082 quanto
453 2010 626 2081 magis
656 2012 845 2081 Deum,
894 2013 984 2083 qui
1027 2012 1222 2068 habeat
1263 2013 1427 2069 totius
1470 2016 1688 2084 generis
1714 2015 1815 2070 hu-

203 2104 383 2169 mani,
415 2113 473 2160 et
498 2105 669 2176 ipsius
697 2105 881 2160 mundi
912 2114 1252 2176 potestatem,
1287 2106 1620 2176 perditurum
1648 2106 1815 2164 fuisse

198 2197 466 2252 universa
496 2196 757 2251 credibile
783 2196 871 2262 sit,
905 2196 951 2252 si
981 2196 1349 2253 irasceretur?

192 2300 205 2344 ξ
270 2288 489 2347 Abesse
520 2288 687 2357 igitur
722 2288 791 2342 ab
829 2304 895 2344 eo
926 2297 1034 2343 tam
1070 2304 1354 2360 magnum,
1388 2298 1497 2345 tam
1533 2289 1810 2362 pernicio-

198 2396 327 2437 sum
357 2380 561 2436 malum
588 2388 865 2451 oportere.
924 2379 995 2435 Et
1016 2380 1062 2435 si
1092 2380 1230 2436 absit
1259 2381 1327 2437 ab
1355 2396 1421 2437 eo
1451 2382 1527 2437 ira
1548 2424 1562 2449 ,
1594 2393 1646 2439 et
1677 2399 1809 2440 con-

192 2474 421 2540 citatio,
452 2473 577 2544 quia
603 2480 662 2529 et
688 2472 968 2539 deformis,
998 2481 1054 2528 et
1087 2474 1247 2528 noxia
1277 2483 1396 2541 est,
1428 2488 1528 2531 nec
1555 2476 1805 2547 cuiquam

192 2562 546 2628 malefaciat,
598 2563 734 2619 nihil
762 2563 909 2619 aliud
939 2576 1222 2635 superesse
1243 2607 1259 2635 ,
1302 2565 1403 2621 nisi
1445 2574 1504 2621 ut
1538 2568 1608 2622 sit
1641 2567 1800 2637 lenis,

196 2658 566 2727 tranquillus,
607 2658 910 2730 propitius,
949 2659 1251 2727 beneficus,
1299 2671 1668 2719 conservator.
1728 2664 1804 2721 Ita

195 2748 348 2803 enim
377 2748 599 2805 demum
621 2757 676 2805 et
694 2750 997 2806 communis
1023 2752 1264 2806 omnium
1293 2763 1467 2823 pater,
1496 2764 1551 2810 et
1571 2757 1805 2825 optimus

1910 1830 2196 1901 justosque
2224 1827 2419 1899 diligit.
2468 1828 2610 1897 Ergo
2636 1826 2970 1881 constantior
2988 1836 3073 1881 est
3091 1840 3247 1881 error
3268 1824 3504 1892 illorum,

1914 1924 2005 1994 qui
2033 1932 2088 1977 et
2118 1922 2252 1976 iram
2278 1920 2463 1987 simul,
2496 1929 2550 1974 et
2578 1918 2801 1990 gratiam
2831 1917 3046 1972 tollunt.
3088 1915 3147 1971 In
3177 1914 3338 1971 rebus
3359 1917 3501 1971 enim

1914 2014 2181 2079 diversis,
2227 2020 2321 2068 aut
2364 2013 2420 2067 in
2461 2021 2744 2081 utramque
2788 2019 2997 2081 partem
3041 2006 3249 2063 moveri
3287 2020 3512 2063 necesse

1915 2119 2029 2179 est,
2068 2118 2161 2163 aut
2192 2109 2245 2163 iu
2275 2117 2543 2163 neutram.
2585 2105 2664 2161 Ita
2690 2106 2779 2177 qui
2819 2104 2990 2161 bonos
3017 2103 3225 2175 diligit,
3255 2111 3311 2158 et
3340 2102 3511 2157 malos

1918 2201 2063 2267 odit,
2094 2213 2150 2258 et
2170 2202 2260 2273 qui
2295 2200 2466 2257 malos
2495 2214 2602 2255 non
2633 2197 2779 2267 odit,
2826 2213 2928 2254 nec
2957 2197 3130 2253 bonos
3152 2194 3355 2267 diligit:
3384 2194 3513 2265 quia

1917 2305 1973 2351 et
1998 2294 2223 2365 diligere
2248 2295 2449 2359 bonos,
2495 2307 2563 2348 ex
2585 2290 2712 2347 odio
2750 2290 3015 2346 malorqu
3043 2290 3215 2353 venit;
3256 2296 3310 2343 et
3342 2286 3513 2342 malos

1911 2386 2125 2455 odisse,
2155 2402 2220 2442 ex
2264 2387 2528 2442 bonorum
2560 2384 2827 2441 charitate
2864 2380 3166 2439 descendit.
3221 2379 3394 2436 Nemo
3429 2386 3516 2434 est

1907 2480 2000 2550 qui
2028 2488 2173 2534 amet
2198 2478 2361 2534 vitam
2392 2477 2509 2533 sine
2530 2476 2657 2533 odio
2686 2476 2898 2543 mortis,
2930 2490 3030 2531 nec
3056 2482 3273 2546 appetat
3296 2472 3495 2537 lucem,

1906 2572 2008 2628 nisi
2048 2573 2138 2645 qui
2177 2572 2425 2628 tenebras
2466 2570 2617 2640 fugit.
2680 2569 2831 2624 Adeo
2882 2578 3071 2623 natura
3116 2567 3219 2621 ista
3259 2577 3503 2621 connexa

1907 2676 2050 2732 sunt,
2081 2673 2141 2721 ut
2163 2666 2391 2721 alterum
2417 2664 2533 2719 sine
2558 2662 2730 2717 altero
2756 2659 2873 2717 ﬁeri
2904 2666 3160 2730 nequeat.

1984 2756 2043 2812 Si
2070 2757 2191 2829 quis
2217 2754 2476 2812 Dominus
2504 2751 2706 2809 habens
2734 2753 2789 2808 iu
2820 2749 3022 2807 familia
3051 2762 3260 2817 servos,
3305 2746 3507 2804 bouum

1502 2891 1588 2947 VA
1598 2892 1861 2952 RlORUM
1896 2894 2127 2952 ΝΟΤΛΕ.

194 3038 256 3084 ιιι
285 3028 343 3082 in
372 3027 713 3099 magistratu,
741 3041 838 3082 seu
862 3025 1126 3099 principe,
1154 3030 1426 3084 contrario
1447 3043 1512 3085 ex
1536 3030 1801 3087 diametro
1825 3032 1872 3095 C

191 3114 339 3154 esse.
380 3098 704 3153 BBTULElUS.

270 3170 511 3223 (.‘ratiam
548 3172 601 3223 in
630 3168 740 3224 Deo
784 3187 911 3233 esse,
958 3172 1087 3224 iram
1128 3187 1228 3223 non
1267 3187 1396 3225 esse.
1444 3171 1514 3227 Ut
1559 3175 1649 3242 qui
1697 3189 1800 3228 non

194 3242 331 3295 velit
372 3242 593 3304 obesse,
624 3256 711 3295 me
750 3244 941 3311 possit,
972 3252 1027 3295 ut
1064 3243 1137 3296 ait
1170 3243 1361 3298 Senec.
1408 3242 1499 3297 lib.
1532 3259 1567 3297 ιι
1595 3245 1663 3299 de
1694 3245 1797 3310 ira,

198 3314 291 3367 ubi
322 3312 392 3365 de
425 3312 528 3364 hoc
556 3310 797 3366 disserit.
832 3310 1019 3367 lsesus.

275 3381 606 3455 Farorabilis
650 3382 950 3455 admodum.
997 3382 1071 3437 Ita
1112 3383 1472 3455 antiquissimi
1519 3394 1573 3439 et
1617 3385 1803 3455 Optimi

194 3470 336 3508 mss.
371 3454 714 3523 Regio-PaL,
754 3453 790 3507 2
834 3455 1065 3513 Βυιιοιι..
1111 3453 1145 3505 ’5
1172 3453 1437 3519 Culbert.,
1478 3453 1800 3519 Tax.,'Pcu.

195 3526 420 3596 Auctor
451 3534 637 3596 uoster
677 3525 975 3596 [morabilis
1004 3526 1176 3578 active
1218 3526 1416 3594 posuit,
1449 3526 1590 3596 quod
1623 3542 1803 3581 rarqu

194 3606 301 3649 est.
339 3594 632 3649 Admodum
659 3594 811 3650 abest
840 3610 871 3647 a
901 3595 968 3649 10
996 3612 1125 3649 mss.
1155 3606 1206 3648 et
1230 3612 1256 3646 a
1288 3596 1354 3650 15
1382 3594 1564 3651 editis.

272 3664 560 3735 Papularis
583 3668 771 3719 oratio.
817 3665 869 3719 ld
909 3676 1013 3731 est,
1054 3682 1171 3732 qua:
1213 3667 1407 3734 populo
1448 3677 1593 3733 grata
1634 3679 1717 3723 est
1753 3679 1808 3725 et

193 3747 452 3807 accepta,
481 3752 603 3806 qua:
629 3738 811 3789 studet
841 3737 1100 3791 voluntati
1127 3738 1325 3806 populi.
1355 3737 1582 3792 Waccn.

268 3808 453 3861 Animi
479 3807 835 3877 pusillitatem.
870 3807 997 3862 Mss.
1022 3808 1055 3862 6
1086 3822 1198 3862 rec.
1234 3820 1288 3863 et
1326 3810 1359 3862 5
1400 3810 1551 3877 edd.,
1585 3811 1807 3880 pusilla-

193 3880 508 3933 nimitatem.

274 3949 428 4002 Iram
462 3949 619 4015 enim,
653 3950 1039 4002 commotionem
1080 3950 1256 4003 mentis
1286 3967 1409 4004 esse.
1445 3949 1690 4007 Sullicial
1717 3966 1807 4005 se-

196 4022 309 4074 mel
364 4022 663 4081 iuonuisse,
713 4021 927 4087 quoties
967 4019 1099 4072 iram
1140 4021 1250 4075 Deo
1296 4022 1599 4083 tribuimus,
1646 4037 1712 4076 eo
1754 4021 1807 4077 id

195 4106 367 4146 sensu
397 4105 496 4144 nos
523 4090 856 4161 intelligere,
888 4105 996 4159 quo
1026 4090 1306 4145 Duraudus
1336 4091 1429 4146 lib.
1458 4108 1517 4158 ιι,
1550 4093 1672 4146 disi.
1713 4092 1803 4158 50,

194 4172 397 4229 quaest.
428 4161 485 4226 2,
515 4162 601 4216 ubi
631 4159 751 4214 ait:
784 4159 922 4215 Deus
948 4161 1136 4214 dicitur
1175 4163 1357 4228 iratus,
1399 4179 1499 4216 non
1530 4165 1808 4217 secundant

194 4231 480 4298 aﬂ'ectum,
525 4234 613 4285 sed
655 4230 912 4299 effectum,
961 4233 1015 4285 in
1055 4244 1301 4303 quantum
1350 4246 1605 4299 prwpurat
1650 4236 1809 4287 alicui

195 4320 406 4372 plenam
436 4303 742 4374 velinﬂigit.
770 4302 1083 4357 Duriuscule
1110 4304 1253 4357 enim
1287 4303 1543 4374 loquitur.
1578 4303 1804 4359 Laetan-

2059 3052 2124 3102 Ut
2140 3053 2209 3103 sic
2226 3053 2430 3104 alternis
2452 3052 2636 3103 inﬁnita
2658 3051 2821 3100 omnia
2842 3050 3036 3099 reddat.

1906 3156 2114 3212 Plinius
2142 3157 2235 3212 lib.
2268 3173 2333 3217 ν,
2363 3173 2449 3224 ep.
2482 3157 2569 3213 18.
2622 3156 2751 3225 Qme
2778 3154 3035 3211 interdum
3061 3155 3303 3221 alternis,
3346 3164 3393 3210 et
3420 3154 3500 3209 in-

1908 3228 2107 3299 terdum
2135 3229 2286 3282 simul
2305 3230 2464 3299 facio.
3070 3297 3079 3299 ᾼ
3148 3226 3283 3299 BDN.

1983 3297 2313 3353 Perditurum'
2333 3301 2490 3366 fuisse
2518 3299 2749 3352 universa
2775 3297 3013 3351 credibile
3035 3297 3122 3351 sit.
3166 3297 3309 3351 Duas
3333 3310 3498 3352 voces

1906 3382 2212 3439 postremas
2252 3370 2435 3425 addidi
2469 3385 2535 3424 ex
2561 3368 2813 3424 omnibus
2844 3368 3017 3422 ferme
3047 3382 3177 3439 mss.
3206 3377 3261 3423 et
3280 3368 3361 3439 12
3390 3377 3498 3421 vet.

1906 3438 2089 3495 editis.
2152 3441 2361 3494 Alisunt
2401 3450 2577 3494 autem
2617 3455 2647 3493 a
2692 3454 2819 3495 mss.
2855 3440 2889 3495 5
2917 3448 2973 3493 et
3004 3438 3228 3493 totidem
3275 3438 3506 3508 impres-

1906 3512 2003 3565 sis.
2036 3540 2107 3553 -—-
2143 3510 2395 3566 Credibile
2432 3512 2517 3564 sit.
2583 3511 2707 3565 llaec
2744 3511 2995 3563 videntur
3037 3507 3360 3563 necessaria.
3438 3507 3505 3563 Ut

1906 3584 2049 3636 enim
2074 3582 2233 3637 modo
2258 3598 2417 3649 supra
2446 3581 2607 3635 dixit:
2643 3581 2794 3648 Quod
2815 3582 2858 3634 si
2888 3580 3146 3633 hominem
3170 3616 3183 3630 .
3209 3619 3223 3633 .
3245 3616 3259 3631 .
3285 3595 3388 3631 non
3410 3578 3501 3630 de-

1907 3662 2017 3707 ceat
2042 3695 2056 3708 .
2080 3692 2093 3705 .
2116 3692 2129 3706 .
2152 3663 2341 3723 quanto
2366 3653 2529 3724 magis
2557 3650 2722 3707 Deum
2750 3669 2853 3704 non
2877 3650 3084 3713 deceat;
3129 3650 3207 3724 sic
3244 3650 3294 3702 iu
3332 3649 3503 3719 appli-

1907 3725 2142 3778 catione.
2165 3719 2175 3723 ⁷
2452 3719 2472 3724 ⁷
3156 3719 3287 3773 Bon.

1981 3813 2297 3937 Malel'aciat.
2343 3814 2468 3868 Mss.
2500 3814 2553 3878 '5,
2578 3813 2869 3882 malefacit;
2892 3807 3156 3876 Clarom.,
3188 3809 3500 3878 malefaciet.

1984 3883 2110 3937 Nihi
2171 3883 2314 3937 aliud
2338 3900 2614 3937 superesse.
2676 3886 2764 3937 Sic
2808 3883 2924 3937 leao
2951 3897 3016 3937 ex
3039 3896 3170 3935 mss.
3201 3880 3235 3934 2
3265 3880 3500 3937 Bonou..

1984 3880 2132 3938 Nihil
2171 3883 2314 3937 aliud
2338 3900 2614 3949 superesse.
2676 3880 2764 3938 Sic
2808 3883 2924 3951 lego
2951 3897 3016 3937 ex
3039 3896 3170 3935 mss.
3201 3880 3235 3934 2
3265 3880 3501 3943 Bonou.,

1908 3955 1932 4009 1
1963 3955 2097 4023 Reg.
2128 3955 2349 4023 aliisque
2379 3963 2433 4007 et
2458 3954 2586 4009 edit.
2614 3954 2681 4007 ls.
2714 3954 2781 4007 Et.
2820 3954 2898 4007 sic
2928 3951 3209 4023 legendum
3255 3966 3377 4005 esse
3413 3966 3506 4018 pa-

1908 4034 1983 4080 tet
2008 4022 2074 4080 ex
2113 4022 2557 4095 praecedentibus.
2619 4024 2901 4079 lu-tuultis
2942 4022 3053 4078 tum
3087 4022 3331 4093 scriptis,
3392 4034 3503 4076 tum

1908 4097 2185 4161 impressis
2217 4096 2410 4165 legitur
2448 4095 2607 4150 abest.
2782 4096 2787 4109 '

1980 4164 2289 4221 Communis
2310 4168 2539 4220 omnium
2581 4176 2744 4236 pater.
2796 4165 2867 4222 Ut
2896 4165 2990 4221 lib.
3021 4181 3075 4231 γ,
3102 4179 3222 4228 cap.
3252 4164 3314 4219 8:
3364 4180 3505 4216 com-

1908 4254 2108 4290 munem
2138 4239 2365 4292 omnium
2391 4250 2585 4307 patrem
2618 4237 2803 4291 Deum.
2849 4237 3125 4306 Elegantia
3156 4236 3503 4307 Terentiana.

1907 4308 2043 4361 Vide
2066 4307 2188 4363 Nut.
2220 4308 2286 4362 ad
2317 4305 2463 4363 Lact.
2491 4310 2580 4363 lib.
2610 4324 2692 4371 ut,
2722 4323 2844 4377 cap.
2875 4305 2965 4363 18.
3004 4376 3023 4377 ί
3222 4305 3358 4360 Bon.

198 4371 332 4439 tius,
362 4376 623 4468 cum-'i'ra:
649 4371 915 4468 affectum
962 4375 1044 4468 ita‘
1067 4374 1177 4456 lleo
1204 4371 1512 4468 competerg
1547 4376 1801 4441 aftirtuet,
1832 4409 1885 4468 Ι)
1984 4378 2047 4432 Et
2074 4381 2293 4468 optimus
2319 4381 2587 4468 maximus.
2641 4379 2715 4433 Ita
2758 4371 2891 4468 iusst;
2922 4379 2955 4430 li
3002 4376 3327 4468 chl.~ninterr
3354 4391 3505 4468 1ξιιιηε

194 4456 471 4513 quatenus
503 4445 573 4498 illi
607 4452 809 4497 mutum
850 4447 1135 4511 quemdam
1166 4446 1455 4511 imprimat.
1481 4446 1762 4500 SPARKIUS.

274 4515 550 4584 Siquidem
586 4531 703 4566 cum
743 4516 797 4567 in
835 4516 1063 4567 animum
1101 4518 1405 4584 cujusquam
1442 4518 1650 4580 incidit,
1692 4529 1799 4572 etc.

198 4585 430 4640 Hieron.
466 4587 517 4638 in
552 4586 723 4653 Epist.
769 4585 833 4638 ad
867 4585 1045 4638 Titum
1091 4602 1213 4654 cap.
1246 4586 1353 4641 Ide
1384 4588 1519 4640 irato
1551 4588 1797 4640 homine:

199 4656 371 4710 Torro
410 4657 575 4721 vultu,
615 4656 941 4709 trementibus
971 4656 1143 4721 labiis,
1185 4667 1371 4725 rugata
1410 4662 1595 4726 fronte,
1636 4656 1802 4724 e/frre—

196 4729 340 4780 natis
365 4728 631 4791 conviciis,
655 4727 787 4797 facie
807 4727 936 4781 inter
959 4728 1206 4795 pallorem
1229 4729 1559 4793 ruboremque
1582 4731 1799 4783 variata.

198 4802 416 4853 Seneca
451 4798 519 4851 de
560 4797 665 4855 Ira.
701 4797 793 4851 lib.
825 4813 860 4860 ι,
889 4812 1008 4867 cap.
1041 4815 1053 4850 I
1085 4818 1100 4854 :
1146 4797 1339 4852 Multus
1370 4816 1456 4852 ore
1492 4809 1598 4852 toto
1628 4798 1800 4860 rubor,

197 4878 520 4940 chsluante
560 4867 623 4920 ab
666 4868 783 4920 imis
834 4868 1131 4932 prwcordiis
1184 4871 1431 4940 sanguine
1458 4886 1475 4922 :
1505 4870 1639 4940 labia
1676 4885 1800 4937 qua-

197 4941 423 5002 tiuntur,
476 4939 652 4992 dentes
682 4940 1110 5005 comprimuntur,
1151 4939 1356 4992 horrent
1382 4956 1442 4992 ac
1472 4939 1805 5010 subriguntur

196 5010 401 5078 capilli,
450 5011 663 5077 spiritus
693 5019 929 5073 coactus,
969 5011 1190 5063 stridens
1231 5011 1568 5064 articulorum
1612 5015 1804 5076 seipsos

197 5082 557 5151 torquentium
576 5095 754 5141 sonus,
797 5084 1011 5146 gemitus
1039 5083 1376 5151 mugitusque,
1418 5090 1465 5135 et
1510 5098 1690 5148 parum
1717 5098 1806 5135 ea:-

197 5146 430 5222 planatis
455 5146 663 5203 vocibus
690 5165 854 5222 sermo
884 5166 1051 5219 prteru
1061 5146 1195 5217 plus,
1236 5146 1281 5205 et
1312 5146 1585 5220 complosa:
1618 5154 1805 5216 swpius

197 5221 387 5275 manus
410 5263 425 5285 ,
473 5231 522 5276 et
545 5222 754 5285 pulsata
794 5221 977 5273 humus
999 5221 1210 5289 pedibus
1230 5266 1245 5285 ,
1296 5232 1342 5274 et
1369 5232 1528 5275 totum
1555 5224 1805 5275 concitum

199 5308 412 5360 corpus,
443 5306 758 5363 magnusque
787 5292 947 5344 minas
977 5309 1152 5363 agens,
1183 5292 1320 5361 foeda
1349 5294 1457 5346 visu
1485 5302 1532 5347 et
1554 5294 1806 5346 horrenda

200 5367 360 5434 [acres
395 5363 787 5433 depravantium
819 5378 873 5415 se
896 5374 1048 5431 atque
1086 5364 1540 5419 iutumescentium.
1594 5364 1808 5418 ELUEN-

202 5447 395 5489 nonsr.

273 5505 478 5561 Excitet
507 5506 723 5575 ﬂuctus.
770 5501 1053 5575 Erancius,
1085 5505 1291 5559 excitat.

268 5572 577 5632 Ardescunt.
598 5573 759 5647 “Vide
789 5572 983 5647 Senec.
1012 5574 1080 5628 de
1105 5575 1209 5640 Ira,
1234 5575 1388 5631 initio
1424 5576 1516 5632 lib.
1545 5593 1580 5642 ι,
1605 5592 1723 5647 cap.
1750 5580 1801 5632 1.

268 5650 518 5721 Alternis.
579 5645 1113 5721 Eleganter_alternis
1147 5648 1395 5721 absolute
1430 5645 1800 5721 dicitur,_pro

189 5737 254 5777 eo
280 5723 429 5793 quod
463 5719 524 5774 fit
550 5732 653 5790 per
676 5717 842 5771 vices.
870 5716 1153 5771 Lucretius
1177 5735 1214 5785 ι,
1248 5718 1385 5775 1οι0
1413 5738 1424 5772 ;

1910 4459 1991 4520 est
2031 4444 2199 4519 autiq.
2254 4450 2575 4520 Regio-Pot.
2628 4460 2682 4506 et
2719 4449 2808 4504 ed.
2854 4448 3010 4502 Rom.
3061 4444 3502 4520 Milp,C:.-llar_.,

1906 4518 2119 4574 Walch.
2155 4516 2286 4575 Aliis
2313 4516 2432 4587 est,
2466 4531 2511 4575 et
2559 4537 2671 4575 uere
2710 4520 2983 4575 maximus.
3012 4547 3083 4558 —
3123 4517 3401 4573 Maximus.
3446 4516 3504 4572 In

1907 4606 2010 4645 ms.
2047 4592 2175 4645 Bov.
2209 4601 2291 4646 est
2318 4593 2685 4646 maximusque.

1983 4661 2226 4716 Ornatur.
2272 4661 2343 4715 lta
2375 4678 2494 4717 cum
2527 4657 2684 4719 editis
2707 4662 2864 4717 Rom.
2892 4660 3031 4716 1470
3061 4675 3121 4714 ac
3152 4657 3355 4713 Cellar.
3378 4671 3499 4711 om-

1907 4745 2003 4786 nes
2031 4748 2163 4786 mss.
2194 4744 2389 4803 praater
2418 4735 2450 4786 2
2477 4748 2586 4788 rec.
2621 4735 2672 4787 iu
2698 4735 2889 4804 quibus
2914 4744 2999 4787 eSt
3025 4733 3323 4794 honoratur,
3359 4737 3415 4783 ut
3442 4729 3494 4783 in

1908 4804 2187 4858 impressis
2217 4805 2419 4857 multis.

2025 4874 2262 4927 enedictis
2320 4873 2551 4928 omnibus
2599 4876 2823 4940 votisque
2869 4871 3172 4925 celebratur.
3244 4868 3335 4924 Sic
3379 4868 3501 4938 lego

1907 4960 2026 4999 cum
2059 4944 2216 4997 editis
2242 4947 2557 5015 cunctisque
2584 4960 2711 4998 mss.
2741 4952 2934 5015 pneter
2963 4942 2999 4995 2
3030 4956 3136 5015 rec.
3171 4940 3365 5010 quibus
3393 4953 3498 5005 esu,

1910 5024 2119 5084 ornatur
2145 5014 2439 5077 benedictis,
2472 5013 2695 5084 uotisque
2722 5014 2954 5068 omnibus
2975 5013 3271 5067 celebratur.

1979 5083 2045 5138 In
2077 5095 2237 5155 parte.
2280 5085 2477 5150 Loud.,
2513 5082 2665 5155 Reg),
2712 5087 2766 5138 in
2819 5095 3033 5149 partem.
3112 5086 3182 5139 At
3225 5082 3370 5155 prius
3419 5090 3503 5135 est

1909 5151 2127 5211 rectius.
2159 5156 2274 5211 ιιι).
2307 5172 2388 5221 ιιι,
2421 5172 2537 5226 cap.
2567 5151 2631 5211 (3':
2662 5158 2714 5210 in
2746 5166 2892 5226 parte
2916 5156 3247 5210 sustulerant.
3278 5151 3499 5215 Lib.vn,

1907 5240 2025 5308 cap.
2072 5226 2145 5281 22
2183 5246 2195 5282 :
2245 5228 2297 5280 in
2346 5240 2488 5297 parte
2525 5229 2885 5297 corruperint.
2910 5266 2961 5281 ..
3007 5228 3061 5280 in
3101 5235 3246 5348 paéte
3291 5238 3502 5276 consen-

1909 5308 2060 5348 tmnt.
3202 5311 3288 5348 ΟΝ.

1909 5308 2060 5351 ttunt.
3157 5308 3288 5349 UUN.

1968 5368 2240 5439 .Naturam
2269 5370 2362 5423 rei.
2415 5368 2691 5424 Francius.
2726 5368 2889 5425 Forte
2914 5365 3199 5439 legendum
3231 5364 3346 5419 Dei.
3398 5364 3498 5419 Ms.

1906 5438 2173 5503 Clarum.,
2203 5457 2354 5493 rrrun

1980 5457 2173 5503 arum.,
2203 5457 2354 5493 rerun

1980 5509 2065 5563 Ita
2084 5512 2171 5579 qui
2190 5457 2560 5583 bonos’iligit,
2591 5521 2693 5566 etc.
2754 5511 2889 5566 Tres
2930 5524 3058 5564 mss.
3093 5508 3223 5583 Reg.
3260 5521 3498 5583 sequen-

1909 5583 1981 5635 tia
2011 5586 2172 5636 verba
2200 5579 2492 5653 respuunt,
2540 5593 2586 5635 et
2627 5583 2786 5636 malos
2826 5583 2963 5645 odit,
3013 5590 3060 5635 et
3091 5580 3178 5643 qui
3208 5579 3372 5633 malos
3396 5594 3497 5631 non

1909 5654 2039 5705 odit.

1980 5721 2186 5778 Natura
2234 5726 2331 5778 ista
2366 5740 2593 5779 connexa
2636 5734 2771 5779 sunt.
2835 5722 3032 5792 Loud.,
3082 5721 3238 5794 Reg,
3292 5720 3495 5787 Reim.,
