3970 6338
428 253 493 311 91
1639 298 1646 303 .
1744 247 1930 305 FIRM.
1973 242 2337 306 LACTANTII
3644 238 3727 297 92

429 363 712 422 aemulum
735 406 749 431 ,
792 378 897 421 non
939 365 1121 435 utique
1144 369 1237 419 aut
1277 363 1463 418 ambos
1497 361 1637 427 odit,
1684 368 1776 418 aut
1813 364 2003 421 ambos
2029 360 2311 431 Agratia;
2351 357 2641 415 absurdum
2682 362 2802 426 est,
2841 370 2907 412 ex
2934 355 3138 413 incerto
3163 361 3371 411 certum
3412 352 3559 411 velle
3590 352 3733 408 sub-

434 456 713 515 beneﬂciis
736 465 793 512 et
822 454 1025 511 honore
1060 453 1437 525 prosequitur;
1482 451 1624 522 quod
1653 454 1696 510 si
1729 452 1917 523 faciet,
1962 465 2018 513 et

435 551 650 621 iniquus
705 556 762 603 et
818 546 1013 602 stultus
1067 553 1179 601 est:
1233 544 1331 601 sed
1378 546 1576 602 bonum
1624 555 1680 601 et
1725 545 2019 616 alloquitur

436 644 626 708 amice,
656 648 713 696 et
740 649 914 706 ornat,
938 648 993 694 et
1020 637 1166 694 domi
1197 652 1259 694 ac
1286 637 1503 693 familiae
1528 638 1743 709 suisque
1768 640 2019 697 omnibus

437 734 596 789 rebus
625 731 876 801 prteticit;
919 729 1118 784 malum
1156 743 1284 785 vero
1314 728 1642 795 maledictis,
1681 730 2016 799 verberibus,

438 823 708 890 nuditate,
750 820 921 889 fame,
961 821 1084 886 siti,
1138 818 1485 891 compedibus
1520 822 1699 891 punit,
1749 830 1806 876 ut
1845 831 1899 876 et
1936 823 2023 879 hic

441 915 692 984 exemplo
729 914 947 969 cmteris
986 914 1055 967 sit
1083 912 1150 967 ad
1189 928 1293 967 non
1326 912 1651 982 peccandum
1674 952 1687 977 ,
1738 921 1793 968 et
1832 913 1921 968 ille
1956 929 1983 968 n

440 1005 856 1077 promerendum
882 1045 895 1069 ,
930 1012 988 1059 ut
1013 1004 1147 1059 alios
1176 1012 1349 1059 metus
1378 1013 1646 1070 coerceat,
1680 1004 1816 1059 alios
1853 1003 2026 1061 honor

440 1107 718 1169 provocet.
736 1097 839 1165 Qui
856 1110 985 1167 ergo
1005 1094 1199 1166 diligit,
1222 1103 1277 1148 et
1295 1093 1436 1160 odit;
1458 1095 1546 1164 qui
1577 1093 1709 1160 odit,
1741 1103 1795 1149 et
1817 1095 2023 1164 diligit;

447 1196 569 1243 sunt
594 1188 737 1243 enim
760 1228 774 1255 ,
806 1187 895 1257 qui
923 1185 1071 1255 diligi
1094 1185 1362 1253 debeant,
1392 1185 1627 1255 suntqui
1661 1186 1785 1240 odio
1818 1187 2024 1243 haberi.

444 1281 514 1336 Et
542 1280 679 1335 sicut
703 1281 769 1346 is,
795 1280 884 1349 qui
911 1278 1104 1348 diligit,
1141 1278 1350 1333 conlert
1376 1279 1514 1331 bona
1541 1276 1595 1331 in
1617 1291 1741 1343 eos,
1775 1293 1907 1348 quos
1948 1278 2031 1333 di—

447 1374 595 1444 ligit:
624 1373 693 1427 ita
720 1373 810 1442 qui
837 1372 971 1439 odit,
1000 1374 1198 1441 irrogat
1223 1370 1361 1425 mala
1390 1370 1475 1434 iis,
1514 1385 1652 1439 quos
1678 1369 1801 1424 odio
1832 1369 2028 1436 habet;

448 1464 591 1535 quod
630 1471 1035 1534 argumentum,
1074 1462 1193 1531 quia
1229 1476 1415 1515 verum
1458 1470 1539 1515 est
1566 1502 1580 1525 ,
1619 1460 1837 1516 dissolvi
1882 1462 2030 1517 nullo

444 1564 601 1626 pacto
628 1564 814 1626 potest.
860 1554 1007 1608 Vano
1031 1566 1160 1624 ergo
1185 1561 1240 1607 et
1260 1552 1391 1609 falsa
1418 1561 1503 1608 εει
1534 1553 1793 1608 sententia
1816 1567 2027 1622 eorum,

445 1647 537 1718 qui
562 1661 683 1703 cum
712 1645 943 1701 alterum
972 1644 1084 1700 Deo
1118 1643 1354 1698 tribuant
1377 1682 1392 1710 ,
1438 1644 1667 1698 alterum
1710 1643 2030 1709 detrahunt,

446 1753 555 1793 non
588 1738 788 1802 minus,
826 1751 986 1807 quam
1027 1736 1238 1790 illorum
1272 1736 1362 1805 qui
1400 1745 1685 1806 utrumque
1716 1736 2025 1793 detrahunt.
2059 1738 2108 1802 Β

450 1829 560 1885 Sed
588 1829 689 1893 illi,
727 1836 786 1883 ut
811 1826 1163 1892 ostendimus,
1207 1841 1276 1881 ex
1304 1835 1456 1896 parte
1480 1841 1585 1881 non
1613 1836 1813 1894 errant,
1857 1829 1950 1884 sed
1974 1829 2029 1884 id

450 1920 592 1992 quod
630 1919 825 1975 melius
860 1928 946 1973 est
977 1933 1044 1973 ex
1072 1917 1281 1973 duobus
1322 1918 1576 1972 retinent.
1628 1917 1667 1973 li
1695 1934 1854 1983 vero,
1899 1932 2034 1990 quos

450 2011 587 2068 ratio
610 2020 664 2067 et
686 2011 885 2067 veritas
904 2010 1200 2081 argumenti
1225 2009 1385 2080 hujus
1404 2008 1630 2076 inducit,
1661 2009 1793 2065 falsa
1813 2012 2036 2066 omnino

451 2104 719 2159 sententia
769 2112 1045 2171 suscepta.
1092 2102 1148 2156 in
1192 2100 1483 2155 maximum
1534 2114 1771 2155 errorem
1814 2102 2032 2157 cadunt.

448 2195 566 2252 Non
595 2196 739 2251 enim
762 2193 840 2250 sic
867 2196 1153 2264 oportebat
1181 2208 1274 2249 eos
1294 2193 1691 2264 argumentari:
1722 2193 1859 2261 Quia
1893 2195 2036 2251 Deus

449 2304 557 2345 non
584 2288 852 2354 irascitur,
890 2302 1020 2358 ergo
1048 2300 1149 2342 nec
1172 2286 1341 2358 gratis
1370 2297 1769 2352 commovetur;
1819 2287 1914 2342 sed
1941 2288 2039 2353 ita,

2119 460 2349 516 vertere,
2378 463 2499 526 cum
2528 450 2596 504 sit
2618 449 2936 520 promptius,
2968 446 3036 503 de
3062 446 3225 502 certis
3246 446 3450 503 incerta
3475 444 3731 500 ﬁrmare.

2713 559 2940 617 CAPUT
2986 558 3079 615 Vl.

2603 650 2753 722 Quod
2778 651 2919 709 Deus
2944 654 3213 709 irascatur.

2194 768 2288 824 Hae
2314 777 2439 824 sunt
2471 767 2537 824 de
2569 769 2678 824 Deo
2718 766 3166 838 philosophorum
3199 767 3535 823 sententiae.
3565 766 3739 823 Aliud

1988 857 2023 970 ἔ
2123 870 2380 932 prmterea
2405 860 2535 915 nihil
2559 860 2837 930 quisquam
2866 858 3023 914 dixit.
3045 858 3199 927 Quod
3228 859 3272 913 si
3300 859 3439 924 hrcc,
3462 874 3587 929 qua:
3613 857 3741 913 dic-

2126 964 2178 1011 ta
2199 963 2342 1022 sunt,
2369 956 2497 1010 falsa
2528 968 2648 1010 esse
2675 953 3158 1023 deprehendimus,
3185 967 3350 1007 unum
3377 950 3511 1005 illud
3540 960 3742 1006 extre-

2127 1062 2270 1103 mum
2322 1055 2602 1115 superest,
2648 1044 2701 1100 in
2742 1060 2849 1117 quo
2875 1045 2989 1099 solo
3018 1044 3189 1114 possit
3219 1044 3418 1098 veritas
3448 1042 3687 1097 inveniri
3717 1082 3737 1111 ,

2128 1140 2269 1211 quod
2300 1156 2330 1193 a
2362 1137 2693 1208 philosOphis
2721 1153 2818 1193 nec
2846 1145 3155 1206 susceptum
3181 1145 3265 1191 est
3310 1150 3548 1205 unquam
3571 1175 3587 1199 ,
3629 1147 3746 1188 nec

2131 1231 2418 1303 aliquando
2462 1230 2775 1299 defensum;
2806 1243 3144 1298 consequens
3186 1242 3330 1293 esse,
3363 1237 3420 1280 ut
3461 1228 3748 1281 irascatur

2135 1325 2292 1390 Deus,
2319 1324 2567 1394 quoniam
2586 1326 2753 1394 gratia
2779 1332 3167 1379 commovetur.
3199 1322 3326 1377 Htec
3348 1321 3550 1377 tuenda
3576 1321 3750 1377 nobis

2135 1426 2190 1474 et
2213 1413 2501 1471 asserenda
2528 1416 2793 1470 sententia
2820 1424 2921 1470 est.
2952 1414 3007 1470 In
3032 1428 3097 1468 eo
3114 1412 3258 1467 enim
3289 1426 3501 1466 summa
3525 1412 3748 1477 omnis,

2136 1516 2190 1563 et
2226 1505 2388 1562 cardo
2427 1506 2697 1576 religionis
2739 1506 3056 1577 pietatisque
3084 1514 3351 1560 versatur.
3385 1502 3522 1557 Nam
3553 1518 3752 1574 neque

2139 1598 2309 1654 bonos
2337 1597 2476 1653 ullus
2502 1596 2685 1653 deberi
2732 1605 2909 1669 potest
2955 1596 3089 1661 Deo,
3125 1596 3169 1651 si
3209 1593 3345 1650 nihil
3375 1604 3606 1665 praestat
3654 1608 3760 1651 co-

2139 1688 2300 1755 lenti,
2345 1703 2443 1744 nec
2469 1688 2605 1745 ullus
2627 1698 2822 1756 metus,
2855 1687 2900 1742 si
2929 1703 3036 1743 non
3074 1685 3322 1742 irascitur
3353 1700 3467 1741 non
3496 1686 3735 1741 colenti.

2726 1804 2957 1860 CAPUT
2996 1803 3111 1859 VII.

2418 1897 2489 1953 De
2517 1897 2738 1952 Homine
2759 1905 2808 1951 et
2833 1894 3027 1962 Brutis,
3050 1911 3115 1950 ac
3142 1894 3437 1966 Religione.

2203 2011 2339 2067 Cum
2369 2024 2512 2080 saepe
2547 2008 2849 2080 philosophi
2892 2023 2987 2079 per
3015 2008 3372 2078 ignorantiam
3402 2005 3657 2061 veritatis
3700 2019 3738 2060 a

2135 2106 2344 2160 ratione
2370 2103 2717 2167 desciverint,
2744 2109 2903 2171 atque
2928 2102 2980 2155 in
3009 2114 3226 2155 errores
3256 2099 3552 2156 inciderint
3582 2100 3757 2155 inex-

2140 2196 2413 2252 tricabiles
2457 2196 2533 2267 (id
2584 2196 2727 2252 enim
2757 2196 2898 2251 solet
2926 2194 3012 2250 his
3052 2196 3305 2261 evenire,
3349 2194 3499 2266 quod
3538 2195 3758 2251 viatori

2142 2289 2284 2343 viam
2314 2288 2570 2343 nescienti
2597 2297 2651 2343 et
2679 2301 2785 2341 non
2812 2285 2997 2341 latenti
3028 2300 3086 2341 se
3110 2285 3380 2357 ignorare,
3410 2294 3470 2340 ut
3492 2292 3763 2356 vagetur,

448 2378 582 2447 Quia
609 2378 751 2434 Deus
779 2377 947 2448 gratia
976 2384 1241 2443 movetur,
1274 2391 1404 2447 ergo
1428 2385 1483 2432 et
1514 2376 1781 2433 irascitur.
1817 2377 1873 2434 Si
1894 2380 2039 2434 enim
2145 2380 2272 2435 dum
2306 2378 2611 2449 percontari
2651 2377 2837 2433 obvios
2866 2375 3160 2447 erubescit)
3188 2375 3320 2432 illud
3348 2385 3532 2431 tamen
3562 2376 3767 2433 nullus

448 2482 651 2526 certum
699 2481 753 2528 et
801 2470 1155 2527 indubitatum
1196 2470 1419 2538 luisset,
1485 2486 1592 2526 non
1650 2472 1809 2529 irasci
1849 2474 2039 2541 Deum,

448 2575 575 2620 tunc
603 2562 669 2618 sd
694 2562 822 2617 illud
851 2562 1081 2617 alterum
1112 2562 1284 2616 veniri
1313 2571 1457 2618 esset
1478 2578 1719 2619 necesse.
1777 2565 1910 2620 Cum
1941 2579 2036 2619 au.

448 2663 554 2711 tem
586 2656 755 2727 magis
784 2656 853 2711 sit
876 2654 1187 2726 ambiguum
1210 2653 1280 2711 de
1301 2654 1403 2722 ira,
1434 2670 1571 2726 pene
1598 2655 1947 2713 manifestum
1973 2658 2043 2713 de

2143 2471 2497 2542 philosophus
2516 2470 2745 2524 asseniit
2767 2482 3021 2538 unquam,
3049 2466 3183 2522 nihil
3214 2469 3356 2522 inter
3382 2467 3669 2522 hominem
3700 2476 3768 2523 et

2145 2565 2406 2636 pecudem
2435 2565 2717 2627 interesse;
2748 2576 2849 2618 nec
2876 2561 3097 2615 omnino
3116 2561 3427 2632 quisquam,
3457 2558 3625 2615 modo
3652 2561 3757 2631 qui

2145 2660 2363 2730 sapiens
2390 2657 2563 2713 videri
2605 2656 2788 2723 vellet,
2821 2654 3082 2711 rationale
3110 2653 3310 2709 animai
3340 2668 3468 2709 cum
3498 2655 3670 2710 mutis
3699 2663 3767 2710 et

1793 2789 2150 2851 VARIORUM
2186 2791 2414 2849 NOTAE.

446 2930 633 2996 Golll.,
689 2928 891 2982 Natura
929 2928 1028 2981 ista
1057 2942 1284 2981 connexa
1310 2935 1416 2992 est,
1460 2927 1611 2996 quasi
1651 2937 1837 2982 natura
1877 2940 2022 2983 esset

446 3000 837 3057 nominativus:
890 2998 982 3052 sed
1011 3008 1093 3052 est
1118 2999 1405 3052 ablativus.
1465 2998 1708 3052 imitatur
1738 3000 2018 3066 Quintilia-

447 3088 595 3131 num.
626 3086 692 3125 ex
722 3084 827 3140 quo
854 3068 1038 3126 citavit
1067 3066 1156 3123 lib.
1194 3081 1266 3132 vt,
1297 3081 1346 3122 c.
1376 3066 1479 3120 2'):
1536 3067 1662 3133 Qua:
1688 3070 1817 3140 inter
1848 3085 1900 3123 se
1929 3086 2021 3122 na-

447 3155 563 3199 tura
590 3139 816 3196 connexa
844 3148 983 3197 sunt.
1719 3139 1849 3195 Bun.

528 3211 848 3276 Verberibus,
870 3211 1119 3271 nuditate,
1148 3218 1250 3261 etc.
1301 3206 1557 3276 Respexit
1582 3209 1644 3263 ad
1674 3209 1925 3278 Cyprian.
1961 3211 2029 3265 ad

453 3284 850 3340 Demetrianmn
873 3298 885 3332 :
922 3280 1135 3335 Servum
1156 3279 1399 3348 flagellis,
1423 3281 1725 3344 uerberibus,
1746 3280 1895 3349 fame,
1922 3282 2026 3347 siti,

446 3355 697 3415 nuditate,
728 3352 1009 3421 frequenter
1040 3354 1250 3421 [erraret
1280 3365 1479 3421 carcere
1501 3350 1704 3419 adﬂigis
1732 3361 1776 3403 et
1810 3353 2026 3404 crucias.

445 3424 597 3479 Conl.
631 3420 779 3477 Laet.
812 3420 903 3476 lib.
942 3435 995 3483 v,
1024 3434 1141 3488 cap.
1177 3420 1260 3482 l8,
1295 3420 1385 3475 lib.
1415 3436 1508 3483 vu,
1539 3436 1587 3473 c.
1621 3422 1709 3475 27.
1857 3422 1989 3476 Bon.

519 3494 621 3559 Qui
643 3493 767 3557 odit,
812 3501 859 3546 et
885 3491 1071 3560 diligit.
1126 3490 1184 3547 lu
1215 3492 1622 3560 quamplurltnis
1650 3491 1808 3547 editis
1838 3504 1941 3558 est,
1986 3500 2031 3546 et

448 3568 535 3636 qui
560 3564 663 3617 odit
685 3574 731 3618 et
752 3562 939 3636 diligit.

520 3636 620 3703 Qui
648 3651 763 3688 cum
788 3633 1006 3688 alterunt
1030 3631 1141 3686 Deo
1184 3631 1436 3703 tribuant,
1485 3633 1701 3688 alterum
1732 3633 2028 3688 detrahunt.

443 3706 501 3761 In
535 3721 661 3759 mss.
694 3706 752 3758 ll
786 3705 939 3758 deest
963 3706 1179 3757 alterum
1210 3702 1317 3756 Deo
1346 3702 1636 3758 detrahunt.
1664 3705 1771 3758 Sex
1799 3706 1913 3769 alii,
1943 3704 2032 3772 qui

445 3778 663 3833 alterunt
689 3773 797 3830 Deo
824 3774 1072 3829 tribuunt.

521 3845 571 3900 Ν
579 3863 642 3900 on
672 3847 858 3909 minus,
895 3860 1048 3915 quam
1073 3844 1279 3915 illorum
1308 3852 1578 3913 utrumque
1599 3844 1892 3899 detrahunt.
1942 3844 2031 3901 Sic

444 3919 630 3990 legunt
657 3932 785 3990 mss.
813 3913 1052 3990 _et'edit.
1096 3913 1555 3990 Thomas.__atque
1601 3917 1736 3971 hanc
1774 3931 1901 3990 esse
1936 3932 2030 3982 ge-

444 3984 662 4043 nuinam
708 3985 1019 4056 lectionem,
1072 3999 1287 4056 censeo.
1334 3984 1388 4040 Si
1429 3984 1697 4041 editorum
1738 3986 2030 4056 recipiatur

445 4056 627 4118 let-tio,
657 4072 809 4126 quam
828 4052 1139 4126 illorumgqui
1168 4066 1458 4126 utrumque,
1494 4067 1762 4126 expuncto
1782 4059 1840 4113 τὸ
1855 4052 2034 4110 detra-

446 4129 593 4192 hunt,
638 4124 828 4193 sensus
864 4125 967 4178 erit
997 4124 1297 4194 obscurior,
1338 4124 1638 4194 poteritque
1665 4142 1817 4194 mque
1843 4127 1909 4179 ad
1939 4127 2032 4179 tri-

446 4191 605 4253 buunt
639 4191 849 4258 referri,
897 4194 1036 4266 quod
1067 4207 1230 4264 scopo
1264 4191 1526 4251 Lactantii
1555 4191 1899 4267 repugnaret.
1950 4193 2033 4250 Ea:

447 4269 603 4323 ls.eo.

522 4338 631 4393 Illi.
662 4335 875 4391 Scilicet
902 4334 1075 4393 Stoici.
1120 4335 1249 4391 BUN.

523 4409 627 4467 Sed
648 4407 701 4459 id
729 4407 865 4476 quod
895 4406 1070 4476 melius
1095 4417 1187 4460 est.
1243 4404 1523 4471 Francius,
1554 4416 1599 4462 ct
1626 4407 1699 4460 id.

522 4478 594 4534 lli
620 4475 755 4534 vero.
804 4475 932 4534 Scil.
970 4477 1235 4549 Epicurei,
1280 4479 1368 4547 qui
1396 4487 1666 4547 utrumque
1691 4477 1980 4601 detrglmnt.

1837 4564 1921 4601 un.

1837 4564 1921 4604 UN.

523 4619 683 4677 Falsa
704 4619 909 4674 omnino
930 4619 1177 4674 sententia
1204 4628 1456 4684 suscepta.
1492 4618 1647 4674 Deest
1689 4621 1933 4673 sententia
1980 4620 2030 4674 in

450 4693 508 4747 ll
546 4706 673 4746 mss.
705 4705 814 4746 rec.
847 4691 980 4745 etin
1014 4688 1098 4744 ed.
1137 4690 1289 4743 lium.
1333 4686 1469 4745 1470
1495 4699 1546 4743 et
1580 4686 1739 4743 illi.
1788 4688 1893 4745 Pro
1920 4707 2030 4745 om-

453 4763 578 4817 nino
608 4763 631 4816 l
663 4762 896 4815 Clarum.
945 4759 1105 4814 habet
1135 4763 1305 4813 animo
1318 4777 1335 4825 ;
1376 4759 1634 4827 abestque
1675 4763 1940 4818 sententia.
1965 4792 2035 4802 —

450 4834 602 4899 Apud
643 4833 942 4888 Bnneman.
983 4846 1110 4887 vero
1143 4831 1333 4899 legitur
1369 4849 1381 4884 :
1416 4830 1493 4885 0b
1521 4828 1657 4899 falsa
1698 4833 1900 4885 oamino
1937 4849 2029 4887 su-

448 4913 638 4970 scepta.
690 4902 858 4968 Ven.,
918 4912 1143 4970 utraque
1192 4900 1359 4957 1478-
1388 4900 1526 4956 1315
1593 4910 1660 4970 et
1705 4900 2031 4958 recentiores

450 4968 659 5035 omnes,
688 4972 819 5041 falsa
847 4968 1320 5027 oautino'sententia
1346 4981 1599 5038 suscepta.
1642 4968 1815 5041 Bene,
1868 4975 1911 5027 si
1940 4973 2035 5029 ad-

450 5039 696 5099 dicerent
741 5058 868 5097 mss.
917 5042 1117 5096 Confer
1160 5057 1207 5096 c.
1243 5044 1274 5096 6
1299 5082 1311 5102 ,
1340 5041 1603 5095 sententia.
1658 5039 1853 5097 lterum
1883 5043 2029 5099 Lact.

450 5115 517 5169 de
561 5113 673 5180 Ira,
723 5127 843 5183 cap.
891 5112 959 5176 6,
996 5111 1206 5183 quodin
1239 5112 1571 5181 pllilOSuplllS
1602 5128 1699 5167 nec
1723 5124 2031 5183 susceptum

451 5194 553 5239 est.
599 5184 714 5238 Lib.
749 5181 807 5248 tt,
836 5198 953 5250 cap.
986 5181 1084 5234 l7:
1131 5182 1220 5236 Sic
1248 5198 1358 5235 eum
1380 5223 1394 5247 ,
1446 5183 1530 5249 qui
1571 5183 1623 5236 in
1655 5181 1905 5252 principio
1924 5186 2031 5307 [al-

451 5272 565 5307 snm
587 5262 895 5307 susceperat.
919 5253 1331 5307 consequentium
1356 5269 1521 5307 rerum
1536 5255 1800 5307 necessitas
1821 5254 1888 5306 ad
1909 5272 1926 5307 ι
1945 5255 2031 5307 eli-

450 5272 565 5309 sum
587 5262 895 5319 susceperat,
919 5253 1331 5319 consequentium
1356 5269 1521 5307 rerum
1536 5255 1800 5307 necessitas
1821 5254 1888 5306 ad
1909 5253 2035 5309 deli-

453 5336 679 5379 ramenta
715 5323 970 5392 perduxit.
1266 5391 1272 5392 ί
1689 5324 1818 5379 Βυκ.

530 5395 670 5467 Pene
696 5391 1062 5467 manifestum._
1086 5391 1364 5452 Francius,
1394 5392 1533 5448 forte
1564 5394 1683 5467 bene
1707 5406 1799 5449 aut
1824 5397 1988 5467 plene.

529 5456 865 5519 Absurdum'.
885 5503 897 5517 .
914 5500 931 5516 .
962 5478 1027 5518 ea:
1045 5464 1230 5516 incerto
1258 5473 1449 5516 certum
1471 5505 1485 5519 .
1512 5505 1523 5518 .
1548 5502 1560 5517 .
1585 5456 1897 5532 Qubrerte're,
1926 5476 2029 5522 etc.

460 5535 577 5591 Lib.
624 5550 678 5601 ll,
722 5550 841 5600 cap.
864 5535 897 5589 9
939 5550 950 5584 :
983 5532 1073 5587 Sic
1123 5573 1135 5586 .
1162 5574 1172 5586 .
1195 5574 1207 5587 .
1256 5534 1386 5587 illud
1423 5536 1694 5602 assumpsit
1725 5575 1739 5590 .
1765 5578 1779 5591 .
1803 5577 1815 5590 .
1839 5554 1953 5589 cum
1980 5538 2034 5593 id

461 5606 624 5659 multo
645 5614 768 5657 esset
789 5603 1049 5677 incertius,
1073 5620 1222 5677 quam
1237 5602 1387 5667 illud,
1419 5616 1625 5674 pr0pter
1646 5607 1781 5675 quod
1797 5624 2034 5677 assump-

462 5687 568 5729 tum
596 5684 665 5728 est
692 5713 704 5727 .
724 5717 735 5727 .
762 5715 775 5728 .
825 5674 906 5728 Ea:
932 5674 1061 5748 falso
1090 5676 1265 5729 maluit
1292 5677 1526 5748 golligcre
1555 5674 1704 5748 quod
1726 5677 1914 5745 falsum
1940 5674 2031 5741 est,

460 5762 613 5821 quam
643 5762 703 5800 ex
730 5762 861 5812 vero,
892 5745 1027 5817 quod
1054 5763 1243 5801 verum.
1290 5743 1355 5817 Et
1386 5743 1499 5800 cum
1529 5743 1735 5801 debeant
1757 5749 1947 5803 incerta
1974 5748 2037 5803 de

2123 2930 2271 2985 certis
2310 2930 2544 2999 probari,
2604 2930 2685 2983 hic
2724 2929 3072 2999 probationem
3097 2928 3316 3000 sumpsit
3344 2944 3410 2984 ea:
3446 2928 3648 3000 incerto
3685 2931 3768 2984 ad

2051 3035 2097 3097 Ο
2126 3003 2447 3097 ουθέιεηξιαφ
2475 3002 2612 3097 quod
2634 3010 2986 3097 Aetl'laatucertum’.

3460 2999 3599 3054 Bon.

2211 3070 2595 3125 Sententia'est.
2623 3071 2874 3125 Additum
2907 3080 2981 3125 est
3004 3086 3071 3126 ex
3102 3070 3314 3127 cunctis
3340 3083 3475 3124 mss.
3502 3080 3562 3125 et
3589 3084 3768 3127 com-

2134 3142 2375 3212 pluribus
2397 3143 2573 3195 editis.

2206 3212 2270 3265 ln
2296 3229 2374 3266 eo.
2403 3215 2436 3269 5
2473 3213 2711 3268 (iolbert.
2744 3210 2979 3267 Clarom.
3012 3227 3039 3264 a
3066 3210 3304 3267 secunda
3332 3224 3497 3264 manu
3520 3253 3534 3274 ,
3569 3221 3627 3266 ct
3657 3213 3766 3268 eti.

2132 3283 2377 3355 Gymnic.
2408 3286 2459 3336 in
2491 3300 2569 3335 ea.
2594 3283 2829 3337 Claram.
2858 3300 2885 3333 a
2917 3285 3090 3355 prima
3117 3298 3299 3340 manu.
3329 3283 3392 3355 in
3407 3298 3537 3348 qua.

2207 3353 2346 3408 Nam
2376 3370 2532 3424 neque
2560 3360 2721 3407 honos
2760 3354 2896 3406 ullus
2943 3352 3113 3407 deberi
3156 3361 3317 3424 potest
3346 3351 3491 3417 'Deo,
3526 3361 3638 3407 clc.
3672 3356 3768 3410 Si-

2134 3425 2247 3479 mili
2278 3422 2523 3481 modo'in
2562 3424 2886 3479 Hieremiam
2933 3422 3193 3492 Origenes
3244 3422 3541 3492 benignum
3576 3424 3763 3480 Deum

2134 3495 2281 3555 dicit,
2314 3510 2382 3549 ne
2405 3494 2780 3561 desperemus;
2802 3510 3068 3557 severum,
3105 3510 3171 3547 ne
3186 3494 3585 3562 benignitatem
3617 3510 3767 3549 cono

2136 3575 2453 3621 temnamus.
2488 3566 2592 3621 Sed
2624 3564 3071 3633 quemadmodum
3099 3564 3289 3619 Cicero
3314 3565 3366 3617 in
3394 3563 3612 3619 Olliciis
3644 3566 3757 3620 do-

2134 3644 2261 3704 cet,
2306 3639 2477 3691 virum
2520 3636 2717 3689 bonum
2767 3650 2871 3689 non
2916 3650 3173 3704 peccare,
3205 3634 3369 3689 etiam
3425 3637 3768 3704 impunitate

2134 3708 2450 3779 proposita?
2477 3705 2875 3779 Oderuntenim
2901 3706 3263 3779 pcccarcghoni
3287 3706 3508 3779 virtutis
3533 3721 3763 3771 amore;

2135 3775 2189 3833 et
2218 3775 2437 3841 contra,
2488 3776 2717 3830 oderunt
2766 3792 2986 3845 peccare
3036 3777 3159 3847 ntali
3206 3775 3499 3847 formidine
3544 3792 3760 3847 pteuae.

2134 3848 2271 3916 Quid
2299 3849 2438 3917 quod
2470 3847 2664 3900 Paulus
2686 3848 2847 3901 etiam
2893 3847 2986 3911 ait,
3035 3846 3201 3900 Justis
3246 3846 3422 3915 legem
3471 3846 3584 3900 non
3630 3863 3770 3904 esse

2136 3918 2403 3988 positam?
2448 3917 2755 3986 Benignitas
2800 3917 2892 3971 Dei
2935 3927 3305 3984 contemptum
3348 3919 3431 3971 sui
3466 3918 3613 3972 adeo
3644 3935 3765 3974 non

2133 3990 2395 4059 gignit,ut
2413 3989 2481 4057 (si
2506 3989 2669 4043 Paulo
2688 3988 2977 4058 credimus)
3007 3990 3145 4059 Deus
3168 4002 3319 4041 suam
3335 4001 3475 4059 erga
3490 4003 3598 4059 nos
3625 3989 3769 4043 cha-

2136 4061 2350 4114 ritatem
2383 4067 2495 4113 tum
2528 4058 2758 4113 maxime
2784 4058 3206 4128 commendarit,
3256 4073 3382 4113 cum
3412 4058 3600 4113 adhuc
3630 4075 3771 4128 pec-

2136 4140 2347 4185 catores
2396 4144 2657 4184 essemus.
2706 4129 2874 4183 Porro
2911 4128 2958 4183 si
3004 4129 3120 4183 hzrc
3151 4124 3267 4183 sive
3298 4128 3603 4194 Lactantii,
3631 4124 3770 4187 sive

2136 4199 2382 4269 Origenis
2407 4201 2670 4254 sententia
2696 4210 2810 4254 rata
2829 4209 2994 4265 esset,
3027 4199 3175 4253 irrita
3193 4201 3348 4253 licret
3369 4207 3481 4269 tota
3503 4198 3668 4255 Pauli
3688 4202 3770 4259 de

2136 4268 2609 4339 prmdestinatione
2635 4271 2949 4336 diSputatio.
2988 4269 3128 4323 Nam
3152 4270 3305 4325 deest
3341 4271 3393 4323 in
3426 4268 3498 4323 12
3529 4285 3671 4325 mss.
3701 4283 3769 4328 et

2138 4344 2172 4395 4
2205 4340 2383 4395 editis.
2415 4340 2469 4394 In
2504 4341 2621 4395 Em.
2661 4350 2745 4395 est
2772 4341 2891 4395 ulli.
2925 4341 2990 4394 Et
3035 4340 3302 4394 lleuman.
3341 4347 3502 4409 putat
3550 4340 3769 4398 delen-

2061 4414 2116 4475 D
2139 4411 2264 4467 dum
2294 4425 2414 4466 esse
2437 4420 2689 4477 punctum
2724 4419 2843 4480 post
2871 4420 3119 4465 versatur.

2212 4480 2273 4536 Si
2301 4498 2400 4534 non
2440 4479 2844 4549 irascitur,’etc.
2889 4482 3054 4535 Deum
3086 4479 3243 4535 irasci
3275 4488 3554 4535 testantur
3583 4483 3772 4540 multa

2137 4551 2424 4622 Scriptura;
2446 4552 2583 4606 loca.
2610 4551 2675 4607 At
2720 4551 3033 4617 notandum,
3063 4552 3196 4605 iram
3231 4565 3337 4605 non
3366 4565 3495 4605 esse
3531 4556 3770 4621 passio-

2137 4638 2261 4677 neut
2298 4623 2582 4677 violentam
2628 4625 2678 4677 in
2710 4624 2838 4688 Deo,
2875 4622 2972 4676 sed
3003 4622 3336 4676 voluntatem
3372 4622 3669 4689 puniendi,
3707 4635 3775 4680 et

2137 4691 2250 4763 Deo
2277 4694 2492 4748 attribui
2521 4691 2765 4748 elfective
2793 4734 2807 4758 ,
2858 4708 2964 4747 non
2996 4692 3281 4763 allective,
3305 4699 3365 4746 ut
3404 4692 3723 4763 loquuntur
3749 4714 3767 4762 ;

2138 4762 2241 4818 hoc
2287 4773 2389 4827 est,
2437 4764 2601 4817 Deum
2635 4763 2811 4819 facere
2837 4764 2978 4833 quod
3022 4764 3141 4817 irati
3188 4762 3423 4825 iaciunt,
3462 4779 3574 4817 non
3619 4780 3772 4821 vero

2136 4844 2420 4905 promeres
2447 4834 2586 4888 afﬁci
2609 4836 2784 4905 aliqua
2814 4833 3218 4904 perturbatione
3242 4835 3448 4900 animi,
3475 4837 3768 4904 quemad-

2138 4904 2353 4959 modum
2381 4904 2623 4959 homines
2654 4904 2796 4959 irati.
2838 4905 2975 4960 (ἆραι.

2211 4974 2279 5030 Ut
2300 4986 2525 5047 cogetur.
2542 4975 2663 5031 Mss.
2685 4975 2844 5038 Ultr.,
2863 4973 3050 5040 Brun.,
3069 4973 3573 5047 utevagetur.Edd.,
3596 4975 3771 5045 Ald.,

2137 5045 2380 5117 Fasitel.,
2402 5046 2654 5111 Tornes.,
2684 5057 2738 5100 ut
2766 5056 3000 5117 vagatur.

2211 5116 2358 5170 Nihil
2403 5117 2535 5171 inter
2579 5115 2851 5171 hominem}
2880 5117 2953 5170 lta
2980 5131 3111 5171 mss.
3138 5116 3175 5169 2
3206 5116 3444 5182 Bonon.,
3480 5115 3661 5183 Tax.,
3728 5120 3772 5174 5

2136 5185 2289 5256 Cgolb.
2321 5187 2645 5256 totidemque
2676 5190 2824 5243 editi.
2867 5186 2924 5240 In
2966 5189 3087 5241 aliis
3112 5197 3371 5255 corrupte
3404 5188 3613 5254 legitur
3646 5205 3772 5244 non

2137 5252 2283 5322 nihil,
2318 5257 2458 5327 quod
2475 5252 2753 5313 sententiae
2773 5258 3035 5313 Lactantii
3063 5252 3590 5326 repugnat.—Nihil
3621 5260 3779 5315 inter

2138 5330 2409 5392 hominem,
2438 5340 2541 5382 etc.
2588 5329 2657 5383 lla
2690 5330 2748 5383 Β.
2780 5328 2843 5382 Τ.
2884 5331 3024 5397 quod
3061 5339 3316 5398 corrupte
3352 5328 3406 5382 itt
3462 5332 3773 5387 nonnullis

2136 5400 2331 5468 legitur
2359 5399 2611 5463 nonnihil,
2642 5411 2743 5454 etc.
2778 5399 2832 5453 ld
2856 5400 3138 5453 sententize
3162 5399 3427 5453 Lactantii
3455 5412 3773 5469 repugnat,

2136 5472 2226 5540 qui
2247 5471 2346 5525 hoc
2366 5471 2483 5523 loco
2499 5471 2774 5540 resipiscit,
2789 5469 2858 5523 ab
2891 5485 3078 5523 errore
3095 5471 3229 5523 alias
3247 5470 3453 5533 habito,
3475 5471 3775 5528 rationem

2138 5539 2314 5627 mutis
2329 5541 2490 5662 etliam
2520 5540 2712 5605 inesse,
2747 5539 2816 5595 de
2851 5554 2958 5609 quo
2985 5540 3217 5595 disserui
3248 5541 3496 5596 secundo
3536 5540 3771 5610 [nstit.,

2138 5625 2254 5662 can.
2285 5628 2337 5662 0.
2394 5626 2557 5662 διευς.

2136 5625 2254 5669 can.
2285 5611 2337 5663 5.
2370 5611 2557 5665 Ιδλιῑυε.
3408 5663 3415 5669 ,

2243 5651 2254 5662 .
2285 5628 2337 5663 Ο.
2370 5627 2388 5662 ι
2425 5627 2469 5663 ,Ε
2514 5627 2557 5664 S.

2203 5627 2730 5754 lllatioasaleU_animal,
2770 5689 2876 5754 etc.
2925 5682 3041 5737 Non
3090 5678 3372 5754 dissimilia
3408 5663 3583 5754 sunt,
3633 5700 3775 5754 quia

2156 5751 2470 5813 Aristoteles
2498 5752 2550 5805 in
2578 5752 2750 5825 primo
2775 5752 2841 5808 de
2872 5754 3083 5821 Anima,
3114 5753 3453 5823 Anaxagorae
3490 5751 3775 5827 dogmata
