3970 6324
220 331 283 387 95
1558 333 1765 393 LIBER
1801 334 1894 395 DE
1931 334 2048 393 ΙΒΔ
2087 333 2217 392 DEI.
3462 333 3534 390 9b

221 446 690 504 irrationabilibus
716 448 1019 520 coaequavit
1049 466 1062 501 :
1090 448 1236 520 quod
1264 447 1466 505 faciunt
1484 447 1701 520 quidam
1731 450 1831 504 im-
1857 452 1912 512 Α
1938 450 2084 520 prius
2107 448 2311 507 homini
2340 462 2523 506 sermo
2547 458 2631 507 est
2657 468 2671 506 :
2696 458 2878 506 tamen
2901 456 2960 505 et
2978 450 3030 506 in
3057 449 3167 509 illis
3192 448 3439 519 quaedam
3461 450 3534 506 si-

226 540 401 614 periti,
431 549 598 611 atque
629 541 765 611 ipsis
792 540 1091 611 pecudibus
1118 540 1355 608 similes,
1389 541 1624 611 quicum
1654 541 1830 596 ventri

220 652 284 692 ac
308 635 581 707 voluptati
607 648 669 690 se
688 634 864 689 velint
890 633 1125 700 tradere;
1145 634 1317 703 aiunt,
1337 634 1525 689 eadem
1548 634 1758 689 ratione
1772 648 1833 689 se

221 738 400 791 natos,
433 741 540 797 qua
573 726 830 780 universa
879 741 999 796 quae
1039 725 1282 795 spirant;
1315 723 1457 795 quod
1487 723 1595 779 dici
1624 723 1692 779 ab
1738 722 1833 779 ho-

222 821 371 877 mine
394 819 549 874 nefas
564 826 672 873 est.
692 818 826 887 Quis
847 818 991 874 enim
1016 826 1121 872 tam
1141 817 1385 872 indoctus
1402 825 1504 881 est,
1529 826 1587 871 ut
1606 816 1831 881 nesciat,

224 914 344 985 quis
375 922 488 966 tam
519 910 864 980 imprudens,
888 918 949 965 ut
973 925 1077 965 non
1106 909 1317 974 sentiat,
1350 908 1551 979 aliquid
1578 908 1756 965 inesse
1780 909 1832 964 in

221 1007 447 1063 homine
487 1005 703 1060 divini?
734 1004 982 1059 Nondum
1031 1003 1191 1060 venio
1219 1002 1287 1058 ad
1317 1003 1544 1058 virtutes
1573 1003 1738 1056 animi
1782 1008 1838 1056 et

223 1099 455 1171 ingenii,
495 1098 691 1167 quibus
718 1095 923 1152 homini
952 1110 1073 1150 cum
1121 1095 1230 1151 Deo
1271 1081 1555 1160 manifesta
1584 1093 1836 1165 cognatio

219 1202 327 1248 est.
363 1190 561 1246 Nonne
582 1190 752 1261 ipsius
772 1189 1022 1259 corporis
1049 1195 1223 1243 status
1248 1195 1303 1243 et
1325 1186 1436 1243 oris
1468 1186 1633 1256 ﬁgura
1656 1184 1837 1241 decla-

220 1292 332 1349 rat,
368 1298 480 1338 non
505 1297 628 1338 esse
656 1298 756 1337 nos
785 1296 908 1336 cum
939 1282 1102 1336 mutis
1134 1280 1430 1351 pecudibus
1459 1278 1739 1349 aequales?
1766 1276 1836 1331 ll-

222 1382 406 1437 larum
437 1388 632 1437 natura
662 1380 718 1434 in
747 1379 970 1434 humum
1012 1377 1378 1448 pabulumque
1424 1383 1692 1446 prostrata
1720 1380 1836 1439 est;

220 1488 330 1529 nec
357 1472 523 1527 habet
551 1470 845 1542 quidquam
882 1482 1171 1525 commune
1210 1482 1333 1522 cum
1360 1467 1521 1531 ctelo,
1559 1464 1703 1536 quod
1729 1478 1840 1519 non

219 1568 494 1623 intuetur.
536 1565 711 1620 Homo
738 1571 920 1620 autem
969 1572 1122 1618 recto
1164 1570 1304 1617 statu
1330 1601 1345 1625 ,
1377 1574 1472 1615 ore
1498 1559 1738 1626 sublimi,
1771 1558 1839 1613 ad

219 1660 750 1729 contemplationem
778 1655 965 1712 mundi
987 1656 1251 1712 excitatus
1273 1695 1288 1721 ,
1330 1654 1539 1709 confert
1578 1666 1700 1707 cum
1729 1651 1842 1707 Deo

220 1752 463 1817 vultum;
493 1759 549 1806 et
577 1750 843 1805 rationem
872 1748 1010 1805 ratio
1034 1745 1335 1818 cognoscit.

1934 541 2179 597 militudo
2209 542 2497 597 sermonis.
2518 540 2653 597 Nam
2684 549 2738 598 et
2767 541 3088 614 dignoscunt
3107 541 3336 597 invicem
3356 554 3415 598 se
3440 555 3536 598 vo-

1931 634 2103 699 cibus;
2131 642 2206 700 et,
2236 649 2359 688 cum
2400 634 2724 701 irascuntur,
2757 633 2927 691 edunt
2955 649 3149 689 sonum
3172 633 3351 705 jurglo
3380 633 3535 690 simi-

1933 726 2061 790 lem;
2090 736 2162 794 et,
2189 740 2312 781 cum
2343 740 2405 782 se
2430 740 2496 781 ex
2528 725 2812 781 intervallo
2841 725 3047 793 vident,
3077 720 3382 796 gratulandi
3411 723 3534 780 offi-

1933 819 2074 874 cium
2104 833 2236 874 voce
2268 817 2564 874 declarant.
2597 817 2761 874 Nobis
2799 817 3016 888 quidem
3044 832 3206 873 voces
3234 830 3418 872 eorum
3447 812 3532 872 rio

1935 911 2128 967 dentur
2158 911 2480 977 inconditaa,
2508 911 2646 966 sicut
2664 911 2768 967 illis
2794 911 3021 966 fortasse
3061 921 3258 965 nostrae
3288 926 3303 964 :
3328 907 3423 964 sed
3454 910 3532 981 lp-

1936 1008 2031 1073 sis,
2059 1022 2179 1077 qua:
2206 1020 2264 1061 se
2291 1005 2617 1077 intelligunt,
2663 1005 2827 1060 verba
2860 1013 3006 1069 sunt;
3040 1003 3272 1073 denique
3300 1004 3355 1058 in
3386 1001 3533 1057 omni
3584 1066 3589 1069 χ

1936 1100 2131 1157 affectu
2152 1107 2326 1156 certas
2346 1100 2495 1155 vocis
2523 1107 2677 1155 notas
2703 1098 3049 1168 exprimunt,
3077 1095 3272 1168 quibus
3297 1095 3536 1151 habitum

1938 1194 2137 1250 mentis
2163 1191 2466 1248 ostendant.
2502 1190 2662 1247 Risus
2682 1205 2895 1261 quoque
2916 1196 3000 1245 est
3027 1187 3232 1244 homini
3258 1188 3535 1258 proprius;

1940 1292 1994 1342 et
2031 1294 2210 1341 tamen
2255 1284 2502 1341 videmus
2548 1286 2599 1339 in
2627 1283 2746 1337 aliis
2770 1281 3089 1337 animalibus
3115 1278 3360 1351 quaedam
3389 1280 3537 1348 signa

1940 1377 2166 1446 lmtitiae,
2190 1392 2309 1431 cum
2338 1375 2404 1430 ad
2429 1374 2602 1430 lusum
2618 1373 2879 1445 gestiunt,
2910 1385 3072 1426 aures
3087 1369 3419 1433 demulceut,
3436 1367 3541 1423 ric-

1942 1479 2054 1525 tum
2084 1468 2447 1533 contrahunt,
2477 1467 2705 1522 frontem
2742 1472 3024 1528 serenant,
3056 1461 3243 1518 oculos
3296 1461 3349 1517 in
3380 1459 3539 1516 lasci-

1941 1563 2082 1617 viam
2128 1558 2424 1618 resolvunt.
2467 1557 2604 1628 Quid
2639 1566 2746 1612 tam
2796 1555 3070 1627 proprium
3101 1550 3332 1619 homini,
3379 1566 3538 1622 quam

1945 1654 2104 1719 ratio,
2133 1662 2188 1710 et
2218 1650 2547 1723 providentia
2578 1649 2775 1703 futuri?
2799 1647 2953 1716 Atqui
2972 1651 3098 1699 sunt
3117 1642 3386 1703 animalia.
3417 1656 3538 1712 quae

1944 1744 2182 1801 latibulis
2206 1743 2317 1800 suis
2342 1742 2585 1798 diversos
2615 1749 2671 1796 et
2696 1738 2881 1811 plures
2902 1736 3076 1791 exitus
3114 1733 3371 1805 pandant,
3404 1740 3461 1787 ut
3491 1731 3536 1786 si

298 1842 604 1912 Propterea
651 1840 857 1894 nullum
905 1849 989 1894 est
1014 1838 1236 1902 animal,
1268 1845 1325 1891 ut
1368 1836 1444 1891 ait
1480 1833 1674 1891 Cicero
1699 1834 1745 1906 (l
1771 1833 1840 1891 de
1869 1834 1917 1895 B
1944 1838 2087 1913 quod
2119 1837 2416 1909 periculum
2446 1831 2715 1899 inciderit,
2743 1831 2866 1902 fuga
2895 1834 3077 1901 pateat
3105 1826 3361 1889 obsessis;
3391 1822 3534 1894 quod

221 1932 493 2007 Legibus)
518 1942 716 2003 prteter
742 1932 1044 1997 hominem,
1079 1930 1221 2000 quod
1250 1928 1446 1984 habeat
1472 1928 1703 1999 aliquam
1736 1943 1834 1981 no-

219 2029 401 2083 titiam
432 2025 551 2081 Dei.
585 2025 746 2082 Solus
775 2025 921 2079 enim
950 2022 1212 2093 sapientia
1260 2021 1557 2077 instructus
1609 2027 1726 2087 est,
1776 2028 1834 2074 ut

219 2119 556 2190 religionem
584 2116 735 2173 solus
762 2115 1045 2185 intelligat;
1075 2123 1131 2169 et
1158 2114 1274 2168 haec
1300 2121 1383 2168 est
1411 2112 1644 2167 hominis
1671 2121 1835 2181 atque

219 2223 528 2278 mutorum,
559 2212 648 2267 vel
682 2213 976 2282 prmclpua,
1007 2209 1092 2265 vel
1122 2210 1235 2265 sola
1264 2208 1539 2265 distantia.
1570 2207 1701 2263 Nam
1728 2221 1834 2262 cae-

223 2319 370 2376 tera,
398 2322 522 2379 quae
556 2306 815 2362 videntur
841 2304 1076 2360 hominis
1110 2318 1232 2359 esse
1263 2302 1474 2373 propria
1500 2343 1514 2368 ,
1547 2310 1602 2357 et
1630 2301 1675 2356 si
1724 2313 1832 2355 non

222 2402 340 2459 sint
365 2400 495 2456 talia
517 2400 572 2455 in
600 2399 788 2464 mutis,
820 2405 999 2453 tamen
1024 2397 1219 2453 similia
1243 2394 1412 2451 videri
1433 2403 1678 2466 possunt.
1702 2393 1836 2449 Pro-

1937 1950 2044 1991 non
2080 1932 2337 1995 facerent,
2374 1929 2476 1985 nisi
2510 1928 2714 1983 inesset
2737 1924 2844 1980 illis
2868 1921 3225 1992 intelligentia
3255 1924 3312 1974 et
3337 1916 3541 1988 cogita-

1938 2027 2034 2082 tio.
2067 2024 2186 2081 Alia
2215 2021 2499 2095 provident
2526 2020 2581 2075 in
2603 2018 2877 2083 futurum;
2909 2022 2968 2069 ut

2428 2176 2692 2237 Ingentem
2716 2171 2933 2223 formicae
2956 2168 3098 2221 farris
3117 2179 3347 2219 acervum

2028 2242 2146 2294 Cum
2171 2239 2423 2307 papulant,
2446 2234 2639 2304 hyemis
2658 2246 2925 2296 memores,
2946 2239 3179 2297 tectoque
3198 2234 3471 2295 reponunt;

1942 2401 1999 2448 ut
2023 2406 2174 2464 apes,
2198 2405 2317 2462 qua:

1591 2532 1951 2593 VARIORUM
1991 2530 2223 2589 ΝΟΤᾸΕ.

223 2683 397 2737 fuisse
421 2678 612 2741 refert;
634 2686 829 2749 nempe
852 2676 1116 2733 universis
1140 2685 1246 2730 tam
1266 2674 1705 2749 majorumquam
1730 2672 1828 2729 mi-

226 2767 427 2809 norum
457 2753 700 2822 gentium
727 2745 1048 2822 animalibus
1078 2758 1314 2822 mentem
1344 2762 1463 2801 esse
1489 2745 1698 2807 dicens,
1723 2758 1828 2822 non

225 2835 412 2880 tamen
439 2814 581 2883 e'am,
616 2823 700 2876 cui
733 2820 1015 2889 prudentia
1047 2819 1328 2889 tribuitur,
1377 2833 1497 2889 que
1529 2831 1594 2889 ne
1624 2814 1833 2889 cunctis

223 2896 450 2966 quidem
480 2885 790 2966 hominibus
826 2890 971 2966 insit.
1001 2890 1126 2966 llaec
1152 2888 1341 2943 eadem
1370 2885 1491 2966 fere
1516 2887 1590 2966 de
1619 2885 1834 2939 Anaxa-

225 2957 361 3039 gora
383 2965 713 3019 Plutarchus
743 2963 797 3017 in
835 2962 1244 3026 v'Placitorum,
1275 2974 1394 3029 cap.
1426 2957 1518 3015 20.
1555 2958 1756 3012 BETUL.

298 3056 616 3127 Cowquovit.
648 3053 976 3127 Sic_reposui
1003 3068 1071 3108 ex
1113 3067 1243 3127 mss.
1278 3061 1332 3127 et
1354 3050 1615 3127 _edit.vet.
1640 3047 1833 3127 _Rom.,

227 3119 507 3189 Fluren't..
539 3127 712 3187 Junt.,
742 3119 840 3190 13.,
869 3124 1088 3183 Cellae,
1124 3122 1313 3176 Cmteri
1354 3120 1598 3191 impressi
1640 3119 1838 3174 habent

229 3200 596 3268 romquaverit;
613 3207 664 3252 et
689 3211 787 3268 pro
805 3196 1002 3268 similes
1016 3210 1156 3268 mss.
1181 3190 1445 3268 ‘2_BononI
1455 3235 1468 3258 ,
1488 3191 1512 3244 l
1536 3190 1667 3259 Reg.
1700 3205 1807 3244 rec.
1821 3232 1834 3256 ,

227 3273 265 3326 2
287 3263 466 3327 ΟόΙῦη
484 3281 537 3325 et
565 3263 703 3322 Tax.‘
730 3267 947 3327 habent,
979 3263 1250 3319 simillimi.

305 3340 588 3412 xEquales.
618 3339 946 3412 Espungunt
963 3354 1053 3412 nos
1081 3336 1461 3412 pleriqitemss.
1481 3347 1707 3412 quorum
1721 3347 1835 3397 sex,

229 3402 448 3469 scilicet
472 3402 871 3480 Regio-Putnd
900 3408 968 3461 al.
1002 3402 1161 3480 ιιεετ,
1185 3404 1496 3480 2Culbert.,
1518 3404 1542 3457 i
1568 3402 1835 3468 Clarum,

231 3488 265 3539 8
289 3486 461 3539 Brun.
493 3477 714 3544 habent,
748 3480 851 3533 oris
880 3480 1047 3549 ﬁgura
1093 3477 1321 3531 declarat
1349 3516 1363 3539 ,
1411 3492 1514 3529 non
1566 3489 1672 3528 esse
1723 3491 1838 3528 cum

232 3555 389 3610 mutis
416 3552 699 3624 pecudibus
720 3551 954 3619 wqttalis.

309 3614 505 3680 Habet.
536 3623 663 3677 Mss.
696 3625 729 3676 4
766 3614 878 3677 rec.
899 3663 912 3685 ,
959 3620 1176 3675 habet...
1210 3617 1488 3671 intuentur.
1535 3614 1793 3671 Francius
1821 3657 1835 3682 ,

231 3699 374 3754 forte
407 3699 513 3766 leg.
543 3693 795 3747 habent...
821 3693 1100 3766 intuentur.

312 3759 488 3822 Homo
507 3776 677 3819 autem
696 3775 830 3817 recto
844 3773 999 3817 statu.
1017 3759 1325 3816 Lactantius
1343 3773 1500 3828 supra
1522 3759 1613 3815 lib.
1628 3773 1696 3814 vlt
1717 3774 1834 3828 cap.

230 3842 266 3896 9
294 3839 483 3894 Divin.
508 3837 684 3892 lnstit.
706 3854 717 3888 :
747 3833 906 3904 Cujus
932 3849 1117 3903 corpus
1143 3831 1205 3885 ab
1233 3831 1386 3884 humo
1410 3829 1841 3904 excitatum,qu

233 3923 318 3966 tus
348 3911 607 3969 sublimis,
630 3916 792 3962 status
818 3900 980 3961 rectus
1007 3900 1265 3970 originem
1282 3916 1431 3955 suam
1460 3900 1839 3969 qturrit.Quod

230 3992 423 4037 autem
463 3979 617 4041 dit-it,
647 3978 857 4047 Confert
888 3993 1003 4047 cum
1033 3974 1142 4027 Deo
1166 3974 1393 4047 vultum,
1438 3970 1674 4047 intellige
1716 3986 1838 4025 cum

232 4054 538 4108 meditatur
558 4050 626 4104 de
649 4043 1028 4112 similitudine,
1050 4060 1171 4114 qua:
1210 4045 1258 4099 ei
1284 4043 1589 4097 communis
1619 4051 1839 4097 estcutn

234 4126 376 4186 Deo,
402 4123 479 4175 ait
504 4120 806 4177 Walcbius.

312 4182 531 4248 confert
557 4208 673 4246 cum
701 4189 811 4244 Deo
846 4185 1318 4244 uultum.Walehii
1341 4184 1647 4241 emendatio
1672 4202 1683 4237 :
1709 4182 1843 4240 Con-

237 4270 341 4338 fert
368 4255 444 4318 ad
472 4265 632 4318 Deum
660 4264 855 4338 uultum
875 4304 901 4338 ,Δ
921 4275 1026 4314 non
1072 4256 1406 4338 admittenda
1440 4258 1493 4310 in
1522 4255 1838 4338 locnfano,

236 4326 484 4392 iuaxime
506 4350 628 4390 cum
659 4333 973 4388 Lactantius
993 4331 1179 4385 eadem
1203 4328 1383 4397 pbrasi
1408 4342 1535 4382 usus
1555 4328 1626 4381 sit
1652 4326 1751 4382 lib.
1782 4342 1839 4390 ιι,

236 4423 365 4477 cap.
392 4406 430 4461 2
459 4424 471 4460 :
505 4406 703 4473 Corpus
730 4404 919 4458 idcirco
944 4413 1138 4477 rectum
1162 4399 1420 4477 accepisti,
1452 4415 1550 4467 quo
1574 4398 1746 4477 oculth
1766 4406 1845 4450 at-

236 4468 561 4550 qu'ementes
600 4468 715 4530 eum
742 4492 835 4550 eo_,
868 4474 953 4545 qui
984 4474 1131 4550 fecit,
1157 4469 1665 4550 εοίιῖρνιθιξἰιοειιειξεζ
1703 4468 1838 4523 ΒιιΝ.

316 4549 387 4604 Ει
420 4550 671 4603 rationem
714 4547 846 4600 ratio
881 4538 1174 4614 'cog'noscit.
1218 4538 1762 4614 Franciustnalebat.
1785 4549 1839 4614 get

240 4623 499 4676 rationem
522 4618 722 4673 ratione
749 4610 1374 4687 cogitoseit.—Rationetrt
1399 4612 1532 4664 ratio
1560 4610 1836 4687 cognoscit.

240 4694 457 4748 Sensus
486 4700 587 4754 est,
614 4683 866 4743 rationein
886 4687 1109 4740 divinant
1138 4683 1273 4753 (sive
1308 4684 1498 4754 Deum,
1529 4684 1617 4754 qui
1649 4691 1701 4735 et
1728 4683 1842 4750 ipse

239 4765 379 4817 ratio
402 4752 623 4827 dicitur,
648 4760 741 4814 lib.
774 4775 812 4823 ι,
837 4774 956 4824 cap.
990 4757 1066 4828 5),
1097 4756 1233 4810 ratio
1259 4752 1496 4808 hominis
1519 4752 1652 4821 (sive
1681 4754 1842 4807 homo

242 4830 554 4915 rationalis)
583 4832 897 4912 cognoscin.
915 4829 1049 4915 Ben.

322 4895 570 4958 [Ioannis
599 4895 705 4957 esSe
722 4897 1185 4970 ρι·ορνίαη1ιρείιιιιδ
1199 4895 1413 4961 homini,
1433 4903 1562 4970 etc._.
1586 4902 1640 4949 et
1661 4900 1843 4970 notam

244 4983 570 5047 sequentem
597 4964 1136 5047 exhibet—Homini
1156 4984 1262 5022 esse
1279 4967 1510 5047 propria.
1534 4964 1841 5047 ltaisllatim,‘

248 5036 496 5118 proprius
546 5045 742 5118 homini
790 5058 992 5118 sermo;
1043 5036 1516 5118 pos‘teagrisus...
1555 5046 1627 5091 est
1653 5036 1848 5118 homini

247 5108 539 5189 proprius;
568 5116 824 5189 denique,
855 5108 1316 5189 quitlAtrnnnhomini
1339 5109 1627 5177 proprium;
1649 5118 1701 5189 et
1728 5108 1847 5189 loco

248 5178 471 5260 geniiuu
513 5178 619 5260 lib.
645 5178 727 5252 tu,
780 5178 901 5255 cap.
935 5183 1004 5239 10
1036 5200 1049 5236 :
1082 5181 1215 5247 Quae
1241 5189 1490 5251 putantur
1522 5194 1630 5234 esse
1660 5178 1854 5233 homini

247 5258 484 5333 propria.
511 5258 643 5333 Ben.

325 5319 556 5387 Similia.
592 5328 801 5383 Seneca
832 5326 928 5380 lib.
957 5324 1027 5380 de
1056 5323 1162 5384 Ira.
1208 5338 1258 5377 c.
1295 5323 1333 5377 5
1366 5339 1378 5375 :
1426 5319 1573 5375 Muta
1603 5320 1851 5374 animalia

252 5403 494 5457 humanis
523 5398 792 5466 affectibus
837 5405 1011 5451 carent
1043 5412 1060 5448 :
1092 5394 1276 5449 habent
1314 5401 1481 5445 autem
1529 5393 1720 5466 similes
1747 5392 1854 5466 illis

286 5476 501 5528 uosdam
545 5462 834 5540 inundans.
861 5468 1009 5522 Adde
1036 5467 1242 5540 reliqua
1262 5505 1277 5529 ,
1309 5474 1363 5518 et
1403 5462 1607 5517 Arnob.
1656 5463 1748 5518 lib.
1798 5463 1852 5528 7,

286 5492 501 5528 uosaam
545 5492 823 5540 tmputsus.
861 5492 1009 5522 nunc
1038 5492 1238 5534 Πςιιψιει
1262 5505 1277 5529 ,
1309 5492 1340 5518 υ

251 5492 532 5608 (((ιιεείιιιη,
566 5542 663 5595 lib.
697 5556 756 5594 ιιι
783 5537 912 5592 ldol.
937 5552 1057 5606 cap.
1090 5534 1183 5596 44.
1212 5536 1343 5608 BUN.

326 5603 527 5670 Tamen
549 5624 594 5667 et
618 5614 672 5665 in
702 5611 807 5664 illis
831 5603 1066 5678 quaedam
1090 5606 1373 5660 similitudo
1401 5605 1667 5678 annonis.
1692 5603 1859 5658 Fran-

253 5688 387 5755 cius,
422 5698 597 5740 tanien
620 5691 716 5755 est.
754 5675 887 5755 liuic
916 5679 1199 5755 sententiae
1225 5678 1421 5755 similia
1454 5678 1614 5731 habet
1635 5675 1853 5755 Lucret;

252 5759 343 5813 lib.
373 5743 431 5823 'v,
465 5767 523 5812 et
553 5753 729 5810 Basil.
773 5751 907 5819 Mog.
950 5747 1620 5823 Oratinn._8._ﬂeaamen.
1665 5755 1721 5801 et
1745 5747 1802 5823 _i_u
1826 5743 1860 5799 9

250 5830 337 5889 ubi
366 5817 793 5887 siiuilitudinem
814 5817 1101 5893 quamdam
1123 5818 1547 5885 ratiocinationis
1577 5821 1626 5874 in
1642 5817 1861 5895 canibus

1932 2684 2055 2727 esse
2075 2668 2334 2739 praeclare
2355 2666 2724 2739 demonstrat;
2737 2662 2877 2719 sicut
2901 2670 2955 2717 et
2971 2662 3032 2715 Β.
3058 2659 3309 2739 Ambros.
3341 2657 3437 2713 lib.
3464 2672 3539 2739 vi.

1936 2730 2162 2796 Hexa'm.
2196 2753 2316 2808 cap.
2349 2737 2383 2790 4
2416 2752 2510 2807 per
2539 2734 2894 2808 ducet-diruere
2943 2730 3261 2808 quamdam,
3294 2730 3545 2808 proponit

1940 2812 2095 2866 nobis
2143 2801 2332 2865 canem
2375 2801 2675 2878 venaticum
2730 2804 3138 2878 συλλογιζόμενον
3184 2802 3244 2878 ip
3303 2801 3537 2878 compita

1937 2881 2203 2937 multiﬁdo
2233 2896 2246 2934 :
2282 2880 2351 2934 de
2393 2894 2500 2948 quo
2526 2867 3082 2948 Irirmclaredisse‘rntit
3107 2867 3541 2948 et_Franc_.__Val-

1941 2952 2107 3079 {asilus'
2131 2954 2166 3077 Ιί
2200 2966 2227 3003 v
2256 2950 2323 3007 de
2349 2939 2901 3019 Sa'cra'Pbilosomria.
2927 2944 3011 2999 Cl.
3037 2943 3255 2999 Vossius
3276 2941 3327 2997 in
3354 2940 3446 2997 lib.
3475 2939 3543 2997 de

2004 3044 2031 3075 ιι
2056 3039 2088 3076 0
2111 3038 2138 3077 ει
2174 3063 2186 3076 .

2004 3032 2186 3077 ululat.

2016 3094 2155 3148 Nam
2177 3103 2221 3147 et
2249 3092 2552 3163 dignoscunt
2576 3089 2788 3163 inuicem
2838 3103 2901 3163 se
2920 3085 3146 3163 vocibus;
3173 3091 3239 3149 et,
3270 3083 3542 3163 eumnirat-

1944 3176 2148 3229 cuntur,
2175 3153 2329 3217 edunl
2354 3179 2555 3217 sonum.
2588 3153 2644 3215 Ιή
2675 3176 2803 3213 mss.
2840 3158 2908 3213 14
2941 3169 2994 3212 et
3020 3156 3054 3211 ‘2
3085 3166 3191 3209 vel.
3220 3155 3349 3208 edit.
3372 3153 3533 3229 ξζξιιη.

1945 3222 2172 3308 legitur,
2210 3234 2441 3308 Nauret
2486 3233 2884 3308 dignoscantur,
2935 3228 3091 3283 edunt
3123 3242 3323 3281 sonum.
3370 3222 3542 3281 Minus

1942 3306 2100 3363 bene.
2130 3307 2334 3362 Sensus
2364 3306 2733 3372 imperfectus.

2022 3378 2252 3432 Nobis...
2298 3363 2714 3430 voces-corum...
2763 3370 3104 3425 inconditw...
3139 3363 3291 3421 Παιδί.
3322 3405 3335 3427 .
3402 3363 3537 3421 Ven.

1945 3449 2110 3513 1471,
2141 3447 2231 3512 7‘2,
2263 3456 2487 3513 utraque
2511 3444 2600 3507 78,
2644 3444 2736 3506 93,
2764 3444 2856 3507 97,
2898 3435 3315 3513 Pier.,_Parrb.,
3343 3434 3540 3513 Paris,

1945 3506 2234 3590 incognitae
2260 3534 2274 3582 ;
2301 3526 2382 3590 Jll
2402 3506 2614 3572 'Senec.
2642 3529 2657 3568 ι
2684 3513 2753 3570 de
2782 3506 2886 3579 Ira,
2920 3527 3039 3579 cap.
3069 3509 3119 3573 l,
3151 3522 3331 3579 parum
3357 3506 3542 3574 expla-

1945 3587 2094 3644 nata?
2111 3605 2274 3644 voces.
2301 3587 2431 3642 BUN.
3372 3594 3379 3601 ‘

2019 3660 2146 3727 Qua:
2174 3676 2227 3715 se
2255 3658 2567 3727 intelligunt.
2603 3653 2768 3709 Recte
2794 3667 2943 3723 quia;
2975 3664 3095 3727 nam
3128 3647 3202 3727 de
3225 3646 3386 3727 mutis
3421 3644 3539 3727 ani:

1943 3715 2171 3786 maTibus
2220 3715 2473 3795 loquitui.
2501 3725 2700 3781 Verum
2733 3715 2887 3795 error
2915 3729 2997 3777 cst
3044 3721 3096 3773 in
3126 3718 3159 3774 8
3189 3716 3348 3772 editis
3387 3725 3441 3771 et
3476 3715 3542 3769 ιι

1945 3817 2075 3858 mss.
2108 3800 2194 3857 ubi
2220 3793 2409 3869 legitur
2433 3797 2593 3869 quise
2618 3793 2929 3869 intelligigu.

2016 3871 2083 3925 In
2110 3874 2249 3927 omni
2268 3862 2474 3934 Eﬁ‘cctu.
2502 3865 2639 3919 Editi
2668 3880 2762 3918 sex
2788 3862 2999 3930 e/fectu.

2016 3943 2175 3996 Aures
2204 3927 2507 3996 deniulcent.
2543 3935 2599 3991 id
2625 3943 2729 4000 est,
2775 3927 3062 3989 demittunt.
3094 3930 3306 3998 Horon,
3341 3927 3437 3985 lib.
3467 3942 3530 3993 ιι,

1942 4012 2031 4070 0d.
2066 4014 2171 4069 15:

2076 4163 2087 4175 .
2110 4162 2122 4174 .
2147 4160 2159 4173 .
2183 4163 2194 4175 .
2222 4159 2235 4172 .
2260 4122 2393 4172 .Illis
2415 4132 2709 4171 carminibus
2726 4125 2934 4182 stupens

2068 4189 2299 4299 Remittit
2319 4190 2450 4235 atras
2471 4182 2641 4235 bellua
2662 4185 2932 4245 centiceps.

2113 4262 2247 4299 ures.

2022 4351 2352 4409 Providentia
2382 4350 2565 4418 futuri.
2601 4348 2668 4403 Et
2714 4346 2873 4415 infra,
2907 4345 3169 4418 provident
3210 4346 3261 4398 in
3292 4343 3543 4413 futurum.

1947 4427 2228 4489 Francius,
2260 4417 2396 4477 forte
2418 4420 2805 4491 providentia...
2835 4428 2890 4473 et
2920 4417 3222 4491 ptjteuidfent.

3066 4241 3357 4292 Tmarus.

1866 4471 1920 4531 D
1947 4471 1970 4483 ⁸
2019 4471 2285 4568 Ingentem
2316 4471 2471 4568 farris
2508 4471 3188 4568 acerbiun,_cte.:Yirgjlius
3221 4488 3332 4568 hac
3361 4483 3550 4567 simili-

1943 4556 2126 4624 tudine
2154 4556 2513 4622 laborantium
2536 4576 2730 4631 operas
2759 4559 3017 4621 describit
3039 4558 3288 4629 Georgic.
3316 4556 3489 4628 primo
3527 4571 3542 4623 ;

2189 4675 2496 4737 Populatque
2520 4673 2780 4732 ingentem
2803 4670 2943 4719 farris
2961 4681 3195 4737 acervum
3224 4680 3237 4716 :

2128 4732 2370 4797 Curculio,
2397 4732 2543 4798 atque
2570 4736 2702 4796 inOpi
2728 4741 2958 4783 metuens
2981 4732 3178 4782 formica
3203 4734 3443 4778 senectae.

1942 4843 2078 4901 Vide
2104 4841 2290 4900 Horat.
2316 4839 2383 4896 ad
2404 4839 2772 4902 Meemnatem,
2800 4845 2901 4891 sat.
2932 4852 2947 4890 l
2981 4853 2993 4888 :

2124 5015 2341 5075 Parvula
2364 5027 2473 5064 nam
2498 5012 2730 5074 exemplo
2755 5016 2831 5062 est
2856 5012 3024 5074 magni
3045 4948 3468 5075 fo§r|r$ictatlaboris,

2135 5079 2234 5130 Ore
2260 5079 2409 5128 trahit
2429 5069 2771 5139 quodcumque
2799 5069 2981 5138 potesi,
3010 5081 3158 5139 atque
3181 5069 3316 5139 addit
3338 5082 3517 5139 acervo

2136 5140 2294 5202 Quem
2316 5130 2477 5203 struii,
2505 5138 2631 5187 haud
2653 5130 2843 5201 ignara,
2869 5150 2925 5186 ac
2948 5149 3047 5185 non
3068 5130 3263 5184 incauta
3286 5130 3455 5182 futuri.

1952 5246 2089 5314 Quid
2108 5242 2249 5317 quod
2281 5242 2536 5317 salenion
2564 5242 2771 5311 pigrum
2803 5240 3047 5317 formicae
3071 5235 3405 5317 exempload
3425 5249 3553 5317 ope-

1954 5306 2043 5374 ἧς
2065 5306 2284 5380 excitat,
2311 5306 2595 5379 ProverbI,
2620 5306 2674 5366 ἒ.
2692 5328 2765 5375 vr,
2797 5321 2850 5366 et
2867 5310 3144 5379 trigesimo
3165 5306 3365 5380 colligit
3390 5306 3551 5380 etiam

1955 5389 2235 5445 industria:
2261 5377 2875 5452 animalium'exempla.
2903 5377 3182 5452 caeterum
3200 5378 3267 5452 de
3296 5377 3549 5431 formica-

1956 5475 2077 5515 rum
2106 5456 2368 5512 industria
2400 5453 2586 5523 AEsnpi
2628 5447 2883 5524 apologus
2913 5461 3015 5524 es_t.
3064 5450 3138 5503 De
3170 5447 3329 5524 h_uj_us
3356 5458 3546 5524 natura

1961 5528 2327 5585 consulendus
2348 5536 2431 5581 est
2477 5517 2679 5580 Plinius
2718 5524 2756 5577 Ι.
2782 5517 2854 5587 it,
2879 5536 2928 5576 c.
2950 5522 3129 5585 Deest,
3160 5518 3429 5583 Elianus,
3458 5517 3553 5572 lib.

1959 5617 2093 5665 vui;
2127 5600 2381 5663 Aristot.,
2432 5598 2526 5651 lib.
2556 5613 2595 5660 ι,
2627 5595 2763 5649 llist.
2807 5591 3157 5657 Animalinm,
3182 5605 3302 5660 cap.
3337 5589 3422 5643 ll.
3452 5588 3555 5643 Be-

1967 5686 2217 5727 TULEIUS.

2035 5746 2164 5796 Cum
2191 5738 2458 5811 populant.
2492 5737 2569 5791 Ex
2597 5734 2962 5811 vetustissimo
2989 5732 3300 5811 et__opti_mo_
3319 5744 3424 5785 ms.
3453 5729 3555 5811 Re:

1963 5799 2202 5895 gio-Put:
2221 5799 2429 5873 reﬁtitui
2446 5824 2567 5865 cum
2584 5803 2832 5883 populant
2856 5829 2871 5873 ,-
2894 5819 2998 5863 nec
3025 5799 3182 5864 alitér
3202 5802 3395 5876 legitur
3417 5799 3556 5872 apud
