3970 6352
215 311 272 366 ll'l
1494 297 1695 358 LIBER
1736 298 1827 359 DE
1865 300 1984 359 IRA
2023 296 2153 358 DEI.
3390 301 3463 360 93

214 426 328 479 Deus
351 436 438 476 nec
463 417 637 481 habet,
665 429 768 473 nec
795 416 1032 484 exhibet,
1059 431 1155 473 cur
1179 434 1284 473 non
1316 434 1444 490 ergo
1471 418 1754 489 delinqua—
1781 422 1827 480 A
1858 391 2031 476 aliena
2059 416 2286 490 qmestio
2315 423 2431 473 est:
2456 414 2554 472 sed
2582 413 2707 487 quia
2724 415 3030 473 necessario
3057 414 3265 483 incidit,
3301 416 3462 475 debet

212 528 327 581 inus,
351 508 547 582 quoties
594 507 876 564 hominum
924 507 1308 564 conscientiam
1339 509 1526 564 fallere
1554 509 1755 575 licebit,

207 619 261 660 ac
283 603 410 672 leges
438 599 675 670 publicas
701 598 1148 654 circumscribere
1176 599 1200 654 ?
1231 598 1570 670 Ubicumque
1601 599 1758 654 nobis

207 693 379 752 latendi
405 689 611 747 occasio
637 690 904 757 arriserit,
935 690 1286 745 consulamus
1312 691 1413 757 rei,
1445 690 1757 745 auferamus

204 792 373 853 aliena,
402 788 478 842 vel
503 787 621 842 sine
668 800 885 851 cruore,
932 786 1015 842 vel
1047 786 1214 842 etiam
1258 800 1378 841 cum
1406 786 1681 858 sanguine,
1711 785 1755 840 si

202 894 370 959 praeter
391 882 529 952 leges
556 880 689 936 nihil
718 889 804 936 est
826 881 1058 951 amplius
1078 880 1219 951 quod
1243 879 1527 936 colendum
1557 881 1643 934 sit.

261 977 370 1033 Huc
394 975 513 1031 dum
543 975 713 1030 sentit
737 973 1025 1044 Epicurus,
1065 974 1378 1044 religionem
1404 974 1641 1029 funditus
1662 973 1756 1030 tle-

198 1071 283 1135 let;
307 1084 396 1140 qua
424 1067 649 1135 sublata,
680 1066 927 1122 confusio
956 1081 1019 1123 ac
1048 1067 1382 1136 perturbatio
1410 1068 1534 1122 vitae
1564 1082 1756 1138 seque-

193 1172 284 1221 tur.
303 1161 442 1232 Quod
471 1161 514 1215 si
543 1160 734 1233 religio
751 1160 865 1216 tolli
886 1175 992 1216 non
1024 1168 1223 1230 potest,
1255 1170 1311 1215 ut
1339 1170 1393 1217 et
1412 1161 1750 1231 sapientiam,

220 1272 277 1313 na
327 1255 577 1311 distamus
624 1270 656 1310 a
707 1254 923 1319 belluis,
964 1263 1019 1310 et
1065 1253 1326 1323 justitiam
1389 1254 1750 1319 retineamus,

189 1367 277 1422 qua
312 1349 603 1407 communis
633 1348 741 1404 vita
768 1349 837 1403 sit
863 1347 1057 1412 tutior;
1108 1346 1379 1418 quomodo
1405 1347 1611 1418 Religio
1639 1347 1751 1417 ipsa

184 1447 283 1501 sine
301 1454 434 1500 metu
465 1442 746 1500 teneriaut
770 1440 1027 1497 custodiri
1060 1438 1273 1510 potest?
1293 1438 1448 1507 Quod
1475 1437 1617 1495 enim
1645 1453 1750 1493 non

179 1538 445 1603 metuitur,
490 1534 896 1590 contemnitur:
948 1532 1092 1605 quod
1145 1532 1528 1596 contemnitur,
1570 1531 1754 1602 utique

177 1645 268 1686 non
308 1629 509 1685 colitur.
564 1627 646 1682 Ita
703 1627 799 1693 tit,
870 1634 930 1681 ut
973 1624 1198 1695 religio,
1248 1634 1304 1680 et
1358 1622 1646 1693 maiestas,
1697 1630 1754 1678 et

173 1724 329 1777 honor
354 1729 496 1777 metu
548 1727 799 1775 constet:
826 1726 1003 1774 metus
1032 1724 1210 1772 autem
1240 1729 1347 1771 non
1377 1724 1482 1783 est,
1515 1712 1603 1769 ubi
1635 1714 1752 1769 nul-

1861 511 2107 583 quamvis
2154 509 2390 565 breviter
2417 507 2626 579 attingi.

2491 620 2719 679 CAPUT
2755 622 2847 679 IX.

1859 754 1937 810 De
1956 756 2277 825 providentia
2304 755 2420 823 Dei,
2452 757 2613 827 deque
2635 757 2894 813 sententiis
2922 757 3002 813 illi
3038 727 3456 831 repugnantibus.

1928 889 2061 945 Cum
2084 893 2368 946 sententia:
2394 889 2841 962 philosophorum
2874 890 3068 962 prioris
3106 895 3365 963 temporis
3393 893 3462 951 de

1857 981 2191 1052 providentia
2237 982 2665 1047 consensissent,
2708 996 2810 1038 nec
2858 982 2963 1038 ulla
3004 994 3151 1040 esset
3174 984 3459 1052 dubitatio,

1857 1075 1985 1143 quin
2009 1073 2239 1130 mundus
2268 1089 2299 1129 a
2328 1072 2460 1142 Deo,
2484 1080 2538 1128 et
2558 1073 2769 1129 ratione
2790 1082 2935 1131 esset
2952 1074 3267 1146 instructus,
3289 1085 3345 1133 et
3371 1092 3461 1133 ra.

1857 1165 2003 1222 tione
2032 1174 2352 1237 regeretur:
2394 1164 2599 1236 primus
2650 1165 2890 1221 omnium
2934 1165 3258 1239 Protagoras
3284 1176 3376 1225 ext
3398 1167 3461 1224 tit

1858 1257 2192 1328 temporibus
2243 1256 2505 1324 Socratis,
2566 1257 2655 1328 qui
2692 1256 2794 1313 sibi
2841 1256 3044 1314 diceret
3092 1273 3199 1315 non
3229 1260 3457 1331 liquere,

1854 1359 2035 1405 utrum
2064 1358 2210 1406 esset
2236 1349 2416 1420 aliqua
2443 1348 2719 1414 divinitas,
2762 1365 2953 1407 necne.
3008 1351 3140 1421 Quae
3167 1351 3460 1423 disputatio

1854 1440 1973 1512 ejus
2002 1441 2140 1497 adeo
2184 1440 2445 1512 impia,et
2473 1450 2662 1497 contra
2717 1442 3000 1498 veritatem
3040 1453 3097 1499 et
3141 1443 3456 1513 religionem

1850 1531 2086 1602 iudicata
2108 1541 2212 1598 est,
2240 1539 2298 1586 ut
2319 1541 2375 1587 et
2399 1531 2574 1601 ipsum
2618 1529 2978 1589 Athenienses
3006 1533 3317 1604 expulerint
3342 1534 3457 1591 suis

1855 1622 2069 1689 tinibus,
2096 1629 2152 1679 et
2168 1622 2334 1678 libros
2362 1621 2482 1691 ejus
2511 1622 2563 1677 in
2589 1621 2871 1690 concione,
2920 1623 3115 1695 quibus
3143 1623 3260 1681 haec
3285 1625 3454 1682 conti-

1854 1717 2141 1783 nebantur,
2168 1715 2497 1772 exusserint.
2522 1715 2595 1770 De
2607 1714 2762 1785 cujus
2785 1716 3054 1772 sententia
3085 1731 3192 1773 non
3221 1726 3301 1773 est
3320 1732 3457 1787 opus

172 1812 242 1868 lus
260 1812 515 1868 irascitur.
540 1812 671 1868 Sive
700 1810 860 1883 igitur
885 1809 1112 1879 gratiam
1143 1806 1278 1873 Deo,
1307 1807 1423 1861 sive
1448 1806 1605 1871 iram,
1629 1802 1744 1860 sive
1774 1811 1822 1872 Β
1848 1808 2145 1879 disputare,
2177 1808 2302 1879 quia
2352 1808 2483 1863 nihil
2538 1808 2674 1864 certi
2726 1809 3110 1878 pronuntiavit.
3168 1809 3295 1866 Post
3340 1810 3458 1867 htec

168 1913 425 1975 utrumque
435 1900 763 1967 detraxeris,
783 1898 1098 1970 religionem
1122 1896 1238 1953 tolli
1260 1909 1485 1952 necesse
1501 1904 1605 1961 est,
1633 1893 1751 1950 sine

165 2011 254 2066 qua
273 1995 371 2050 vita
391 1993 675 2050 hominum
698 1990 948 2057 stultitia,
975 1989 1206 2056 scelere,
1236 1986 1569 2042 immanitate
1599 1999 1749 2041 com-

160 2088 336 2160 pletur.
365 2086 591 2143 Multum
644 2084 789 2142 enim
816 2083 1071 2141 refrtenat
1097 2079 1347 2138 homines
1390 2076 1745 2143 conscientia,

162 2180 199 2235 si
222 2178 493 2237 credamus
513 2194 620 2235 nos
646 2178 705 2233 in
728 2184 1025 2248 conspectu
1055 2173 1151 2230 Dei
1180 2174 1401 2238 vivere;
1431 2171 1475 2227 si
1499 2186 1605 2226 non
1629 2180 1747 2226 tan-

157 2278 255 2326 tum
282 2285 396 2341 quae
418 2269 692 2341 gerimus,
723 2266 893 2323 videri
923 2265 1178 2335 desuper,
1207 2260 1305 2320 sed
1321 2261 1485 2318 etiam
1507 2275 1628 2332 qua:
1652 2274 1744 2317 co-

153 2362 383 2433 gitamus,
404 2370 497 2417 aut
516 2360 818 2433 loquimur,
840 2356 1017 2413 audiri
1042 2372 1072 2411 a
1091 2357 1203 2412 Deo
1224 2363 1497 2426 putemus.
1524 2353 1740 2409 Atenim

152 2452 351 2525 prodest
376 2452 429 2510 id
458 2453 715 2517 credere,
761 2459 819 2506 ut
844 2448 1065 2521 quidam
1109 2454 1319 2519 putant,
1347 2461 1455 2501 non
1499 2444 1742 2501 veritatis

150 2546 322 2617 gratia,
351 2546 443 2603 sed
468 2545 755 2610 utilitatis;
783 2544 1036 2615 quoniam
1060 2540 1205 2612 leges
1226 2537 1612 2595 conscientiam
1638 2553 1738 2608 pu-

146 2638 252 2696 nire
277 2653 377 2695 non
403 2646 660 2712 possunt,
691 2636 794 2692 nisi
833 2634 1030 2706 aliquis
1052 2633 1289 2702 desuper
1331 2640 1508 2688 terror
1528 2631 1738 2702 impen-

146 2732 258 2788 deat
280 2732 345 2788 ad
368 2730 679 2789 cohibenda
734 2736 976 2801 peccata.
1032 2726 1191 2783 Falsa
1218 2735 1305 2782 est
1354 2724 1513 2796 igitur
1564 2725 1742 2780 omnis

146 2825 318 2898 religio
343 2835 396 2881 et
411 2824 678 2881 divinitas
706 2823 849 2879 nulla
893 2830 996 2878 est.
1031 2820 1139 2878 Sed
1164 2834 1194 2875 a
1224 2818 1353 2875 viris
1387 2816 1742 2890 prudentibus

144 2917 375 2974 universa
413 2917 655 2975 conﬁcta
693 2922 840 2983 sunt,
895 2929 1005 2986 quo
1054 2911 1255 2968 rectius
1286 2910 1740 2979 innocentiusque

1855 1900 2127 1966 Socrates,
2158 1908 2214 1955 et
2231 1898 2445 1955 auditor
2463 1899 2581 1970 ejus
2604 1899 2776 1967 Plato,
2806 1908 2863 1956 et
2881 1900 2970 1972 qui
2997 1899 3068 1956 de
3113 1899 3300 1957 schola
3331 1900 3455 1957 Pla-

1855 1991 2019 2058 tonis,
2048 2000 2303 2063 tanquam
2334 1990 2495 2047 rivuli
2523 1990 2830 2047 diversasin
2854 1999 3037 2062 partes
3052 1991 3453 2063 proﬂuxerunt;

1850 2082 2008 2139 stoici
2036 2090 2092 2139 et
2118 2082 2473 2154 peripatetici,
2518 2082 2573 2139 in
2619 2081 2809 2140 eadem
2839 2083 2990 2140 fuere
3017 2084 3307 2153 sententia,
3350 2099 3456 2156 qua

1850 2174 2078 2246 priores.
2328 2204 2339 2209 -
2986 2224 2991 2227 _

1917 2266 2111 2324 Postea
2134 2282 2267 2324 vero
2283 2268 2548 2339 Epicurus
2575 2269 2744 2326 Deum
2765 2268 2984 2341 quidem
3015 2283 3139 2327 esse
3157 2269 3315 2338 dixit,
3330 2271 3456 2343 quia

1848 2372 2073 2414 necesse
2092 2357 2164 2414 sit
2187 2374 2310 2415 esse
2358 2359 2560 2431 aliquid
2591 2361 2643 2415 in
2691 2360 2894 2425 mundo
2922 2368 3210 2432 prastans,
3251 2371 3306 2418 et
3338 2361 3456 2418 exi-

1845 2450 2034 2519 mium,
2066 2460 2120 2505 et
2143 2450 2392 2517 beatum;
2451 2452 2845 2522 providentiam
2871 2461 3052 2510 tamen
3079 2454 3311 2511 nullam:
3349 2455 3453 2510 ita-

1842 2557 1949 2613 que
1977 2542 2234 2598 mundum
2259 2542 2433 2614 ipsum
2487 2559 2587 2601 nec
2612 2545 2823 2601 ratione
2865 2544 2998 2611 ulla,
3054 2560 3156 2602 nec
3184 2553 3322 2611 arte,
3350 2560 3455 2603 nec

1844 2633 2418 2697 fabricainstructuin.
2470 2634 2568 2691 sed
2618 2645 2864 2691 naturam
2914 2652 3093 2692 rerum
3131 2636 3453 2708 quibusdam

1841 2724 2065 2780 minutis
2092 2724 2389 2781 seminibus
2409 2735 2463 2783 et
2494 2726 2871 2784 insecabilibus
2896 2727 3298 2799 conglobatam.
3331 2728 3452 2796 Quo

1843 2817 1971 2890 quid
2012 2819 2396 2890 repugnantius
2440 2818 2548 2874 dici
2576 2821 2768 2891 possit,
2801 2834 2908 2875 non
2937 2820 3114 2876 video.
3165 2820 3376 2877 Etenim
3403 2820 3451 2877 si

1846 2920 1926 2964 est
1959 2909 2123 2976 Deus,
2152 2910 2336 2980 utique
2355 2909 2647 2983 providens
2675 2921 2780 2978 est,
2811 2918 2870 2965 ut
2896 2910 3069 2977 Deus;
3102 2926 3203 2968 nec
3229 2910 3387 2968 aliter
3402 2911 3453 2969 ei

145 3007 353 3066 vivatur.
384 3009 580 3082 Magna
600 3010 739 3077 haec,
783 3016 839 3065 et
865 3021 897 3062 a
928 3004 1152 3062 materia
1169 3017 1331 3075 quam
1354 3001 1732 3073 proposuimus
1756 2991 1803 3055 C
1835 3012 2020 3075 potest
2055 3003 2309 3060 divinitas
2359 3004 2600 3073 attribui,
2646 3004 2750 3059 nisi
2788 3013 2845 3060 et
2874 3005 3150 3077 praeterita
3171 3013 3373 3073 teneat,
3397 3013 3453 3062 et

1475 3141 1836 3202 VARIORUM
1874 3143 2103 3203 ΝΟΤᾸΞ.

198 3286 449 3350 Art-imit.
473 3286 815 3343 consulamus
859 3282 956 3338 rei.
983 3280 1111 3337 Haec
1145 3278 1256 3335 duo
1275 3287 1549 3351 postrema
1576 3277 1738 3335 verba
1798 3320 1805 3325 .

136 3356 313 3413 absunt
338 3374 367 3413 a
396 3359 466 3414 15
490 3372 636 3414 mss.
664 3365 721 3413 et
746 3363 854 3412 vet.
877 3354 1010 3411 edit.
1036 3353 1193 3408 Rom.
1588 3381 1596 3389 ι

198 3450 342 3518 Quod
361 3450 647 3505 colendum
667 3448 752 3502 sit.
782 3444 858 3501 Ita
887 3457 1039 3518 mss:
1068 3457 1209 3518 pene
1236 3456 1426 3518 omnes
1448 3449 1505 3497 et
1527 3451 1739 3518 veteres

134 3513 271 3575 editi.
297 3521 352 3575 In
393 3522 430 3577 4
465 3518 699 3589 scriptis
742 3525 931 3589 reciet
957 3513 1122 3589 editis
1149 3513 1331 3589 multis
1352 3513 1627 3589 uerendum
1649 3513 1736 3566 sit.

136 3589 355 3663 Utraque
376 3592 546 3648 lectio
568 3582 741 3646 Bona.
759 3588 796 3642 2
811 3587 940 3644 Mss.
970 3601 1082 3643 rec.
1109 3584 1380 3642 levissima
1407 3582 1735 3648 mutatione,

129 3662 393 3719 dolendum
413 3665 504 3718 sit.

194 3732 352 3788 Sentit
378 3734 675 3802 Epicurus.
705 3730 742 3785 2
772 3730 908 3802 Reg.
942 3738 1002 3802 et
1018 3727 1151 3802 edit.
1181 3727 1341 3802 Rom.
1371 3726 1534 3802 M79,
1570 3724 1741 3781 Sentit

126 3801 397 3861 Lucretius.
431 3797 509 3861 Et
536 3797 1006 3875 quidemEpicuri
1023 3799 1160 3855 echo
1184 3808 1269 3875 est
1287 3797 1592 3875 Lucretius.

190 3876 460 3947 Sequetur.
488 3867 575 3930 ns
593 3873 776 3947 cuncti
792 3867 949 3937 m’ss.,
973 3869 1217 3942 prteter2
1233 3883 1344 3925 rec.
1366 3869 1419 3922 in
1440 3867 1635 3938 quibus
1655 3874 1741 3922 est

128 3954 195 4010 ut,
224 3944 276 4000 in
302 3947 490 4013 editis,
522 3944 781 4015 sequitur.

188 4038 252 4094 Ut
270 4053 318 4094 et
338 4040 682 4110 sapientiam.
706 4037 820 4110 Qun
843 4035 1091 4110 distamus
1112 4050 1142 4087 α
1165 4030 1725 4110 belluis._etjttstitiatit_:

123 4108 350 4181 Quatuor
377 4102 673 4181 postrema
703 4102 864 4162 verba
887 4105 1267 4181 desiderantur
1290 4102 1591 4181 in_2_0nis_s.
1617 4111 1667 4157 et
1697 4102 1730 4155 7

118 4172 286 4237 editis.
311 4172 392 4223 --’
409 4179 535 4248 Qua
564 4181 819 4234 distamus
856 4194 889 4230 a
922 4175 1124 4239 belluis,
1151 4175 1505 4248 etijustjtinm.
1541 4172 1601 4227 L.
1647 4186 1728 4248 ιιι,

117 4267 225 4321 cap.
252 4254 349 4310 10:
372 4243 526 4325 etv”
562 4250 803 4325 maxime
828 4249 897 4325 d_e
925 4248 1029 4311 Ira,
1052 4260 1173 4325 cap.
1200 4243 1261 4300 11
1284 4262 1297 4299 :
1318 4244 1578 4325 Diximus,
1608 4243 1730 4325 reli-

115 4316 256 4395 gibus
270 4323 504 4389 sublata,
536 4338 636 4377 nec
648 4318 1313 4395 sapientiumteneri‘posse,
1331 4332 1425 4370 nec
1444 4316 1727 4395 justitiam,

113 4385 226 4448 dum
253 4385 556 4450 diuinitatis
598 4385 905 4457 intellectus,
932 4402 1033 4460 quo
1059 4385 1354 4458 differimus
1381 4403 1411 4439 tt
1441 4385 1727 4460 belluis,_iu

1917 3278 2161 3346 Quamuis
2190 3276 2423 3334 breviter.
2451 3280 2528 3336 lta
2561 3293 2752 3350 omnes
2780 3294 2949 3350 prope
2976 3295 3106 3337 mss.
3138 3288 3190 3338 et
3211 3281 3245 3338 6
3270 3290 3451 3339 vetus-

1843 3347 2007 3405 tiores
2039 3349 2194 3415 editi,
2225 3366 2289 3406 ac
2322 3350 2541 3417 Cellar.,
2575 3347 2795 3408 Walchi
2820 3347 2941 3407 ln'5
2991 3367 3104 3409 rec.
3140 3367 3271 3409 mss.
3297 3363 3353 3410 et
3382 3353 3450 3410 10

1842 3420 2118 3488 impressis
2145 3430 2251 3489 est,
2277 3437 2433 3492 quam
2463 3421 2695 3478 breviter.

1915 3511 2387 3587 Protagorashetc.
2423 3514 2557 3571 Vide
2585 3515 2877 3587 Laertium.
2904 3515 2978 3571 De
3007 3514 3301 3587 Protagora
3331 3515 3447 3574 dic-

1841 3592 1953 3638 tum
1977 3593 2059 3638 est
2086 3585 2179 3640 lib.
2210 3600 2225 3639 ι
2258 3585 2490 3641 lnstitut.
2521 3600 2571 3641 c.
2601 3587 2657 3641 2.
2687 3585 2947 3642 Refertur
2972 3588 3139 3642 etiam
3166 3585 3236 3641 ab
3271 3590 3445 3643 Arno-

1843 3654 2085 3727 bio,_lib.
2134 3656 2521 3727 vm_adversus
2564 3656 2787 3713 Gentes.
2832 3656 3048 3712 Similes
3073 3657 3297 3727 catalogi
3320 3667 3447 3715 sunt

1842 3724 1985 3796 apud
2012 3725 2192 3782 Cicer.
2221 3725 2291 3783 de
2313 3726 2513 3783 Natura
2537 3728 2760 3782 deorum
2790 3726 2992 3796 primo;
3025 3735 3082 3781 et
3103 3724 3443 3784 intereccle-

1842 3796 2089 3867 siasticos
2102 3796 2559 3867 scriptores,apud
2579 3796 2937 3866 Epiphaniam
2952 3797 3003 3851 in
3022 3796 3288 3867 Epitome,
3302 3798 3443 3863 apud

1840 3866 2132 3922 Eusebium
2162 3867 2229 3923 de
2258 3867 2551 3937 Praeparat.
2588 3867 2843 3937 Evangel.
2876 3867 2967 3937 lib.
2992 3866 3079 3922 mi
3108 3883 3230 3937 cap.
3258 3868 3307 3922 l.
3327 3868 3443 3925 lre-

1841 3951 1991 4009 naeus
2022 3937 2116 4009 lib.
2150 3954 2187 3993 ιι
2218 3953 2339 4009 cap.
2372 3935 2459 3994 19.
2484 3935 2863 4009 Anaxagoram
2891 3935 3033 3995 ἄθεον
3056 3935 3320 4005 nominat,
3339 3940 3444 4009 nisi

1839 4007 1998 4079 lectio
2018 4008 2088 4062 sit
2111 4008 2403 4079 mendosa;
2431 4010 2574 4079 quod
2603 4007 2712 4064 non
2741 4017 2889 4078 puto.
2920 4009 3247 4065 Βιτυιιιιυε.
3269 4008 3445 4066 -—Ci-

1837 4078 2076 4153 cerolib.
2106 4078 2238 4153 ride
2267 4079 2383 4153 Nat.
2414 4078 2569 4153 deor.
2594 4096 2643 4136 c.
2668 4080 2771 4134 25:
2808 4081 3074 4153 Abderites
3101 4079 3439 4153 Protagoras,

1836 4150 2087 4223 sophistes
2114 4150 2427 4223 temporibus
2446 4151 2559 4223 illis
2576 4152 2654 4206 vel
2680 4151 2954 4215 maximus,
2978 4167 3094 4205 cum
3107 4152 3160 4205 in
3183 4150 3440 4223 principio

1834 4220 1952 4293 libri
1970 4221 2044 4293 sic
2062 4222 2312 4293 posuisset
2344 4238 2363 4276 :
2392 4220 2635 4293 DieDivis
2662 4238 2819 4293 neque
2840 4233 2893 4275 ut
2914 4223 3038 4285 sint,
3061 4220 3223 4293 neque
3255 4231 3310 4277 ut
3340 4220 3443 4278 non

1833 4291 1954 4358 sint,
1986 4291 2146 4366 habeo
2170 4292 2369 4366 dicere;
2399 4291 2782 4366 Atheniensium
2801 4294 2954 4366 jussu
2997 4292 3121 4347 urbe
3137 4291 3441 4366 iniqueiagro

1834 4372 1907 4416 est
1936 4363 2318 4430 exterminatus,
2341 4365 2557 4443 librique
2575 4364 2686 4434 ejus
2703 4364 2754 4418 in
2783 4362 3030 4419 concione
3060 4362 3332 4418 combusti.

113 4464 308 4521 homine
334 4467 452 4519 solo
484 4474 814 4534 reperiatur;
841 4452 962 4532 quin
980 4452 1151 4514 verba
1170 4471 1356 4529 aperte
1386 4466 1628 4511 nostrum
1652 4455 1731 4510 lo-
1757 4466 1811 4528 Ῑ)
1876 4523 1890 4534 .
1909 4452 2520 4534 T_emporibus_Socratis.
2550 4453 2712 4534 '_l_‘este
2742 4453 2982 4520 Laertia,
3008 4452 3214 4534 _lloruit
3236 4452 3433 4534 glym-

110 4550 224 4591 cum
252 4533 594 4608 reSpicinnt.
626 4533 758 4589 BDN.

176 4628 299 4684 Non
327 4628 573 4685 veritatis
595 4628 787 4691 gratia,
825 4633 930 4681 etc.
960 4624 1051 4680 Sic
1080 4623 1223 4680 cnim
1253 4621 1502 4684 Numam,
1531 4620 1738 4691 Scipio-

110 4714 226 4755 nem
256 4710 312 4756 et
338 4701 487 4755 alios
520 4692 846 4769 religionem
879 4695 1168 4751 simulasse
1195 4694 1445 4769 Valerius
1471 4692 1736 4769 exemplis

104 4772 285 4828 docet.
339 4772 566 4827 Βετυι..
604 4762 675 4809 -Ξ-
704 4769 866 4838 ldquc
897 4776 956 4822 ut
982 4780 1239 4838 morosos
1280 4764 1504 4835 populos
1545 4762 1739 4818 timore

106 4842 329 4897 deorum
360 4843 432 4896 ad
467 4844 659 4909 legum
681 4836 1084 4894 observantiam
1109 4836 1413 4909 adigere-nt.

170 4913 281 4968 Sed
310 4904 600 4969 utilitatis.
648 4910 970 4981 Regio-Pal.
1024 4904 1253 4962 utilitati.
1311 4905 1434 4962 Mss.
1478 4905 1559 4973 13,
1600 4904 1740 4958 utili--

104 4994 224 5039 tale.

174 5076 367 5133 Terror
390 5075 725 5145 impendeat.
751 5071 825 5145 Ita
858 5086 1049 5145 omnes
1079 5070 1249 5145 ferme
1287 5084 1417 5145 mss.
1443 5078 1498 5123 et
1523 5066 1735 5145 Gediti:

96 5150 296 5219 Scripti
329 5160 449 5204 tres
472 5138 610 5219 rec.
637 5154 705 5219 _et
758 5144 811 5197 7.
835 5144 1034 5219 _e_x_citsi_
1072 5140 1335 5219 tuendose
1379 5138 1657 5219 impendat.
1703 5139 1739 5192 ‘2

98 5210 232 5289 Reg:
266 5235 384 5275 rec.
421 5228 482 5273 et
510 5215 610 5273 ed.
636 5214 793 5273 Rotn,
828 5212 986 5281 H70,
1017 5214 1281 5283 impediat.
1318 5214 1340 5265 l
1378 5210 1615 5265 Colbcrt.
1636 5220 1739 5262 tor-

1838 4523 1996 4607 piade
2017 4523 2194 4607 ιιιςιγ.
2227 4524 2337 4581 Sed
2362 4525 2513 4607 hanc.
2555 4524 2813 4607 librorum
2843 4526 3190 4607 exustiouem
3235 4523 3436 4607 Euseb.

1840 4593 1892 4667 in
1917 4593 2197 4651 Chronicis
2226 4610 2367 4667 anno
2395 4596 2552 4651 tertio
2577 4595 2909 4667 Olympiadis
2948 4609 3157 4667 Lxxxtv
3190 4594 3359 4666 ponit,
3386 4604 3442 4651 et

1840 4666 2021 4737 ﬂoruit
2047 4682 2177 4721 sane
2206 4675 2317 4721 tum
2344 4666 2617 4733 Socrates,
2646 4665 2835 4722 ete’um
2861 4667 3100 4722 Socratis
3127 4665 3292 4737 fuisse
3314 4682 3442 4737 syn-

1840 4736 2081 4792 chronon
2113 4745 2338 4792 testatur
2375 4738 2537 4792 etiam
2568 4737 2807 4793 Platonis
2836 4738 3107 4807 Dialogus,
3134 4736 3225 4806 qui
3254 4735 3442 4791 Prota-

1840 4822 1987 4877 gora:
2011 4808 2227 4863 nomine
2254 4808 2548 4876 inscriptus
2574 4807 2689 4862 fuit.
2716 4808 3031 4877 Quanquam
3050 4806 3120 4877 de
3149 4808 3250 4860 hoc
3269 4820 3443 4876 quais-

1843 4876 2033 4948 tioiest
2061 4879 2202 4948 apud
2230 4878 2465 4934 Macrob.
2494 4877 2589 4932 lib.
2622 4894 2638 4932 ι
2664 4878 2778 4934 Sat.
2807 4876 2944 4948 capi
2964 4878 3015 4931 l.
3046 4876 3380 4948 Bs'ruusws.

1914 4947 1984 5002 Et
2016 4945 2170 5004 libros
2198 4950 2311 5020 ejus
2338 4950 2391 5020 in
2411 4949 2676 5020 concione,
2703 4958 2811 5020 etc.
2836 4945 2982 5020 AVide
3006 4962 3127 5020 qua;
3172 4961 3334 5020 supra
3354 4947 3441 5020 di-

1844 5019 2019 5090 ximus
2048 5020 2114 5074 ad
2137 5018 2255 5090 cap.
2276 5019 2362 5090 722
2392 5019 2484 5090 lib.
2520 5036 2557 5075 ι.
2592 5019 2672 5074 Ex
2703 5018 2805 5090 hoc
2833 5018 2953 5074 loco
2983 5018 3338 5090 corrigendus
3360 5019 3439 5090 lo-

1841 5106 1938 5146 cus
1961 5089 2170 5145 Minutii
2195 5088 2360 5145 Felic.
2386 5089 2474 5144 ubi
2508 5088 2751 5145 nonnulli
2775 5091 2981 5160 legunt,
3004 5088 3333 5160 scripta_ejus
3353 5089 3445 5143 de-

1842 5162 2068 5227 riserint,
2093 5160 2406 5232 legendum,
2428 5160 2753 5232 deusserint._
2771 5158 2923 5216 Patet
2955 5163 3073 5232 hoc
3098 5174 3167 5217 ex
3191 5158 3437 5232 Lactant.

1841 5232 2003 5304 etiam
2028 5230 2360 5304 exArD'mgene
2387 5230 2572 5304 Laert.
2605 5232 2704 5304 qui
2718 5230 2793 5304 _de
2818 5231 2967 5304 omni
2994 5231 3095 5287 hac
3123 5245 3182 5286 re
3200 5230 3437 5286 disserit.

1844 5302 1979 5358 Vide
1999 5312 2055 5358 et
2074 5301 2390 5359 Ciceronem
2421 5303 2517 5358 lib.
2543 5318 2560 5358 ι
2589 5301 2659 5359 de
2688 5301 2887 5358 Natura
2911 5302 3158 5358 deorum.

1915 5397 1983 5449 Et
2012 5396 2217 5450 auditor
2245 5397 2357 5463 eius
2389 5393 2565 5455 Plato.
2596 5403 2701 5452 etc.
2731 5394 2901 5464 Quam
2942 5395 3313 5464 inconstanter
3347 5406 3443 5448 au-

1847 5475 1951 5521 tem
1979 5466 2025 5521 is
2045 5469 2113 5520 de
2131 5462 2293 5522 rebus
2318 5465 2515 5521 tliviuis
2540 5462 2880 5529 disseruerit,
2897 5480 3004 5519 non
3034 5462 3192 5520 modo
3208 5462 3443 5519 Velleius

1846 5537 2143 5606 Epicureus
2171 5538 2313 5606 apud
2341 5539 2656 5593 Ciceronem
2684 5536 2892 5604 objicit,
2922 5534 3018 5590 sed
3048 5535 3212 5589 etiam
3244 5534 3441 5606 Euseb.

1844 5608 1913 5679 de
1935 5608 2107 5677 Praep.
2139 5608 2342 5679 Evang.
2360 5608 2455 5663 lib.
2490 5623 2587 5663 xm
2616 5606 2903 5679 collatione
2931 5605 3447 5677 scriptorumipsius

1845 5675 2084 5749 diligenti
2112 5675 2391 5735 evidenter
2410 5679 2763 5733 demonstrat.
2790 5675 2996 5731 BITUL.
3045 5675 3060 5677 ’
3301 5675 3310 5677 ⁷
3444 5706 3449 5709 ς

1926 5770 2311 5830 Insecabitibus.
2334 5770 2543 5830 Atomis
2567 5768 2793 5828 scilicet.

94 5299 174 5344 tor
188 5288 499 5359 impendat.

161 5352 411 5429 Con/icta
425 5369 586 5415 sunt.
615 5356 705 5429 Sic
731 5356 1039 5429 reposuiex
1068 5354 1447 5429 cunctispene
1478 5352 1740 5429 mss._et5

94 5425 288 5488 editis.
314 5432 378 5486 In
412 5432 488 5485 10
523 5427 752 5496 scriptis
773 5439 828 5482 et
851 5428 922 5483 12
952 5428 1231 5495 impressis
1286 5425 1488 5496 legitur:
1507 5426 1738 5496 confecta

90 5516 227 5560 sunt.
248 5534 328 5546 —
349 5501 621 5568 Con/icta
638 5492 777 5552 sunt.
812 5497 881 5554 Ut
908 5492 1187 5568 Arnobius
1216 5497 1251 5568 I_.
1289 5492 1398 5550 Vll:
1448 5492 1738 5568 Religioni-

92 5577 183 5629 bus
208 5576 413 5646 artifex
433 5565 497 5626 ia
527 5569 982 5646 comminiscendis
1002 5565 1197 5622 Numa.
1220 5565 1547 5646 Lactantiius.
1563 5565 1741 5646 imitat

92 5654 181 5701 tur
216 5635 491 5701 Ciceros).
530 5642 576 5696 Ι.
599 5655 620 5695 ι
649 5639 716 5695 de
741 5638 863 5694 Nat.
897 5640 1075 5703 deum,
1120 5652 1243 5707 cap.
1275 5635 1374 5690 52:
1409 5635 1547 5703 Quid
1570 5635 1629 5707 ii,
1652 5635 1740 5703 qui

87 5718 356 5775 dixerunt.
389 5723 576 5769 totam
609 5713 674 5766 de
690 5710 791 5766 diis
837 5706 1211 5765 innuartalibus
1242 5706 1534 5779 opinionem
1564 5706 1741 5776 [ictam

85 5804 199 5846 esse
215 5788 283 5844 ab
306 5783 641 5843 hominibus
662 5781 997 5853 sapientibus.
1029 5780 1162 5836 Buu.
