3970 6334
479 365 584 425 105

1785 357 1796 366 ’
1855 361 2038 418 FlllM.
2081 359 2443 417 LACTANTII

3673 313 3802 406 tot

481 479 600 535 sine
625 485 776 549 partu
798 521 813 546 ,
840 475 964 534 item
987 483 1181 533 caetera
1210 476 1438 532 viventia
1459 475 1577 531 sine
1599 475 1744 530 coitu
1769 495 1781 528 :
1815 477 2056 544 arbores,
2087 481 2138 542 Α
2234 476 2433 530 Omitto
2461 473 2660 528 silicem
2691 485 2754 528 ae
2785 471 3007 527 ferrum.
3037 469 3238 526 Orbem
3263 468 3498 524 vitreum
3538 465 3780 536 plenum

483 579 538 624 et
563 585 679 640 qua“:
708 570 990 639 gignuntur
1014 583 1044 623 e
1089 576 1230 622 terra
1249 607 1264 634 ,
1293 567 1506 637 propria
1533 567 1738 622 semina
1765 581 1870 621 non
1895 566 2060 620 habe-

485 671 642 727 rent,
711 676 828 731 quae
885 675 983 716 nos
1025 659 1264 730 quotidie
1313 670 1638 724 tractamus,
1687 669 1742 716 et
1812 660 2060 714 serimus.

485 755 592 808 Cur
610 767 672 808 ex
703 751 972 807 frumento
1000 767 1153 822 seges
1179 758 1438 817 nascitur,
1469 759 1524 807 et
1550 767 1734 806 rursus
1763 766 1828 805 ex
1881 760 2067 820 segete

486 845 852 901 frumentum?
880 843 1121 916 Denique
1141 845 1186 900 si
1232 854 1532 900 atomorum
1582 843 1742 898 coitio
1767 849 1822 898 et
1847 842 2068 912 conglo-

487 938 630 994 batio
656 937 894 993 efficeret
922 938 1138 1004 omnia,
1177 937 1228 990 in
1275 951 1402 992 aere
1454 937 1706 990 universa
1755 949 2071 990 concresce-

489 1039 640 1096 rent;
681 1029 726 1084 si
755 1029 970 1099 quidem
1003 1045 1096 1100 per
1126 1029 1284 1084 inane
1309 1028 1476 1084 atomi
1499 1028 1726 1082 volitant
1757 1045 1770 1082 :
1817 1043 1912 1082 cur
1953 1029 2072 1082 sine

492 1129 629 1177 terra
656 1163 671 1188 ,
700 1120 816 1176 sine
842 1115 1112 1175 radicibus
1130 1161 1144 1184 ,
1196 1120 1312 1174 sine
1342 1118 1568 1174 humore
1588 1160 1602 1182 ,
1660 1118 1778 1172 sine
1825 1116 2028 1172 semine
2057 1157 2070 1180 ,

495 1231 599 1270 non
625 1213 790 1269 herba
814 1254 829 1280 ,
862 1228 968 1268 non
999 1211 1180 1280 arbor,
1233 1227 1339 1266 non
1389 1209 1568 1280 fruges
1616 1211 1745 1264 oriri
1786 1209 2076 1278 augerique

497 1307 761 1380 possunt?
787 1305 938 1362 Unde
971 1315 1224 1376 apparet,
1246 1303 1381 1358 nihil
1403 1319 1466 1358 ex
1489 1303 1686 1358 atomis
1727 1301 1840 1356 ﬁeri
1871 1319 1884 1365 ;
1912 1317 2078 1371 quan-

495 1399 782 1470 doquidem
811 1411 1141 1467 unaquaaque
1165 1411 1250 1450 res
1279 1395 1440 1449 habet
1461 1397 1730 1464 propriam
1769 1401 2079 1461 certamque

496 1500 767 1557 naturam,
799 1505 952 1544 suum
974 1503 1194 1553 semen,
1224 1502 1374 1542 suam
1407 1487 1578 1558 legem
1621 1487 1690 1541 ab
1729 1485 1951 1540 exordio
1985 1485 2080 1540 da-

498 1593 625 1638 tam.
669 1581 906 1650 Denique
954 1579 1270 1644 Lucretius,
1312 1579 1463 1650 quasi
1503 1578 1699 1633 oblitus
1742 1585 2076 1642 atomorum,

497 1688 630 1744 quas
659 1671 966 1736 asserebat,
997 1679 1056 1726 ut
1099 1671 1444 1739 redargueret
1484 1683 1612 1736 eos,
1655 1669 1744 1738 qui
1773 1668 1957 1723 dicunt
2009 1683 2078 1722 ex

501 1765 666 1820 nihilo
713 1766 829 1820 fieri
875 1765 1090 1828 omnia,
1137 1763 1221 1818 his
1270 1764 1598 1834 argumentis
1643 1777 1770 1817 usus
1817 1771 1930 1822 est,
1965 1777 2083 1832 qua:

500 1865 684 1914 contra
707 1856 880 1928 ipsum
901 1855 1160 1912 valerent.
1190 1853 1278 1909 Sic
1305 1855 1446 1908 enim
1473 1853 1606 1908 dixit
1642 1871 1654 1906 :

655 1971 776 2022 Nam
799 1972 840 2020 si
858 1971 922 2020 de
941 1969 1089 2020 nihilo
1110 1967 1310 2030 ﬁerent,
1340 1968 1618 2030 exomnibu
1637 1968 1789 2016 rebus

658 2033 814 2084 Omne
831 2045 992 2094 genus
1013 2033 1140 2080 nasci
1165 2029 1330 2094 posset
1355 2029 1420 2078 nil
1445 2029 1636 2080 semine
1659 2036 1855 2092 egeret.

504 2140 632 2198 Item
664 2147 847 2212 postea
869 2180 886 2204 ,

685 2253 764 2303 Nil
783 2255 937 2314 igitur
959 2253 1066 2304 fieri
1089 2253 1156 2303 de
1177 2253 1275 2303 nilo
1295 2265 1437 2314 posse
1463 2249 1712 2302 fatendum
1733 2259 1812 2300 est

688 2316 890 2380 Semine
915 2317 1106 2380 quando
1125 2329 1246 2377 opus
1264 2323 1349 2380 est
1371 2315 1661 2380 rebus,_quo
1683 2325 1892 2376 quaeque
1909 2319 2090 2363 creatae

689 2377 833 2427 Aeris
854 2379 904 2427 in
925 2375 1124 2428 teneras
1147 2375 1330 2440 possint
1353 2375 1615 2438 proferrier
1638 2375 1796 2426 auras.

505 2505 633 2572 Quis
659 2505 798 2560 hunc
833 2513 980 2574 putet
1027 2503 1277 2560 habuisse
1305 2503 1588 2558 cerebrum
1609 2543 1624 2566 ,
1655 2517 1780 2558 eum
1807 2501 1922 2558 haec
1947 2503 2092 2557 diee-

503 2607 614 2662 ret,
643 2611 742 2652 nec
779 2595 988 2651 videret
1017 2594 1120 2650 sibi
1149 2609 1270 2650 esse
1311 2594 1619 2648 contraria?
1647 2593 1792 2648 Nihil
1822 2594 1964 2648 enim
1995 2609 2092 2663 per

503 2697 710 2744 atomos
747 2688 864 2743 fieri
906 2687 1099 2744 exinde
1143 2697 1399 2758 apparet,
1432 2687 1572 2757 quod
1620 2703 1803 2743 semen
1832 2689 2092 2759 cujusque

505 2780 580 2834 rei
605 2790 810 2836 eertum
849 2789 931 2834 est
959 2796 976 2846 ;
1005 2778 1104 2832 nisi
1139 2777 1278 2834 forte
1302 2787 1356 2834 et
1377 2777 1545 2848 ignis,
1585 2787 1638 2834 et
1664 2793 1814 2848 aqua;
1843 2788 2090 2833 naturam

505 2889 570 2928 ex
601 2875 796 2928 atomis
815 2887 934 2928 esse
957 2871 1258 2928 credemus.
1309 2871 1480 2938 Quid,
1531 2870 1672 2940 quod
1701 2870 1975 2926 durissimi
2023 2873 2095 2926 ri-

505 2965 650 3036 goris
676 2964 943 3026 materiae,
971 2964 1016 3017 si
1045 2964 1149 3017 ictu
1175 2961 1576 3018 vehementiore
1591 2961 1932 3030 collidantur,
1955 2963 2094 3033 ignis

508 3056 770 3112 excutitur
795 3057 816 3110 ?
847 3055 982 3110 Num
1005 3053 1058 3108 in
1083 3055 1226 3110 ferro
1250 3063 1342 3108 aut
1367 3053 1512 3108 silice
1541 3053 1706 3108 atomi
1727 3053 1939 3109 latent?
1964 3055 2094 3120 Quis

507 3147 720 3202 inclusit
744 3149 768 3200 ’ἐ
793 3157 883 3201 aut
903 3161 997 3201 cur
1023 3161 1116 3202 sua
1147 3153 1338 3216 sponte
1384 3160 1489 3200 non
1517 3145 1780 3210 emicant;
1827 3155 1919 3200 aut
1963 3162 2096 3216 quo-

2165 581 2318 636 aqua:
2345 567 2391 620 si
2423 565 2660 620 tenueris
2685 565 2738 618 in
2765 565 2880 619 sole
2907 606 2922 630 ,
2955 563 3022 618 de
3053 562 3286 628 lumine,
3325 561 3467 632 quod
3504 560 3574 614 ab
3629 573 3784 628 aqua

2167 657 2428 726 refulget,
2463 657 2598 727 ignis
2627 655 2940 710 accenditur
2965 654 3124 709 etiam
3149 656 3202 707 in
3225 653 3521 708 durissimo
3545 651 3784 720 frigore.

2169 750 2304 805 Num
2327 753 2488 805 etiam
2521 751 2571 804 in
2602 763 2738 818 aqua
2766 750 2940 818 ignem
2970 762 3091 802 esse
3117 745 3444 802 credendum
3467 753 3554 800 est
3573 743 3598 797 ’ἔ
3619 742 3786 811 atqui

2171 843 2237 898 de
2264 843 2379 896 sole
2410 843 2546 912 ignis
2594 857 2660 896 ne
2709 849 2894 895 aestate
2924 839 3137 908 quidem
3177 837 3399 892 accendi
3455 843 3657 905 potest.
3714 833 3778 888 Si

2173 951 2310 991 cera:
2337 937 2694 998 inhalaveris,
2727 933 2811 988 vel
2843 933 2886 986 si
2917 948 3082 1003 vapor
3109 932 3242 986 levis
3271 929 3471 1000 aliquid
3497 929 3788 998 attigerit.

2175 1038 2266 1083 aut
2293 1040 2528 1084 crustam
2571 1028 2889 1092 marmoris,
2921 1035 3013 1080 aut
3053 1026 3309 1080 laminam
3339 1065 3353 1090 ,
3387 1023 3652 1094 paulatim
3683 1035 3794 1092 per

2177 1120 2566 1176 minutissimos
2611 1135 2761 1174 rores
2797 1133 2933 1188 aqua
2961 1116 3279 1172 concrescit.
3315 1113 3446 1170 Item
3479 1114 3550 1169 de
3603 1113 3788 1168 halitu

2181 1222 2336 1268 terra:
2357 1223 2448 1268 attt
2475 1213 2639 1266 maris
2663 1211 2857 1267 nebula
2886 1211 3067 1266 existit
3093 1227 3104 1262 :
3131 1224 3250 1280 quae
3275 1218 3368 1263 aut
3399 1207 3650 1277 dispersa
3681 1205 3794 1260 hu-

2181 1307 2396 1362 tnel‘acit
2441 1304 2698 1376 quidquid
2749 1305 2978 1369 texerit;
3033 1312 3126 1358 aut
3171 1303 3437 1368 collecta,
3483 1303 3536 1356 in
3583 1299 3802 1355 arduos

2181 1411 2391 1454 montes
2421 1399 2472 1453 in
2515 1399 2741 1453 sublime
2771 1409 2932 1451 vento
2971 1405 3124 1465 rapta
3144 1436 3158 1457 ,
3188 1398 3420 1464 stipatur
3457 1394 3508 1447 in
3538 1392 3748 1447 nubem
3775 1432 3792 1456 ,

2183 1502 2342 1561 atque
2373 1490 2571 1546 imbres
2603 1490 2866 1544 maximos
2907 1487 3108 1556 dejicit.
3139 1485 3240 1541 Ubi
3267 1500 3397 1555 ergo
3425 1483 3688 1538 adicimus
3731 1483 3804 1536 li—

2183 1597 2379 1654 quores
2403 1591 2556 1636 natos
2581 1595 2703 1636 esse
2727 1579 2750 1633 ?
2777 1578 2912 1634 Nunt
2937 1578 2990 1632 iu
3043 1575 3276 1646 vapore?
3317 1575 3453 1630 Num
3487 1575 3544 1629 in
3577 1573 3806 1628 halitu?

2184 1676 2320 1731 Num
2349 1677 2399 1729 in
2432 1674 2634 1729 vento?
2667 1673 2824 1743 Atqui
2853 1671 2982 1726 nihil
3013 1679 3191 1741 potest
3221 1669 3525 1724 consistere
3575 1669 3629 1723 in
3685 1683 3760 1722 eo
3785 1707 3804 1734 ,

2185 1769 2326 1838 quod
2355 1784 2451 1822 nec
2481 1769 2732 1838 tangitur,
2763 1781 2862 1822 nec
2909 1765 3138 1820 videtur.
3173 1765 3311 1832 Quid
3338 1780 3439 1835 ego
3467 1764 3538 1820 de
3565 1765 3802 1818 anima-

2109 1869 2158 1930 Β
2187 1861 2324 1916 libus
2361 1861 2570 1928 loquar,
2605 1859 2655 1912 in
2685 1872 2911 1928 quorum
2968 1857 3284 1926 corporibus
3311 1856 3442 1910 nihil
3475 1857 3598 1910 sine
3623 1857 3812 1910 ratio-

2193 1967 2260 2007 ne
2285 1993 2298 2016 ,
2329 1951 2446 2005 sine
2483 1949 2702 2013 ordine,
2731 1948 3153 2026 sine.utilitate,
3209 1948 3325 2002 sine
3360 1948 3548 2016 specie
3597 1945 3818 2016 figura-

2193 2055 2302 2099 ttun
2331 2045 2610 2108 videmus;
2645 2043 2779 2098 adeo
2795 2051 2852 2098 ut
2875 2041 3228 2097 solertissima
3249 2081 3264 2104 ,
3297 2049 3350 2095 et
3375 2039 3814 2110 diligentissima

2191 2137 2428 2192 omnium
2462 2135 2689 2204 partium
2723 2135 3190 2202 membrorumque
3239 2131 3541 2201 descriptio
3563 2173 3578 2198 ,
3609 2147 3814 2187 casum

2191 2246 2254 2286 ac
2302 2231 2566 2286 fortunam
2599 2230 2838 2297 repellat.
2887 2227 2992 2284 Sed
3025 2235 3274 2297 putemus
3321 2234 3472 2280 artus
3503 2235 3561 2280 et
3587 2240 3716 2280 ossa
3757 2233 3820 2279 et

2192 2338 2389 2378 nervos
2415 2331 2469 2376 et
2499 2325 2811 2391 sanguinem
2863 2320 2932 2375 de
2973 2321 3166 2374 atomis
3211 2333 3372 2390 posse
3415 2333 3816 2374 concrescere.

2192 2415 2330 2483 Quid
2360 2429 2550 2470 sensus
2575 2456 2590 2478 ,
2621 2413 2874 2484 cogitatio
2897 2453 2911 2476 ,
2944 2413 3200 2468 memoria
3224 2453 3238 2480 ,
3267 2427 3424 2467 mens
3443 2452 3459 2477 ,
3491 2410 3816 2481 ingenium.

2191 2507 2386 2577 quibus
2405 2505 2697 2561 seminibus
2717 2506 3080 2576 coagmentari
3101 2503 3364 2574 possunt?
3388 2505 3816 2570 minutissimis,

2193 2599 2384 2668 inquit.
2421 2599 2556 2652 Sunt
2581 2611 2708 2668 ergo
2748 2597 2854 2651 alia
2885 2596 3110 2666 majora.
3141 2596 3431 2665 Quomodo
3457 2597 3630 2668 igitur
3659 2597 3826 2652 inse-

2194 2691 2384 2746 cabilia
2409 2691 2432 2744 '!

2267 2782 2470 2838 Deinde
2493 2823 2507 2847 ,
2539 2783 2584 2837 si
2617 2797 2682 2837 ex
2728 2781 3086 2837 invisibitibus
3113 2789 3275 2847 sunt,
3307 2795 3432 2851 quae
3463 2795 3577 2836 non
3607 2781 3822 2836 viden-

2195 2884 2314 2942 tur,
2346 2891 2682 2945 eonsequens
2707 2883 2789 2930 est
2809 2917 2824 2940 ,
2854 2883 2912 2929 ut
2938 2890 3002 2928 ex
3033 2874 3334 2928 visibilibus
3363 2874 3508 2940 sint,
3559 2888 3687 2943 qua:
3741 2871 3832 2926 vi-

2195 2967 2422 3033 dentur;
2464 2983 2560 3022 cur
2611 2967 2768 3036 igitur
2803 2980 2964 3021 nemo
3011 2965 3195 3020 videt?
3227 2964 3332 3020 Sed
3361 2967 3478 3019 sive
3509 2963 3829 3020 invisibilia

2202 3075 2316 3128 quae
2341 3071 2464 3115 sunt
2494 3062 2544 3114 in
2574 3059 2790 3114 homine
2809 3059 3152 3124 consideret,
3175 3059 3290 3112 sive
3311 3059 3626 3113 tractabilia
3649 3099 3664 3124 ,
3691 3073 3832 3128 quia

2200 3152 2420 3236 veniunt
2447 3151 2546 3206 sub
2574 3162 2848 3222 aspectum
2866 3195 2880 3218 ,
2911 3151 3119 3206 ratione
3145 3161 3374 3220 utraque
3401 3163 3666 3206 constare
3689 3151 3827 3221 quis

507 3239 670 3295 modo
693 3239 896 3295 semina
923 3239 1060 3308 ignis
1085 3238 1137 3294 in
1161 3237 1381 3294 materia
1405 3236 1748 3308 frigidissima
1775 3251 2096 3306 permanere
2121 3273 2166 3336 ρ
2203 3261 2310 3300 non
2343 3244 2526 3299 videt?
2555 3243 2837 3312 Quomodo
2867 3259 2996 3314 ergo
3015 3243 3134 3298 sine
3163 3243 3371 3298 ratione
3397 3244 3661 3297 coeuntia
3693 3259 3836 3312 pos-

509 3341 796 3405 potuerunt
823 3333 846 3386 ?

2199 3347 2320 3390 sunt
2345 3335 2543 3406 aliquid
2567 3335 2782 3390 efficere
2822 3335 3132 3390 rationale?
3167 3331 3424 3391 Videmus
3465 3337 3618 3391 enim
3667 3335 3824 3391 nihil

1847 3424 2200 3482 VARIORUM
2238 3427 2463 3483 ΝυΤιΕ.

585 3521 700 3576 Non
719 3519 888 3575 herba.
921 3519 1010 3575 Sic
1031 3519 1242 3589 reposui
1272 3533 1335 3574 ex
1361 3533 1490 3575 mss.
1521 3525 1575 3574 et
1602 3519 1763 3574 editis
1792 3528 1899 3574 vet.
1931 3519 2086 3576 Rom.

509 3591 788 3663 Gymnic.,
851 3591 1044 3647 Cellar.
1115 3589 1169 3645 in
1228 3591 1440 3646 earteris
1505 3589 1664 3645 editis
1717 3591 1936 3660 legitur,
1989 3609 2093 3645 non

511 3664 859 3816 hﬁtgerique
878 3742 1110 3804 possunt.
1144 3732 1266 3788 Mss.
1307 3733 1370 3788 14
1401 3741 1454 3787 et
1483 3733 1549 3787 15
1579 3731 1727 3800 edd.,
1759 3741 1846 3786 aut
1873 3749 2090 3802 genera-

517 3814 832 3929 "big-imi}
877 3875 1000 3928 nilo.
1056 3874 1206 3942 Lips.
1265 3873 1336 3940 2,
1405 3874 1658 3940 Reimm.,
1715 3873 1894 3938 Rost.,
1951 3873 2084 3928 Ven.

513 3943 642 4000 1171
677 3947 739 3998 de
764 3947 925 3998 nullo.
975 3945 1204 4014 Bonam,
1239 3943 1426 4008 60th.,
1459 3943 1597 4000 Ven.
1627 3957 1854 4014 utraque
1899 3945 2037 3999 1478
2061 3987 2076 4012 ,

509 4014 704 4078 Betul.,
739 4015 928 4080 Torn.,
951 4013 1187 4078 W.tlclt.,
1221 4015 1332 4068 fieri
1357 4015 1418 4068 de
1451 4015 1610 4068 nihilo
1641 4013 2086 4084 posteriusrepu-

509 4097 634 4155 gnat
661 4087 834 4142 versui
865 4103 880 4152 ;
913 4085 1062 4155 prius
1087 4085 1148 4137 de
1178 4085 1320 4138 nullo
1345 4084 1579 4140 Lucretii
1604 4085 1738 4155 utori
1759 4125 1774 4150 ,
1805 4087 1893 4154 qui
1925 4085 2096 4140 liben-

513 4153 593 4211 ter
619 4156 838 4211 nihilum
866 4153 927 4210 in
951 4155 1116 4209 nilum
1157 4155 1426 4209 contrahit
1447 4197 1461 4220 ,
1489 4153 1720 4225 exempli
1749 4153 1916 4225 gratia
1939 4197 1954 4222 ,

765 4309 776 4320 .
805 4307 818 4318 .
849 4307 860 4318 .
891 4305 904 4318 .
935 4307 946 4318 .
975 4267 1046 4316 Ad
1067 4267 1214 4318 nilum
1231 4280 1442 4330 quaeque
1465 4270 1648 4319 reverti
1671 4282 1686 4330 ;

511 4376 580 4432 Et
606 4391 742 4434 vers.
775 4376 879 4432 674
913 4393 925 4428 :

665 4488 740 4540 Ne
759 4488 846 4538 tibi
865 4501 950 4539 res
964 4489 1174 4540 redeant
1191 4488 1250 4539 ad
1269 4487 1421 4538 nilum
1439 4487 1656 4538 funditus
1673 4499 1863 4537 omnes.

592 4591 874 4647 Fatendum
899 4603 990 4648 est.
1021 4591 1148 4647 Mss.
1177 4593 1213 4647 2
1235 4593 1442 4647 Βοιιοη.
1462 4632 1477 4658 ,
1504 4591 1526 4644 1
1555 4591 1712 4660 Reg.,
1741 4607 1850 4646 rec.
1870 4633 1885 4656 ,
1913 4592 1947 4646 5
1971 4591 2096 4648 Col-

519 4663 679 4732 bert.,
733 4663 887 4732 Pen.,
949 4662 1212 4730 Clarom.,
1271 4665 1554 4734 putandum
1601 4671 1697 4716 est.
1745 4661 1770 4715 1
1825 4663 2089 4728 Sorbon.,

513 4735 772 4788 sciendum
786 4745 881 4789 est.

587 4806 712 4872 Quis
750 4807 883 4860 hunc
929 4815 1066 4876 putet
1107 4803 1339 4859 habuisse
1383 4803 1687 4876 cerebrum?
1718 4801 1910 4876 Sicex
1961 4819 2093 4859 mss.

513 4876 624 4931 fere
649 4879 894 4930 omnibus
921 4873 1158 4940 restitui;
1189 4877 1240 4930 in
1271 4878 1305 4930 4
1343 4889 1454 4930 ree.
1503 4885 1558 4928 et
1605 4873 1658 4927 in
1705 4873 1863 4928 editis
1901 4875 2095 4944 legitur

513 4957 675 5016 putat.
711 4945 962 5001 Habuisse
981 4947 1261 5010 cerebrum,
1295 4945 1346 4999 id
1385 4953 1495 5016 est_
1517 4945 1778 5016 rationem
1825 4955 1879 4998 et
1905 4959 2090 5016 sanant

513 5013 786 5082 iucntem;
839 5033 960 5070 nam
1011 5016 1304 5070 veteresin
1355 5013 1580 5069 cerebro
1631 5015 1879 5068 dixerunt
1928 5015 2094 5069 animi

513 5103 632 5142 esse
655 5087 859 5141 sedem.
879 5087 992 5141 Cic.
1022 5085 1240 5142 Tuseul.
1273 5103 1320 5148 ι,
1355 5101 1471 5153 cap.
1491 5087 1546 5139 9.
1576 5114 1648 5124 —
1675 5084 1928 5138 Habuisse
1960 5102 2097 5140 cere-

513 5157 677 5210 brum.
709 5157 1014 5227 Eleganter,
1047 5169 1104 5210 ut
1134 5155 1392 5210 Pha-drus
1443 5155 1508 5210 de
1557 5153 1728 5209 Larva
1787 5155 1881 5227 lib.
1941 5157 2093 5227 t,__7,

511 5231 544 5280 :2
571 5245 582 5278 :
621 5228 666 5282 0
693 5225 884 5298 quanta
909 5229 1100 5296 species
1117 5269 1129 5290 ,
1147 5227 1349 5298 inquit,
1375 5228 1634 5279 cerebrum
1659 5243 1758 5278 non
1788 5225 1952 5298 liabet.
1997 5225 2096 5281 Ubi

513 5299 634 5353 vide
691 5295 1097 5353 Bunemannum
1143 5297 1196 5350 in
1259 5311 1400 5350 novo
1450 5297 1862 5350 commentario.
1897 5295 2095 5348 lterutn

513 5368 659 5423 Lact.
691 5369 820 5436 epit.
860 5385 978 5436 cap.
1014 5370 1080 5424 51
1107 5386 1122 5423 :
1149 5365 1391 5420 Homines
1411 5369 1580 5420 inanis
1607 5366 1794 5419 cerebri
1817 5382 1836 5428 ;
1858 5365 1924 5418 de
1950 5364 2096 5433 Opif.

513 5455 628 5508 cap.
675 5435 743 5495 16
793 5456 806 5491 :
849 5441 950 5493 Alii
995 5440 1164 5494 sedem
1191 5439 1300 5505 ejus
1330 5436 1573 5508 (mentis)
1626 5437 1678 5489 in
1734 5435 1934 5490 cerebro
1979 5452 2098 5492 esse

512 5507 777 5563 dixerunt.
809 5509 938 5564 Bon.

585 5577 875 5634 Credamus.
899 5581 926 5634 1
955 5579 1216 5646 Colbert.,
1269 5579 1556 5642 credimus;
1589 5577 1614 5631 1
1661 5577 1730 5631 al.
1777 5577 2015 5634 Colberl.
2045 5585 2101 5633 et

516 5648 702 5712 Brom,
735 5652 1022 5706 credamus.

589 5717 729 5788 Ignis
756 5723 1022 5776 excutitur.
1055 5721 1145 5776 Sic
1171 5735 1360 5776 omnes
1397 5718 1580 5789 scripti
1604 5717 1836 5788 editique
1857 5761 1870 5784 ,
1905 5727 2100 5788 praeter

515 5787 653 5848 Ven.
685 5789 908 5862 primam
939 5791 1100 5862 M78,
1123 5793 1394 5856 excutitur,
1417 5787 1598 5860 prave.
1629 5787 1834 5846 Mallem
1864 5830 1879 5860 ,
1907 5787 1954 5844 isi
1979 5789 2098 5844 libri

2133 4489 2182 4550 Ι)

2199 3531 2536 3586 annuerent,
2567 3521 2858 3588 excuditur,
2881 3533 2940 3577 ut
2966 3521 3115 3593 Virg.
3149 3538 3164 3577 ι
3196 3521 3324 3577 Ain.
3359 3523 3462 3578 174
3499 3541 3512 3576 :

2387 3635 2458 3686 Ac
2483 3636 2692 3698 primum
2717 3637 2863 3685 silicis
2887 3635 3145 3686 scintillam
3169 3636 3374 3686 excudit
3393 3635 3638 3686 Achates.

3477 3719 3618 3774 Bon.

2276 3817 2712 3884 Orbemuitreum,
2737 3827 2840 3872 ete.
2883 3817 3256 3890 limeicristalli
3299 3825 3492 3890 natura
3527 3827 3658 3882 est,
3695 3837 3832 3890 quze

2199 3889 2332 3942 nihil
2365 3890 2506 3943 aliud
2533 3898 2648 3954 est,
2673 3904 2833 3956 quam
2859 3903 2995 3960 aqua
3019 3889 3071 3960 in
3097 3890 3289 3960 lapidis
3310 3889 3572 3960 duritiem
3606 3889 3828 3960 frigore

2194 3970 2247 4014 et
2277 3967 2540 4014 vetustate
2587 3960 2890 4029 congelata.
2943 3959 3072 4012 Vide
3119 3959 3486 4012 Marbodaeum
3531 3959 3838 4015 cuiusuis

2204 4030 2734 4084 commentatoribus.
2767 4031 2839 4084 De
2869 4030 3006 4097 ignis
3035 4039 3225 4083 natura
3255 4029 3633 4098 Theophrasti
3679 4033 3838 4087 liber

2205 4110 2370 4154 extat.
2419 4101 2560 4155 Sunt
2606 4100 2812 4154 similes
2863 4100 2998 4168 ignis
3051 4099 3302 4154 eliciendi
3378 4101 3632 4156 rationes
3677 4103 3840 4170 apud

2207 4170 2344 4226 Plin.
2371 4181 2424 4226 et
2456 4171 2760 4224 Lucretium
2791 4171 2998 4240 ipsum,
3043 4181 3203 4239 atque
3229 4172 3394 4226 etiam
3445 4172 3598 4241 apud
3647 4171 3842 4229 Sene—

2208 4255 2324 4295 cam
2357 4244 2408 4294 in
2441 4241 2680 4295 Natural.
2709 4250 2898 4310 qiucst.
2925 4241 3128 4295 Βετυι.

2281 4310 2601 4365 dredendum
2627 4321 2716 4366 est.
2747 4311 2874 4365 Mss.
2898 4311 2951 4370 5.
2982 4312 3207 4366 credent.

2283 4381 2436 4450 Atqui
2465 4383 2527 4435 de
2547 4383 2654 4436 sole
2681 4383 2835 4452 ignis,
2888 4392 2991 4437 etc.
3035 4381 3412 4436 Hallucinatur
3443 4384 3790 4443 Lactantius
3823 4405 3840 4446 ;

2211 4453 2541 4522 experientia
2569 4455 2898 4507 contrarium
2925 4461 3172 4507 testatur.

2281 4524 2422 4576 Certe
2447 4524 2776 4577 inhalaveris.
2803 4523 2926 4576 Mss.
2961 4538 3014 4588 ι,
3047 4524 3180 4594 Reg.
3213 4538 3352 4590 ree.,
3381 4527 3417 4579 5
3455 4525 3722 4583 Colbert.
3783 4539 3840 4585 et

2201 4593 2406 4656 Baluz.,
2442 4594 2502 4648 Si
2535 4610 2664 4648 certe
2681 4596 2734 4646 in
2759 4595 3018 4648 alveariis.

2283 4663 3140 4740 νίτρονΙερὶδεμεεβοιιιηιςηὶε;
3167 4664 3428 4720 1Βοιιοιι.
3451 4669 3658 4740 antiq.,
3689 4673 3834 4726 lenc.

2269 4736 2368 4787 Aut
2396 4736 2569 4790 maris.
2599 4734 2725 4790 Mss.
2757 4735 2789 4790 (i
2819 4745 2866 4790 et
2889 4735 3066 4789 maris.

2273 4805 2681 4878 Quid_ego.ASie
2728 4805 3008 4878 legendum
3057 4822 3124 4860 ex
3167 4815 3280 4878 vel:
3337 4823 3470 4862 mss.
3511 4809 3536 4863 1
3573 4810 3838 4878 Bt)ll0ll.,

2198 4873 2364 4949 Cane.
2389 4875 2580 4949 Cgeteri
2607 4886 2658 4930 et
2683 4873 2808 4930 edil'.
2825 4877 3029 4949 habent
3067 4893 3223 4949 ergo;
3251 4877 3446 4943 Brun.,
3477 4880 3678 4949 igitur.

2271 4945 2484 4998 Deinde.
2519 4947 2591 5000 lta
2625 4947 2838 5014 reposui
2867 4963 2932 5002 ex
2957 4947 3206 5001 omnibus
3229 4963 3360 5003 mss.
3391 4945 3604 5016 praeter
3635 4954 3674 5008 5
3705 4971 3834 5010 rec.

2201 5015 2251 5069 in
2285 5017 2478 5088 quibus
2503 5027 2586 5071 est
2613 5017 2874 5088 Denique,
2905 5025 2966 5072 ut
2993 5021 3045 5071 in
3081 5017 3264 5072 editis.

2278 5087 2338 5140 Si
2368 5103 2431 5140 ex
2457 5087 2786 5142 inuisibilibus
2813 5098 2929 5142 sunt
2951 5129 2965 5153 ,
2995 5103 3110 5158 qua:
3139 5105 3240 5142 non
3267 5089 3532 5152 uidentur,
3571 5109 3739 5150 neum
3765 5100 3846 5150 ri-

2199 5157 2325 5232 det?
2354 5158 2442 5211 Sic
2489 5158 2770 5232 Legendum
2819 5174 2890 5212 ex
2940 5157 3168 5232 utroque
3197 5159 3435 5232 Bonam,
3471 5164 3507 5232 5
3535 5163 3842 5232 Colbert.,

2199 5227 2384 5302 Baluz.
2408 5236 2468 5302 Aet
2493 5228 2647 5292 Tax.,
2685 5245 2790 5302 non
2823 5241 2880 5282 ιιι
2917 5229 3030 5294 alii,
3059 5230 3119 5302 si
3150 5245 3216 5302 ea:
3249 5229 3608 5302 inuisibilibus
3667 5251 3798 5290 sum

2197 5313 2311 5366 qua:
2333 5299 2583 5373 videntur,
2611 5301 2870 5373 curigitur
2899 5315 3044 5353 nemo
3073 5299 3206 5373 videt
3230 5301 3253 5352 ?
3275 5300 3458 5354 Utitur
3483 5299 3844 5373 argumento

2198 5383 2227 5420 a
2255 5371 2540 5423 contrariis
2573 5389 2585 5423 :
2617 5371 2660 5422 si
2687 5385 2752 5424 ea
2779 5385 2899 5439 qua:
2939 5385 3045 5423 non
3069 5371 3342 5432 videntur,
3383 5371 3624 5429 manant
3649 5393 3678 5428 a
3703 5395 3842 5432 cor—

2201 5439 2418 5510 poribus
2449 5441 2848 5502 invisihilibus;
2881 5456 3008 5510 ergo
3057 5456 3176 5510 quae
3225 5440 3502 5507 videntur,
3543 5448 3848 5504 [)rOllt'unl

2198 5524 2266 5562 ex
2287 5508 2590 5579 visibilibus
2615 5527 2630 5572 ;
2660 5526 2720 5564 ea
2746 5512 2902 5579 igitur
2927 5508 3024 5564 cur
3051 5508 3156 5564 non
3181 5511 3436 5566 videntur
3455 5513 3480 5565 *ἒ
3503 5513 3718 5572 lsasus.

2271 5577 2588 5634 Consideret.
2623 5579 2748 5634 Mss.
2768 5577 2812 5634 '7
2841 5581 3149 5634 consideres.

2270 5647 2600 5723 Tractabilja.
2617 5650 2743 5706 Mss.
2767 5653 2834 5705 16
2849 5653 2986 5705 inter
3003 5667 3138 5720 quos
3155 5660 3238 5705 est
3253 5652 3594 5723 Regio-Put.
3623 5658 3850 5717 habent

2203 5719 2448 5792 tactibilia
2473 5737 2490 5784 ;
2519 5721 2728 5776 Bonon.
2750 5723 2946 5792 antiq.,
2970 5719 3196 5786 tactilia;
3227 5725 3262 5774 2
3283 5719 3440 5778 0611).
3459 5767 3474 5787 ,
3511 5731 3848 5792 tactabilia:

2199 5789 2526 5861 eneg.rec.
2575 5799 2630 5847 et
2673 5793 2760 5847 ed.
2797 5789 2952 5848 nom.
3005 5793 3168 5862 M70,
3215 5797 3576 5868 iutactibilia;
3623 5803 3700 5857 al.
3741 5789 3840 5862 eu.
