3970 6372
197 316 281 376 103
1493 311 1694 370 LIBER
1739 313 1827 369 DE
1869 313 1985 370 IRA
2029 316 2164 372 DEI.

3339 330 3443 385 106

191 447 290 486 esse
316 423 515 505 iu.omui
543 423 768 487 mundo,
797 422 938 492 quod
957 437 1065 477 non
1084 422 1278 480 habeat
1297 424 1347 478 iu
1365 439 1424 480 se
1448 425 1735 480 maximam
1767 431 1821 488 Α
1845 427 1988 482 tione
2017 428 2085 482 de
2103 428 2330 485 confuso
2351 441 2546 487 acervo
2573 445 2634 490 se
2664 437 2829 491 atomi
2856 451 3319 511 congregaveruut
3341 488 3354 509 ,
3385 454 3445 500 ut

197 519 554 586 mirabilemque
582 515 871 569 rationem.
922 514 1054 581 Quae
1080 556 1094 578 ,
1123 517 1248 584 quia
1289 531 1449 584 supra
1503 516 1740 570 hmuiuis

193 627 378 669 sensum
401 619 450 663 et
478 607 749 678 ingenium
789 617 906 674 est,
941 607 1026 661 cui
1058 609 1293 675 rectius,
1344 624 1504 678 quam
1538 608 1740 662 divina:

192 703 500 778 providentia:
532 700 816 755 tribuenda
849 700 970 754 est?
1001 700 1083 754 An
1120 701 1469 755 simulacrum
1501 700 1740 754 hominis

189 809 234 854 et
263 806 465 851 statuam
494 793 634 847 ratio
688 803 744 847 et
783 807 873 846 ars
913 791 1098 864 ﬁngit;
1151 795 1325 864 ipsum
1369 794 1642 848 hominem
1675 793 1742 848 de

191 888 345 944 frustis
390 896 582 939 temere
625 885 1078 940 concurrentibus
1131 884 1246 939 ﬁeri
1301 884 1638 954 putabimus?
1676 885 1745 938 Et

189 980 295 1050 quid
319 978 478 1033 simile
517 977 766 1032 veritatis
805 977 858 1031 in
908 976 1066 1043 ﬁcto,
1102 991 1224 1032 cum
1254 992 1523 1032 sunnumn
1556 986 1611 1031 et
1648 993 1742 1031 ex-

190 1074 359 1126 cellens
385 1068 664 1124 artiﬁcium
695 1068 828 1123 nihil
851 1068 995 1122 aliud
1016 1108 1031 1134 ,
1066 1069 1166 1122 nisi
1209 1069 1452 1124 umbram
1476 1077 1532 1123 et
1558 1078 1740 1123 extre-

186 1183 258 1221 ma
290 1164 512 1234 corporis
542 1163 870 1218 lineamenta
904 1164 1077 1233 possit
1116 1164 1352 1218 imitari?
1397 1163 1536 1218 Num
1571 1164 1744 1233 potuit

185 1259 384 1312 humana
414 1255 629 1309 solertia
661 1254 792 1310 dare
822 1255 974 1326 operi
1005 1270 1104 1311 suo
1133 1267 1226 1310 aut
1259 1265 1461 1310 motum
1485 1257 1741 1326 aliquem,

180 1361 257 1405 aut
280 1348 526 1405 sensum?
555 1348 760 1402 Omitto
811 1362 967 1404 usum
1016 1349 1270 1414 videndi,
1307 1348 1590 1409 audiendi.
1621 1349 1746 1403 odo-

181 1440 348 1505 randi,
369 1449 797 1507 cxterorumque
819 1441 1186 1494 membrorum
1208 1481 1224 1507 ,
1242 1439 1323 1494 vel
1347 1439 1742 1509 apparentium,

180 1531 254 1586 vel
284 1530 550 1585 latentium
571 1569 586 1594 ,
637 1529 918 1584 mirabiles
945 1530 1223 1586 utilitates.
1251 1529 1383 1598 Quis
1421 1529 1612 1585 artifex
1644 1545 1743 1600 po-

177 1624 294 1686 tuit,
321 1632 407 1676 aut
431 1637 526 1675 cor
556 1620 797 1675 hominis
817 1663 831 1685 ,
884 1631 977 1674 aut
1011 1635 1232 1686 vocem,
1261 1631 1353 1674 aut
1381 1621 1550 1690 ipsam
1580 1619 1744 1675 fabri-

173 1731 282 1770 care
305 1715 624 1784 sapientiam
642 1713 665 1767 ?
681 1709 1048 1782 Quisquamne
1070 1711 1233 1780 igitur
1252 1726 1419 1767 sanus
1441 1713 1744 1776 existimat,

1843 533 1906 572 ex
1935 518 2053 574 aliis
2080 519 2301 575 inferius
2326 532 2468 578 terra
2490 528 2926 597 conglobaretur,
2958 531 3156 587 caelum
3205 535 3442 605 desuper

1847 610 2181 675 tenderetur,
2237 621 2382 667 tanta
2431 615 2669 671 siderum
2715 621 2976 676 varietate
3017 622 3360 692 distinctum,
3387 637 3446 682 ut

1844 701 1978 756 nihil
2010 718 2250 774 unquam
2281 706 2578 776 excogitari
2613 710 2785 777 possit
2809 713 3094 766 ornatius?
3115 714 3282 769 Tanta
3314 731 3447 787 ergo

1844 795 1932 864 qui
1962 795 2142 850 videat
2170 805 2226 851 et
2260 798 2422 865 talia,
2466 807 2648 866 potest
2695 801 3008 858 existimare
3059 805 3207 858 nullo
3249 806 3451 864 effecta

1844 903 1964 942 esse
1979 889 2230 952 consilio,
2249 889 2397 943 nulla
2419 891 2780 959 providentia,
2811 893 2958 947 nulla
2981 895 3192 950 ratione
3221 895 3442 963 divina;

1846 980 1941 1034 sed
1970 995 2036 1035 ex
2062 981 2257 1035 atomis
2275 981 2562 1036 subtilibus
2585 1023 2601 1048 ,
2633 983 2845 1053 exiguis
2868 997 3121 1040 concreta
3147 1003 3268 1042 esse
3299 997 3448 1043 tanta

1848 1071 2101 1125 miracula
2130 1071 2152 1124 ?
2179 1071 2369 1126 Nonne
2398 1072 2643 1143 prodigio
2670 1072 2848 1129 simile
2874 1083 2959 1129 est
2994 1087 3086 1130 aut
3115 1086 3296 1131 natum
3323 1092 3448 1134 esse

1848 1162 2157 1229 hominem,
2200 1164 2290 1233 qui
2325 1163 2439 1219 haec
2460 1163 2697 1232 diceret,
2727 1175 2822 1220 aut
2837 1167 3114 1232 extitisse,
3145 1169 3234 1238 qui
3259 1169 3451 1224 crede-

1848 1256 1976 1308 ret?
2009 1263 2068 1308 ut
2095 1254 2462 1310 Democritum
2486 1296 2500 1321 ,
2530 1257 2621 1326 qui
2652 1256 2869 1312 auditor
2894 1258 3012 1328 ejus
3037 1259 3178 1323 fuit,
3205 1261 3291 1315 vel
3322 1261 3452 1331 Epi-

1847 1359 2072 1409 curum,
2107 1347 2157 1400 in
2189 1361 2348 1416 quem
2395 1347 2601 1402 vanitas
2657 1349 2838 1402 omnis
2889 1348 2959 1404 de
3003 1349 3261 1420 Leucippi
3301 1353 3449 1408 fonte

1848 1438 2119 1507 proﬂuxit.
2146 1440 2215 1492 At
2241 1440 2383 1493 enim
2415 1440 2433 1510 (
2457 1439 2598 1494 sicut
2621 1439 2712 1494 alii
2737 1439 2963 1512 dicunt)
2989 1452 3178 1496 natura
3212 1443 3446 1500 mundus

1848 1528 2078 1584 effectus
2104 1537 2221 1594 est,
2254 1545 2375 1598 qua:
2426 1543 2589 1584 sensu
2641 1540 2697 1584 et
2749 1531 2918 1600 ﬁgura
2967 1543 3133 1586 caret.
3165 1533 3277 1588 lloc
3319 1549 3451 1589 vero

1849 1624 2018 1679 multo
2045 1632 2132 1679 est
2154 1619 2459 1679 absurdius.
2482 1623 2540 1679 Si
2571 1634 2759 1679 natura
2791 1624 3047 1679 mundum
3081 1625 3206 1680 fecit
3225 1668 3240 1690 ,
3263 1628 3450 1683 consi-

1851 1717 1920 1770 lio
1943 1726 1996 1770 et
2028 1716 2238 1770 ratione
2287 1715 2506 1780 fecerit,
2550 1729 2772 1770 necesse
2801 1726 2926 1782 est;
2959 1716 3006 1770 is
3032 1718 3178 1771 enim
3200 1719 3326 1773 facit
3348 1719 3448 1774 ali-

172 1807 296 1877 quod
327 1807 482 1860 bomo
511 1807 729 1860 ratione
755 1815 810 1860 et
837 1804 1066 1859 consilio
1098 1804 1275 1859 facere.
1302 1817 1409 1858 non
1451 1804 1654 1873 possit,
1687 1803 1742 1858 id
1777 1805 1825 1866 B
1852 1809 1978 1880 quid
2005 1850 2020 1875 ,
2043 1811 2132 1880 qui
2157 1817 2248 1863 aut
2278 1808 2606 1863 voluntatem
2637 1807 2866 1863 faciendi
2893 1807 3094 1874 habet,
3142 1818 3236 1863 aut
3272 1809 3450 1865 scien-

171 1913 410 1954 concursu
449 1907 760 1951 atomorum
788 1897 986 1967 passim
1009 1895 1394 1950 cohaerentium
1426 1895 1606 1964 perlici
1650 1911 1742 1964 pn-

167 1991 351 2047 luisse?
382 1989 548 2044 Vides
591 1989 646 2042 in
680 2003 801 2058 quae
853 1987 1208 2042 deliramenta
1254 1985 1543 2041 inciderint
1571 2027 1584 2051 ,
1613 1985 1740 2041 dum

166 2087 336 2141 nolunt
357 2085 698 2140 ell'ectionem
727 2097 1023 2153 curamque
1051 2097 1233 2136 rerum
1257 2081 1368 2134 Deo
1406 2080 1557 2135 dare.

226 2175 598 2232 Concedamus
641 2185 818 2228 tamen
852 2173 972 2239 his,
1005 2182 1063 2227 ut
1103 2189 1166 2227 ex
1215 2172 1411 2226 atomis
1452 2173 1579 2227 fiant
1627 2189 1745 2243 qua:

166 2277 352 2324 terrena
371 2276 530 2321 sunt:
564 2281 698 2320 num
729 2267 890 2321 etiam
918 2263 1197 2321 caelestia?
1224 2265 1362 2319 Deos
1391 2265 1540 2318 aiunt
1565 2264 1744 2319 incor-

163 2372 361 2431 ruptos,
389 2371 632 2415 aeternos
655 2400 670 2421 ,
701 2360 888 2414 beatos
913 2373 1073 2423 esse;
1101 2356 1339 2426 solisque
1365 2358 1496 2410 dant
1543 2357 1742 2410 immu-

160 2453 398 2518 nitatem,
431 2467 498 2505 ne
539 2464 814 2505 concursu
868 2458 1170 2502 atomorum
1221 2447 1458 2502 concreti
1500 2461 1622 2501 esse
1661 2447 1740 2501 vi-

159 2542 390 2598 deantur.
423 2540 483 2597 Si
513 2542 665 2596 enim
696 2540 770 2595 dii
816 2553 1030 2610 quoque
1072 2553 1139 2593 ex
1183 2537 1292 2592 illis
1336 2538 1740 2604 constitissent,

158 2635 480 2707 dissipahiles
509 2635 746 2700 fierent,
792 2631 1090 2686 seminibus
1118 2630 1410 2701 aliquando
1449 2631 1739 2696 resolutis,

154 2737 302 2797 atque
347 2727 400 2781 in
448 2738 707 2780 naturam
747 2738 899 2778 suam
941 2723 1357 2778 revertentibus.
1387 2721 1532 2791 Ergo
1577 2723 1621 2776 si
1661 2733 1746 2777 est

155 2816 339 2888 aliquid
359 2861 374 2885 _,
405 2816 553 2887 quod
585 2816 752 2869 atomi
787 2830 892 2869 non
939 2813 1250 2879 effecerint,
1274 2827 1372 2868 cur
1413 2829 1521 2868 non
1547 2823 1741 2869 caetera

152 2909 325 2964 eodem
359 2909 525 2964 modo
587 2905 1000 2977 intelligamus?
1035 2905 1165 2972 Sed,
1193 2920 1377 2975 quaero
1401 2945 1418 2972 ,
1456 2916 1742 2976 antequam

152 3000 394 3057 mundum
428 3000 731 3072 primordia
773 2999 874 3053 ista
913 3007 1266 3067 generarent,
1290 3013 1387 3053 cur
1412 2998 1512 3052 sibi
1541 2998 1614 3053 dii
1642 2998 1744 3054 ha-

148 3095 430 3151 bitaculum
487 3112 604 3150 non
662 3093 1085 3148 :ediﬁcaverint?
1121 3091 1384 3148 Videlicet
1435 3092 1537 3147 nisi
1577 3092 1742 3147 atomi

1846 1902 1994 1957 tiam.
2032 1901 2088 1957 Si
2115 1910 2265 1956 caret
2304 1914 2465 1956 sensu
2507 1914 2572 1954 ac
2624 1898 2792 1967 ﬁgura
2818 1940 2833 1964 ,
2863 1899 3136 1969 quomodo
3177 1911 3351 1970 potest
3375 1901 3448 1955 ab

1847 2009 1907 2049 ea
1937 1993 2051 2049 ﬁeri
2072 2036 2087 2058 ,
2112 1992 2254 2063 quod
2277 2001 2334 2048 et
2357 2006 2576 2048 sensum
2599 1991 2863 2046 habeatet
2889 1992 3153 2062 ﬁguram?
3175 1993 3274 2047 nisi
3305 1991 3448 2048 forte

1848 2086 1969 2156 quis
1995 2084 2306 2148 arbitretur,
2339 2082 2654 2140 animalium
2688 2082 2941 2138 fabricam
2975 2090 3083 2136 tam
3114 2082 3368 2138 subtilem
3413 2098 3448 2137 a

1849 2193 1958 2232 non
1985 2177 2255 2231 sentiente
2273 2174 2496 2231 formari
2517 2175 2851 2244 auimarique
2876 2174 3116 2244 potuisse
3138 2191 3152 2239 ;
3175 2183 3268 2228 aut
3288 2175 3447 2228 istam

1850 2272 1969 2326 coeli
1991 2271 2225 2339 speciem
2243 2312 2259 2336 ,
2285 2279 2392 2324 tam
2412 2267 2756 2338 providenter
2775 2268 2841 2323 ad
2863 2269 3124 2324 utilitates
3152 2269 3448 2324 viventium

1852 2372 2242 2433 temperatam,
2270 2361 2454 2416 nescio
2493 2376 2602 2432 quo
2646 2375 2811 2424 casu,
2849 2361 2967 2416 sine
2999 2360 3300 2428 conditore,
3325 2362 3446 2416 sine

1852 2455 2091 2520 artifice,
2135 2453 2315 2508 subito
2352 2452 2614 2507 extitisse.

1927 2564 1944 2596 ι
1981 2547 2036 2600 Si
2065 2543 2189 2615 quid
2217 2551 2330 2610 est,
2361 2543 2535 2613 inquit
2562 2542 2928 2614 Chrysippus,
2950 2542 3092 2613 quod
3123 2542 3324 2598 efﬁciat
3347 2559 3438 2609 ea,

1849 2653 1968 2707 quae
1996 2637 2178 2701 homo,
2210 2634 2337 2690 licet
2365 2635 2576 2688 ratione
2631 2633 2700 2687 sit
2754 2633 3053 2704 praeditus,
3104 2634 3279 2689 facere
3330 2649 3442 2689 non

1850 2729 2051 2798 possit,
2085 2727 2134 2780 id
2157 2725 2400 2796 profecto
2425 2734 2509 2780 est
2539 2724 2744 2794 majus,
2773 2733 2827 2779 et
2853 2723 3078 2793 fortius,
3123 2735 3177 2780 et
3216 2726 3440 2796 sapien-

1851 2819 1955 2874 tius
1981 2818 2217 2872 homine.
2252 2836 2270 2870 ι
2299 2817 2470 2871 Homo
2494 2823 2672 2869 autem
2703 2830 2808 2868 non
2842 2823 3020 2885 potest
3045 2817 3220 2870 facere
3258 2816 3451 2872 caeles-

1848 2911 1955 2976 tia;
1985 2924 2114 2979 ergo
2144 2908 2274 2963 illud
2300 2949 2316 2973 ,
2345 2906 2489 2977 quod
2536 2906 2651 2961 hazc
2675 2905 2876 2961 efﬁciet
2912 2907 2996 2960 vel
3032 2905 3274 2962 eﬁ‘ecerit
3300 2949 3315 2973 ,
3357 2922 3450 2963 su-

1851 3009 2004 3071 perat
2032 2999 2306 3054 hominem
2336 3006 2474 3064 arte,
2515 2997 2775 3063 consilio,
2807 2996 3124 3067 prudentia,
3158 3007 3445 3069 pomstate.

1851 3097 1981 3164 Quis
2030 3096 2192 3167 igitur
2217 3102 2395 3163 potest
2437 3107 2596 3157 esse,
2656 3091 2759 3146 nisi
2814 3091 2994 3147 Deus?
3039 3089 3240 3146 Natura
3293 3107 3444 3159 vero,

148 3191 391 3245 coiissent
419 3233 434 3257 ,
464 3191 788 3259 caelumque
819 3187 1103 3252 fecissent,
1154 3185 1331 3240 adhuc
1378 3185 1450 3240 dii
1495 3202 1592 3257 per
1633 3201 1748 3240 me-
1777 3170 1821 3232 Ο
1855 3205 2013 3262 quam
2041 3188 2207 3244 veluti
2235 3197 2462 3242 matrem
2493 3200 2617 3241 esse
2639 3199 2821 3241 rerum
2865 3193 3076 3254 putant,
3123 3185 3168 3242 si
3213 3195 3450 3240 mentem

145 3282 279 3338 dium
309 3285 472 3339 inane
506 3281 838 3354 penderent.
869 3281 988 3347 Quo
1038 3278 1200 3350 igitur
1247 3279 1499 3348 consilio,
1533 3295 1636 3350 qua
1665 3296 1752 3335 ra-

1857 3297 1963 3336 non
1993 3280 2184 3350 habet,
2209 3278 2343 3335 nihil
2361 3277 2561 3335 efﬁciet
2587 3292 2856 3347 unquam,
2888 3275 3022 3331 nihil
3047 3275 3319 3372 molietur.
3349 3275 3449 3332 Ubi

1505 3395 1859 3453 VARIORUM
1888 3395 2118 3452 NOTAE.

143 3514 288 3568 Rom.
319 3513 493 3579 M7},
523 3510 896 3576 intactabilia;
925 3509 1088 3564 altera
1114 3509 1273 3564 Rom.
1308 3509 1449 3564 1408
1471 3525 1593 3564 cum
1636 3525 1740 3564 caa-

145 3587 262 3656 teris
308 3586 620 3656 impressis
655 3597 718 3636 ac
769 3581 1335 3656 scriptisulraclabilia,
1366 3591 1423 3635 ut
1468 3582 1523 3656 in
1571 3592 1736 3636 textu.

142 3654 284 3711 Unde
311 3651 516 3725 liqitct,
570 3653 718 3708 sicut
759 3667 825 3707 ex
875 3652 1038 3725 variis
1075 3652 1405 3725 lectionibus
1434 3651 1590 3725 aliis,
1633 3662 1741 3725 tres

142 3721 402 3781 Romanas
458 3726 741 3781 editiones
784 3737 814 3777 a
869 3738 929 3777 se
981 3722 1209 3777 invicem
1266 3721 1526 3776 diversas.
1555 3723 1657 3777 Sed
1688 3729 1744 3777 et

137 3796 256 3852 alibi
285 3799 526 3867 legimus
554 3793 706 3865 apud
728 3793 1066 3848 Lactantium
1093 3793 1186 3867 lib.
1218 3808 1248 3844 v
1278 3792 1457 3867 Divin.
1481 3792 1742 3867 Institut.,

135 3882 242 3936 cap.
269 3861 366 3931 22',
401 3861 879 3934 oculis'manuque
923 3864 1185 3917 tractabile
1206 3863 1345 3936 ;Aubi
1371 3862 1493 3916 vide
1519 3861 1644 3919 Not.
1677 3863 1742 3919 ad

137 3934 221 3991 lib.
253 3940 322 3993 de
351 3937 628 4008 Opiﬁcio,
652 3950 782 4008 cap.
804 3936 831 3989 1
864 3950 1017 3987 manu
1047 3934 1287 4008 et_ocul_is
1316 3943 1647 4008 contrectare.

199 4003 455 4064 stlrenia
478 4003 730 4077 corporis
746 4006 1070 4077 lineamenta.
1098 4003 1296 4070 Lond.,
1325 4005 1480 4077 Reg,
1507 4003 1737 4077 Reimm.

132 4089 181 4133 et
207 4096 401 4136 omnes
454 4075 625 4140 libri,
682 4087 926 4130 extrema.
980 4075 1145 4129 Recte
1175 4090 1305 4145 ergo
1343 4090 1408 4128 ex
1471 4075 1570 4127 hoc
1623 4075 1743 4145 loco

132 4150 189 4205 Ι).
221 4151 468 4206 Bouhier
512 4155 708 4202 ttionet
747 4148 1013 4201 adversus
1045 4143 1349 4209 Davisium;
1382 4145 1542 4200 etiam
1574 4145 1624 4199 in
1654 4143 1744 4200 Ci-

127 4237 319 4276 cerone
351 4223 451 4275 lib.
518 4236 536 4274 l
587 4219 662 4272 de
711 4217 826 4271 Nat.
881 4217 1064 4281 Deor.,
1118 4231 1236 4287 cap.
1267 4217 1337 4270 44
1371 4233 1384 4268 :
1413 4214 1744 4271 Lineamenta

127 4294 374 4346 duntaxat
408 4290 668 4346 extremis
708 4289 1013 4342 servandum
1038 4303 1167 4342 esse.
1219 4287 1340 4341 Pari
1387 4287 1546 4340 modo
1590 4288 1738 4341 Lact.

122 4362 210 4420 lib.
244 4379 295 4431 ν,
321 4377 450 4433 cap.
479 4361 519 4415 2
554 4403 568 4416 .
601 4359 930 4414 Lineatnenta
968 4367 1015 4411 et
1041 4374 1291 4412 summam
1320 4358 1540 4482 figgram
1595 4358 1742 4412 dixit.

1439 4444 1525 4482 un.

1439 4444 1525 4482 ΗΝ.

193 4503 417 4558 Omitto.
450 4503 559 4558 Ms.
583 4503 615 4555 1
640 4501 776 4556 Bon.
807 4502 1002 4570 antiq.,
1032 4498 1203 4554 Mitto.
1223 4498 1328 4554 Pro
1350 4516 1500 4553 usum
1515 4499 1743 4564 videndi,

118 4576 169 4629 in
209 4577 345 4631 edit.
397 4575 616 4630 Venet.
659 4572 809 4627 Trid.
853 4571 1094 4626 Florent.
1143 4581 1228 4626 est
1263 4586 1462 4626 sensum
1511 4571 1741 4636 videndi,

120 4649 256 4702 male
277 4689 294 4713 ,
325 4662 462 4702 mox
492 4649 654 4699 enim
686 4659 787 4698 vox
815 4660 1017 4697 sensum
1048 4644 1342 4713 praecessit.

190 4710 580 4784 Effectionem.
620 4715 757 4768 Rara
789 4730 893 4767 vox
913 4757 926 4778 ,
953 4710 1071 4784 qua:
1099 4722 1280 4768 tamen
1313 4712 1583 4784 reperitur
1604 4710 1744 4780 apud

115 4783 475 4852 Ciceronem,
508 4788 615 4840 lib.
633 4802 668 4839 ιι
699 4785 766 4840 de
783 4783 1026 4849 Finibus,
1050 4800 1171 4854 cap.
1202 4785 1295 4852 45,
1316 4794 1369 4838 et
1394 4783 1487 4837 lib.
1518 4797 1598 4848 ιιι,
1623 4797 1744 4852 cap.

114 4860 201 4922 24,
236 4862 373 4914 artis
405 4858 650 4924 effectio.

182 4931 246 4987 Si
272 4923 542 4986 eninsdii
578 4942 778 4996 quoque
815 4942 878 4979 ex
903 4925 1008 4980 illis
1033 4925 1392 4980 constitissent.
1421 4923 1512 4979 Sic
1540 4923 1746 4996 restitui

112 5017 172 5056 ex
208 4999 671 5072 quamplurjmis
696 4995 828 5072 i_nss.
854 4998 1006 5072 inter
1043 5011 1196 5072 quos
1225 5005 1352 5050 sunt
1387 4995 1744 5072 antiquissimi

112 5074 133 5126 1
161 5065 485 5126 ΒόιιοιιῘθι
520 5067 817 5136 Reg-Pot.
853 5065 910 5120 In
940 5068 974 5121 6
1012 5065 1229 5134 scriptis
1257 5077 1313 5121 et
1341 5065 1501 5120 editis
1531 5067 1744 5136 legitur,

106 5146 229 5199 deos
256 5159 481 5212 quoque
511 5155 586 5195 ex
615 5137 1153 5212 illiskconstituissent;
1179 5139 1229 5212 in
1255 5138 1292 5212 5
1312 5137 1443 5207 Reg.
1469 5151 1605 5203 rec.,
1628 5135 1750 5190 Cla-

107 5209 278 5279 rom.,
314 5209 412 5268 od.
439 5215 622 5266 Rom.
654 5209 812 5273 1470,
843 5209 1033 5262 deos...
1057 5209 1412 5279 constituisset.

177 5277 583 5355 Dissipabiles.
612 5280 735 5355 llaec
752 5295 855 5333 vox
877 5280 968 5334 vix
984 5281 1220 5355 occurrit
1245 5277 1386 5348 apud
1417 5277 1550 5355 alios
1579 5277 1749 5355 scrip-

104 5368 256 5412 tores
287 5374 304 5410 :
335 5348 733 5410 nihilominus
763 5361 910 5404 extat
938 5349 1078 5420 apud
1101 5348 1442 5412 Ciceronem,
1477 5348 1570 5402 lib.
1597 5349 1750 5420 inde

102 5428 314 5481 Natura
346 5426 553 5487 denr.,
588 5437 711 5491 cap.
744 5422 852 5476 12:
887 5419 986 5475 Aer
1010 5430 1193 5475 natura
1217 5423 1402 5474 cedens
1430 5428 1504 5474 est
1530 5419 1751 5472 maxime

98 5510 145 5552 et
164 5496 544 5569 dissipabilis.

174 5559 634 5623 Reuértentibus.
664 5562 788 5617 Mss.
837 5562 874 5616 Ξ
922 5562 1079 5629 Bon.,
1111 5561 1269 5628 Tax.,
1302 5562 1325 5615 1
1362 5559 1543 5625 Coll»,
1576 5575 1751 5613 recur-

95 5641 514 5767 "mmmam
539 5706 656 5760 ista
677 5713 993 5776 generarent.
1021 5705 1043 5758 1
1084 5703 1290 5758 Ronou.
1323 5703 1487 5772 auliq.
1517 5717 1750 5773 generas-

94 5793 232 5844 sent.

689 5870 967 5932 ΡΑτιιοι..
1021 5867 1157 5930 VII.

1916 3510 2041 3565 Non
2065 3510 2452 3576 wdiﬁcaverint.
2495 3509 2621 3564 Mss.
2674 3508 2706 3562 7
2741 3515 2796 3562 et
2823 3509 2858 3563 4
2889 3507 3020 3564 editi
3041 3550 3058 3574 ,
3089 3525 3192 3564 non
3217 3511 3448 3574 aedi/ica-

1844 3593 2044 3635 verunt.
2073 3611 2145 3622 —
2173 3581 2359 3646 Quaero
2387 3596 2480 3634 cur
2496 3596 2668 3635 non...
2694 3579 3084 3648 cedi/icaverint.
3110 3580 3288 3644 Rost.,
3306 3581 3444 3636 Ven.

1851 3652 2178 3716 1471-1515,
2205 3661 2261 3706 et
2287 3651 2484 3714 Paris,
2512 3650 2766 3717 Quaero...
2795 3666 2888 3703 cur
2918 3666 3018 3704 non
3038 3651 3441 3717 adiﬁcatterunt.

1850 3722 1998 3777 Haud
2033 3724 2195 3788 male,
2222 3722 2403 3790 judice
2431 3721 2764 3784 lleutnanno,
2795 3721 2882 3789 qui
2913 3721 3184 3790 necprius
3212 3721 3444 3776 Lactan-

1851 3796 1925 3847 tio
1967 3789 2241 3862 indignum
2268 3807 2335 3846 ex
2351 3790 2674 3862 supradictis
2700 3801 2903 3862 censet.
2935 3789 3060 3844 Mihi
3085 3791 3232 3857 prius
3262 3792 3438 3846 solum

1852 3863 2001 3917 Lact.
2031 3860 2250 3932 dignum
2275 3861 2511 3924 videtur,
2544 3861 2634 3928 qui
2656 3901 2668 3920 ,
2698 3860 2786 3932 ubi
2815 3875 2920 3912 non
2949 3869 3267 3929 corruptus,
3300 3878 3445 3917 sem-

1853 3949 1948 4002 per
1975 3931 2294 4000 postquer
2320 3947 2437 4002 cur,
2475 3931 2875 4002 conjunctivum
2905 3931 3075 4002 ponit.
3103 3932 3192 4002 Sic
3237 3932 3333 3986 lib.
3365 3948 3434 3998 tt,

1850 3999 1968 4071 cap.
2002 4004 2068 4068 4,
2121 3999 2380 4072 restitui:
2429 4002 2615 4066 Qntero
2665 4016 2756 4053 cur
2782 4000 2970 4072 illi....
3009 3999 3296 4072 Sacrilegia
3340 4020 3443 4058 non

1849 4070 2249 4135 vindicaverint;
2295 4071 2390 4124 lib.
2441 4087 2538 4135 Iti,
2597 4086 2715 4139 cap.
2772 4070 2881 4124 l3:
2941 4071 3120 4126 Solent
3173 4070 3437 4140 quwrere.

1850 4162 2006 4198 cur...
2041 4143 2383 4212 reperiantur.
2411 4140 2622 4206 Cicero,
2654 4143 2751 4213 lib.
2788 4157 2804 4194 ι
2835 4142 2900 4195 dc
2941 4141 3064 4196 Nat.
3110 4141 3288 4206 deur.,
3317 4159 3436 4213 cap.

1849 4216 1926 4270 9:
1957 4211 2225 4276 Sciscitor,
2256 4229 2349 4266 cur
2394 4213 2568 4265 mundi
2615 4211 2952 4280 ludiﬁcatores
2998 4222 3201 4277 repente
3252 4211 3436 4268 extite-

1849 4287 2044 4340 rint....
2075 4300 2266 4355 qutero,
2296 4299 2388 4337 cur
2424 4283 2642 4337 Pronaea
2666 4293 2829 4355 vestra
2851 4284 3154 4355 cessaverit;
3183 4283 3250 4338 de
3277 4284 3434 4353 Fato,

1849 4371 1969 4427 cap.
2012 4357 2045 4411 8
2071 4352 2096 4409 ι
2115 4355 2393 4427 Qunam...
2421 4370 2638 4427 cur_non
2668 4354 2882 4427 possint.
2936 4352 3068 4406 BUN.

1925 4423 2082 4481 Terra
2106 4423 2511 4495 conglobaretur.
2526 4424 2600 4478 Ita
2626 4438 2754 4477 tnss.
2773 4425 3103 4495 antiquiores
3119 4432 3173 4480 et
3193 4424 3430 4494 potiores

1846 4498 2080 4563 Bonon.,
2116 4493 2431 4568 Regio-Pot.
2480 4496 2709 4568 aliique.
2761 4503 2816 4546 et
2868 4494 2956 4548 ed.
3007 4493 3076 4549 ls.
3128 4493 3202 4550 At
3248 4497 3439 4568 scripti

1846 4570 1916 4624 12
1938 4584 2049 4623 rec.
2079 4577 2134 4623 et
2159 4567 2288 4620 editi
2314 4575 2459 4619 teme
2477 4563 2920 4633 conglobarentur.

1919 4637 2202 4694 Subtilibus
2242 4637 2454 4707 exiguis.
2515 4635 2732 4704 Legitur
2778 4649 2908 4689 vero
2956 4634 3192 4689 subtilius
3240 4637 3436 4707 exiguis

1847 4710 1986 4777 apud
2019 4709 2336 4769 Buncman.,
2355 4707 2516 4775 inque
2545 4709 2684 4777 hanc
2711 4715 3097 4777 vocemgnotam
3115 4718 3432 4777 sequentem

1849 4775 2107 4834 liabet.--
2137 4778 2386 4832 Subtilius
2413 4777 2628 4847 exiguis.
2655 4776 2850 4847 Betul.,
2878 4775 3067 4839 Torn.,
3102 4776 3430 4847 15873-1615,

1847 4848 2236 4912 Genev.1630,
2279 4845 2514 4909 Walch.,
2568 4845 2850 4900 Snlvtilibus
2883 4855 2928 4898 et
2983 4846 3200 4916 exiguis.
3229 4845 3429 4913 Lond.,

1847 4921 2006 4992 Reg,
2038 4931 2110 4992 et
2151 4917 2341 4992 Goth.,
2393 4917 2686 4992 subtilibus
2720 4914 3330 4992 ⁸(ξιιιιςιιίει.,ιῖινὶειιιιθιιιιςι
3357 4921 3431 4973 ita

1847 4985 2512 5060 Arnobius,frequeutius
2543 4985 2831 5060 Minucius,
2855 5001 2919 5060 ac
2950 4987 3034 5040 vix
3069 4985 3244 5060 semel
3273 4998 3435 5058 atque

1847 5055 2039 5118 ite'rum
2068 5061 2138 5115 ita
2159 5055 2486 5114 Lactantius.
2519 5060 2589 5110 Ita
2614 5055 2774 5113 Goth.
2805 5057 3033 5122 minora,
3059 5057 3275 5110 lmmilia
3293 5098 3308 5122 ,
3337 5055 3432 5116 ubi

1849 5133 2062 5203 plures,
2093 5131 2290 5203 minora
2313 5139 2368 5183 et
2393 5128 2609 5203 humilia
2634 5143 2655 5203 ξ
2672 5127 2824 5203 unde
2863 5139 3082 5203 secutus
3109 5128 3429 5203 sum_Lond.

1849 5197 1903 5259 et
1932 5203 2069 5259 Goth
2102 5200 2438 5255 membranas
2470 5216 2484 5252 :
2512 5197 2762 5254 Subtilius
2795 5199 3012 5268 exiguis,
3046 5215 3142 5268 pro
3167 5199 3436 5256 subtilissi-

1850 5277 1968 5338 mis,
1991 5272 2359 5326 minutissimis.
2393 5269 2522 5324 BDN.

1921 5344 2052 5398 Tam
2091 5341 2324 5398 subtilem
2347 5381 2363 5407 ,
2403 5340 2533 5397 Mss.
2584 5339 2617 5395 6
2653 5349 2708 5394 et
2745 5339 2782 5392 2
2819 5338 3193 5412 εόᾴηιιιίιιιιιιι
3237 5349 3440 5412 tamque

1849 5415 2164 5479 mirabilem;
2195 5416 2354 5468 Gauc.
2385 5422 2439 5467 ct
2458 5412 2491 5467 9
2523 5412 2684 5478 editi,
2706 5421 2808 5464 tam
2839 5410 3087 5465 subtiliter
3125 5429 3155 5464 ιι
3189 5427 3291 5465 non
3317 5410 3434 5466 sen-

1852 5487 2004 5541 tiente
2022 5496 2205 5538 natura
2221 5484 2454 5553 formari.

1925 5557 1986 5611 Si
2015 5549 2350 5608 mentcninon
2377 5553 2545 5606 habet.
2571 5550 2758 5606 Cicero
2787 5551 2852 5606 dc
2881 5549 3001 5604 Nat.
3033 5549 3207 5615 (lenta,
3233 5567 3270 5605 tt
3291 5594 3306 5617 ,
3353 5553 3439 5608 tli-

1852 5642 2034 5681 versas
2059 5626 2126 5679 dc
2161 5635 2346 5679 natura
2395 5623 2686 5679 sententiis
2729 5638 2821 5675 seu
2853 5621 3197 5675 definitiones
3236 5624 3440 5678 descri-

1852 5699 1930 5753 bit
1963 5713 1976 5751 :
2007 5713 2168 5751 uuam
2198 5711 2384 5750 eorum
2410 5734 2424 5756 ,
2454 5693 2543 5762 qui
2576 5703 2815 5746 naturam
2858 5701 3078 5763 censent
3110 5693 3215 5745 vim
3254 5711 3442 5763 quam-

1853 5769 1978 5826 dam
2042 5769 2159 5823 sine
2238 5767 2446 5824 ratione
2494 5766 2722 5821 cientem
2789 5772 2965 5817 tnotus
3020 5762 3072 5815 in
3129 5762 3447 5836 corporibus

2929 5853 2969 5918 Is
