3970 6324
434 313 533 368 Hi

1746 299 1930 355 FIRM.
1975 292 2339 387 LACTANTII

3632 286 3756 347 112

434 428 543 484 Sed
577 439 673 480 nec
694 424 747 479 in
769 422 906 478 coelo
930 418 1142 490 quidem
1170 416 1322 472 multi
1352 416 1496 471 soles
1535 428 1656 470 esse
1690 423 2016 484 potuerunt,
2045 411 2101 475 Α
2124 409 2329 466 natales
2347 450 2361 477 ,
2394 408 2640 481 conjugia
2659 449 2674 477 ,
2727 407 3037 480 progenies,
3088 407 3316 478 imperia
3342 448 3358 475 ,
3385 420 3476 463 res
3505 415 3705 477 gestas
3731 448 3753 473 ,

439 520 580 576 sicut
609 530 707 571 nec
729 516 919 569 animai
946 512 1126 580 plures
1156 509 1210 563 in
1235 522 1343 563 uno
1371 521 1598 579 corpore
1623 524 1634 559 :
1665 505 1801 563 adeo
1828 506 1884 561 in
1904 506 2025 561 uni-

442 618 555 666 tate
584 617 774 663 natura
803 604 1049 659 universa
1075 600 1365 656 consentit.
1395 598 1551 666 Quod
1576 598 1621 654 si
1643 597 1901 654 mundum

534 723 743 785 Spiritus
758 722 893 785 intus
912 717 997 785 alit
1018 720 1269 777 totamque
1294 712 1451 765 infusa
1474 726 1569 777 per
1589 718 1723 785 artus

531 777 673 835 M'eus
688 784 839 846 agitat
861 779 1061 842 molem,
1088 786 1141 829 et
1159 789 1337 839 magno
1351 790 1407 826 se
1423 789 1630 839 corpore
1648 777 1839 837 miscet,

441 897 663 963 apparet
692 885 1001 944 testimonio
1027 893 1223 954 poetae,
1248 898 1413 939 unum
1453 897 1573 939 esse
1604 882 1788 937 mundi
1826 880 2033 936 habita-

442 993 616 1039 torem
667 982 866 1045 Deum;
909 977 1174 1048 siquidem
1221 990 1418 1045 corpus
1465 990 1624 1031 omne
1671 975 1769 1029 nisi
1817 974 1884 1029 ab
1928 987 2035 1028 una

443 1086 627 1132 mente
657 1075 819 1130 incoli
843 1073 1065 1144 regique
1085 1085 1194 1126 non
1222 1078 1419 1141 potest.
1449 1069 1679 1124 Omnem
1710 1069 1870 1138 igitur
1897 1066 2034 1121 divi-

443 1183 568 1222 nam
596 1175 918 1237 potestatem
958 1176 1179 1219 necesse
1204 1169 1287 1217 est
1321 1161 1377 1215 in
1406 1175 1515 1216 uno
1552 1174 1696 1227 esse,
1722 1159 1875 1228 cujus
1901 1165 2036 1213 nutu

448 1269 503 1314 et
535 1258 762 1328 imperio
791 1263 1046 1327 regantur
1073 1254 1284 1318 omnia;
1315 1261 1367 1308 et
1392 1252 1515 1307 ideo
1535 1260 1714 1307 tantus
1741 1260 1845 1317 est,
1881 1259 1940 1306 ut
1968 1249 2037 1305 ab

449 1352 669 1406 homine
696 1364 803 1408 non
824 1348 1012 1419 possit,
1037 1354 1130 1402 aut
1155 1345 1334 1402 verbis
1360 1344 1623 1410 enarrari,
1655 1352 1747 1398 aut
1787 1342 2036 1399 sensibus

446 1441 721 1498 aestimari.

520 1532 669 1587 [inde
699 1531 858 1601 igitur
885 1528 952 1585 ad
978 1527 1224 1584 homines
1249 1525 1433 1597 opinio
1467 1525 1762 1580 multorum
1806 1524 2035 1581 deorum

447 1602 801 1695 persuasione
824 1619 1103 1691 pervenit?
1135 1618 1399 1674 Nimirum
1422 1616 1457 1672 ii
1486 1631 1698 1683 omnes,
1725 1616 1816 1686 qui
1845 1616 2037 1671 colun-

447 1727 533 1771 tur
556 1723 617 1770 ut
638 1714 734 1781 dii,
758 1712 1007 1767 homines
1034 1709 1273 1774 fuerunt,
1297 1718 1352 1763 et
1377 1707 1536 1763 iidem
1559 1708 1736 1777 primi,
1776 1722 1840 1762 ac
1865 1706 2036 1761 maxi-

2132 503 2331 570 obitus,
2360 502 2607 571 sepulcra
2632 500 3022 557 demonstrant.
3048 498 3118 555 Et
3148 509 3366 556 secutus
3392 514 3491 556 eos
3520 498 3757 554 Tullius

2131 592 2289 648 tertio
2310 591 2378 647 de
2402 590 2603 646 Natura
2624 591 2847 646 deorum
2890 590 3031 646 libro
3064 589 3312 647 dissolvit
3335 582 3585 661 publicas
3616 590 3758 645 reli-

2131 688 2317 758 giones
2348 704 2363 741 :
2393 685 2487 741 sed
2513 693 2695 741 tamen
2716 698 2920 749 veram,
2948 697 3106 754 quam
3134 684 3436 754 ignorabat,
3460 698 3567 738 nec
3597 684 3756 754 ipse,

2133 794 2233 834 nec
2262 780 2396 834 alius
2423 779 2702 848 quisquam
2730 777 2901 847 potuit
2920 775 3201 832 inducere.
3226 773 3381 831 Adeo
3406 784 3462 831 et
3481 775 3606 846 ipse
3635 784 3761 831 tes-

2134 879 2278 926 tatus
2315 879 2416 937 est,
2444 870 2637 926 falsum
2663 870 2880 940 quidem
2906 882 3192 939 apparere,
3232 869 3518 925 veritatem
3552 877 3761 925 tamen

2133 960 2321 1017 latere.
2349 960 2566 1017 Utinam
2595 960 2812 1032 (inquit)
2856 970 2961 1015 tam
2993 960 3147 1015 facile
3175 974 3302 1014 vera
3328 959 3581 1016 invenire
3613 974 3760 1031 pos-

2135 1068 2274 1120 sem,
2306 1068 2464 1122 quam
2493 1052 2627 1107 falsa
2653 1052 3007 1108 convincere!
3042 1050 3196 1118 Quod
3219 1051 3436 1121 quidem
3478 1067 3591 1106 non
3635 1051 3763 1106 dis-

2135 1144 2470 1211 simulanter,
2500 1152 2559 1199 ut
2582 1143 2961 1211 Academicus,
2995 1143 3092 1199 sed
3130 1158 3258 1199 vere
3287 1153 3450 1215 atque
3477 1160 3548 1201 ex
3579 1145 3765 1200 animi

2136 1238 2403 1292 sententia
2442 1235 2794 1305 proclamavit
2823 1251 2838 1291 :
2865 1235 2991 1306 quia
3028 1235 3235 1291 veritas
3274 1234 3529 1290 humanis
3573 1235 3766 1291 sensi-

2135 1328 2236 1384 bus
2277 1329 2393 1384 erui
2442 1342 2710 1399 nunquam
2766 1336 2977 1398 potest,
3007 1327 3151 1397 quod
3178 1327 3394 1397 assequi
3430 1327 3610 1382 valuit
3647 1326 3765 1382 hu-

2138 1441 2296 1481 mana
2339 1424 2695 1496 providentia,
2747 1423 2800 1478 id
2837 1430 3116 1479 assecutus
3145 1432 3264 1489 est,
3310 1432 3370 1477 ut
3416 1422 3555 1477 falsa
3597 1421 3769 1478 dete-

2136 1526 2306 1589 geret.
2336 1516 2603 1587 Quidquid
2633 1515 2775 1570 enim
2804 1514 2985 1569 fictum
3024 1522 3080 1569 et
3105 1512 3539 1569 commentitium
3559 1555 3577 1580 ,
3623 1513 3768 1584 quia

2141 1607 2288 1662 nulla
2313 1607 2522 1662 ratione
2549 1606 2834 1661 subnixum
2876 1614 2980 1672 est,
3013 1605 3170 1660 facile
3208 1604 3554 1659 dissolvitur.
3594 1603 3767 1661 Unus

2139 1708 2223 1755 est
2247 1698 2407 1770 igitur
2439 1699 2706 1768 princeps,
2754 1707 2808 1753 et
2833 1697 2984 1767 origo
3011 1711 3193 1752 rerum
3218 1696 3383 1763 Deus,
3416 1696 3563 1752 sicut
3589 1695 3767 1753 Plato

446 1807 521 1861 mi
549 1820 705 1875 reges
747 1821 762 1858 :
791 1802 887 1859 sed
918 1816 1034 1867 eos,
1078 1808 1170 1855 aut
1193 1801 1265 1855 ob
1291 1800 1563 1863 virtutem,
1600 1812 1704 1867 qua
1727 1798 2039 1867 profuerant
2064 1793 2114 1853 B
2139 1791 2193 1848 iu
2221 1792 2422 1848 Timaeo
2444 1799 2499 1847 ct
2522 1791 2692 1847 sensit
2717 1799 2772 1846 et
2792 1790 3009 1855 docuit;
3039 1789 3193 1861 cuius
3234 1790 3579 1860 maiestate"!
3624 1799 3764 1847 tan-

447 1899 729 1952 hominum
750 1895 958 1967 generi,
982 1882 1181 1947 divinis
1209 1890 1511 1946 honoribus
1536 1888 1758 1943 affectos
1777 1903 1896 1943 esse
1922 1895 2044 1958 post

446 1995 712 2053 mortem;
753 1994 843 2040 aut
870 1983 940 2038 ob
962 1979 1224 2038 beneﬁcia
1252 1990 1308 2036 et
1344 1981 1579 2046 inventa,
1619 1978 1812 2049 quibus
1854 1977 2043 2033 huma-

449 2094 576 2134 nam
596 2077 763 2132 vitam
788 2073 1160 2139 excoluerant,
1188 2070 1552 2127 immortalem
1575 2069 1887 2125 memoriam
1913 2083 2043 2123 con-

446 2177 684 2236 secutos,
714 2166 835 2237 quis
863 2164 1105 2236 ignorat?
1132 2177 1234 2220 nec
1262 2171 1466 2219 tantum
1495 2177 1694 2230 mares,
1722 2162 1816 2217 sed
1846 2171 1898 2218 et
1933 2161 2038 2217 fa:-

2140 1893 2249 1940 tam
2276 1898 2397 1942 esse
2433 1884 2686 1948 declarat,
2720 1892 2779 1937 ut
2818 1898 2919 1938 nec
2965 1890 3147 1938 mente
3180 1881 3610 1953 comprehendi,
3650 1897 3767 1940 nec

2141 1978 2322 2047 lingua
2351 1977 2577 2046 exprimi
2620 1976 2807 2045 possit.

2212 2068 2357 2123 ldem
2387 2076 2611 2123 testatur
2639 2064 2861 2121 Hermes
2879 2107 2894 2132 ,
2923 2081 3082 2136 quem
3109 2065 3301 2121 Cicero
3325 2066 3401 2120 ait
3423 2066 3479 2120 in
3510 2082 3760 2122 numero

2141 2163 2363 2217 deorum
2390 2159 2531 2230 apud
2575 2159 2857 2231 :Egyptios
2884 2158 3099 2224 haberi,
3131 2174 3254 2212 eum
3282 2158 3523 2223 scilicet,
3549 2159 3647 2229 qui
3680 2160 3765 2215 ob

448 2261 645 2316 minas.
687 2256 842 2325 Quod
887 2270 1011 2312 cum
1055 2255 1407 2311 vetustissimi
1446 2254 1670 2311 Graecia:
1713 2254 2039 2325 scriptores,
2138 2254 2391 2308 virtutem
2419 2251 2812 2320 multarumque
2856 2249 3049 2303 artium
3101 2249 3383 2305 scientiam
3414 2249 3766 2320 Trismegis-

447 2366 583 2423 quos
625 2351 704 2406 illi
743 2349 997 2422 θεολὸιγους
1038 2356 1364 2417 nuncupant,
1414 2357 1527 2401 tum
1575 2347 1734 2401 etiam
1778 2347 2039 2414 Romani,
2143 2354 2231 2400 tus
2269 2344 2606 2408 nominatus,
2652 2350 2709 2397 et
2737 2349 2855 2396 erat
2881 2355 2989 2396 non
3033 2339 3196 2394 modo
3236 2339 3505 2406 Platone,
3552 2356 3762 2396 verum

449 2442 668 2498 Grtecos
695 2442 865 2497 secuti
902 2448 959 2495 et
986 2438 1198 2503 imitati,
1227 2438 1454 2503 docent;
1497 2452 1725 2507 quorum
1772 2428 2041 2511 przecipne
2136 2437 2300 2492 etiam
2329 2434 2630 2506 Pythagora
2679 2441 2994 2502 septemque
3044 2432 3151 2486 illis
3196 2431 3537 2501 sapientibus
3589 2431 3767 2503 longe

443 2532 801 2597 Euhemerus,
848 2544 913 2584 ac
960 2536 1146 2585 noster
1175 2527 1527 2597 Ennius,qui
1566 2543 1751 2583 eorum
1798 2530 2038 2586 omnium
2135 2528 2422 2599 antiquior.
2469 2525 2622 2596 Apud
2673 2522 3084 2594 XenOphontem
3137 2523 3397 2579 Socrates
3454 2522 3767 2595 disputans

1791 2663 2151 2723 VARIORUM
2187 2661 2423 2721 NOTAE.

440 2808 597 2863 ﬁrmo
636 2819 703 2860 ex
734 2800 1106 2872 antiquissimo
1138 2797 1458 2853 Taurinensi
1484 2797 1551 2872 _in
1593 2797 1740 2869 Epit.
1768 2812 1816 2854 c.
1857 2798 1895 2852 2
1927 2810 1942 2855 :
1974 2799 2037 2854 Si

446 2877 595 2930 multi
628 2875 727 2930 sint
752 2874 807 2926 in
834 2868 1082 2926 eiamine
1106 2884 1261 2938 apum
1297 2884 1456 2938 reges.
1484 2868 1616 2922 Βωι.

525 2944 825 2999 Potuerunt.
853 2942 925 2996 Ita
958 2955 1060 2994 ms.
1096 2937 1257 3003 Editi,
1287 2937 1542 3007 poterunt.

522 3034 674 3102 Quod
693 3034 758 3098 si,
790 3041 896 3102 etc.
925 3030 1008 3102 Ab
1034 3028 1352 3083 auctoritate
1379 3027 1629 3102 Maronis.
1660 3029 1794 3102 Nam
1826 3030 1881 3084 hi
1916 3046 2038 3087 ver-

446 3098 695 3163 sus'sunt
720 3118 787 3158 ex
816 3100 1069 3155 IEneidos
1093 3109 1247 3153 sexto
1274 3114 1413 3153 vers.
1442 3098 1567 3153 726.
1598 3099 1706 3155 Sed
1735 3101 2044 3157 Lactantius

447 3184 636 3232 noster
652 3174 794 3229 libro
816 3185 984 3235 vu,ca
995 3171 1102 3241 pjte
1124 3170 1307 3241 tertio,
1322 3169 1633 3241 liosversus
1658 3172 1765 3225 alio
1792 3181 2039 3241 torquet:

452 3244 804 3316 reprehendit
826 3242 985 3316 _enim_
1004 3239 1272 3316 Gentilesi
1296 3238 1436 3307 quod
1470 3240 1637 3295 Deum
1660 3238 1917 3309 mentem,
1948 3243 2041 3298 Dei

451 3309 646 3383 corpus
675 3314 928 3367 mundum
962 3310 1203 3383 fecerint.
1235 3309 1555 3383 Bsrunslus.

525 3380 714 3441 Mundi
735 3383 1084 3437 habitatorem.
1115 3380 1259 3452 Lips.
1282 3380 1317 3433 2
1347 3384 1479 3452 etB.
1509 3380 1917 3451 gubernatorem,
1947 3397 2046 3452 ap-

452 3458 579 3523 tius,
609 3466 666 3511 ut
693 3454 922 3517 videtur,
950 3452 1073 3521 quia
1105 3465 1154 3504 c.
1194 3450 1256 3505 10
1281 3450 1522 3523 conditor
1550 3460 1834 3523 rectorque
1857 3450 2045 3508 mundi

451 3520 614 3581 Deus.
656 3526 764 3581 Sed
815 3520 1550 3593 plurimorumhabitatorem
1595 3520 1900 3593 defenditur
1945 3539 2043 3592 per

450 3597 730 3667 sequentia
759 3590 944 3667 ver_ba_,
973 3591 1152 3667 incoli.
1185 3590 1261 3645 lta
1291 3591 1325 3644 Ι.
1360 3590 1700 3667 iv__lnstitut.,
1731 3608 1782 3647 c.
1809 3592 1903 3667 29.
1943 3590 2046 3648 Hic

450 3660 671 3724 mundus
699 3683 802 3718 una
828 3663 925 3717 Dei
953 3662 1134 3715 domus
1164 3670 1256 3725 est,
1283 3671 1329 3713 et
1365 3660 1503 3729 ﬁlius
1524 3678 1583 3714 ac
1610 3672 1773 3731 pater,
1803 3665 1892 3731 qui
1916 3681 2047 3718 una-

449 3739 610 3792 nimes
632 3736 858 3789 incolunt
888 3733 1158 3794 mundum,
1194 3731 1517 3804 Deus_unus.
1550 3732 1710 3787 Forte
1736 3734 2043 3804 legendum,

450 3808 787 3862 habitatorem
813 3814 856 3857 et
881 3803 1288 3874 gubernatorem.
1321 3801 1455 3856 Btm.
1522 3845 1531 3861 ,

523 3898 628 3952 Aut
657 3897 819 3951 verbis
843 3892 1096 3948 enarrari.
1125 3891 1215 3946 Sic
1243 3902 1367 3947 ante
1398 3892 1736 3947 Lactantium
1784 3894 2048 3949 Minucius

452 3968 646 4025 Felix:
688 3966 788 4019 Hic
835 3980 927 4018 nec
972 3962 1132 4016 videri
1179 3971 1369 4031 potest,
1424 3965 1536 4016 visu
1580 3968 1770 4018 clarior
1810 3975 1885 4019 est
1914 3981 1932 4019 :
1960 3980 2050 4019 nec

453 4036 812 4106 comprehendi
851 4042 1033 4103 potest,
1065 4048 1157 4083 nec
1176 4033 1449 4106 (estintari;
1479 4035 1711 4088 sensibus
1740 4036 1905 4105 major
1930 4045 2001 4090 est
2029 4051 2047 4088 :

454 4100 727 4175 Inﬁnitus,
752 4100 1048 4169 immensus,
1090 4110 1137 4153 et
1178 4100 1276 4154 sibi
1317 4102 1436 4165 soli,
1477 4112 1648 4157 tantus
1690 4100 1909 4172 quantus
1954 4114 2045 4171 est,

455 4188 629 4234 ποιω.

532 4268 898 4323 Persuasione.
927 4263 1583 4336 Franciussuspicabatur
1610 4266 1892 4336 legendum
1929 4281 2051 4324 esse

456 4340 844 4414 persuasioque.
863 4365 936 4414 ε·-
954 4334 1316 4414 Persuasione.
1359 4336 1637 4414 Ingeniose
1650 4334 2009 4414 _Heumannus
2027 4379 2042 4403 ,

499 4409 803 4485 «suasione,
832 4407 885 4462 id
908 4415 1009 4485 e_s_t,
1039 4406 1142 4459 sive
1167 4407 1448 4485 persuasio,
1479 4407 1758 4477 legendum
1792 4418 1958 4485 putat.
1988 4408 2047 4464 In
2073 4425 2127 4485 D

512 4481 696 4536 eitum.
725 4477 917 4532 ductus
940 4476 1237 4546 litterarum
1266 4476 1399 4546 tales
1428 4486 1571 4542 sunt,
1619 4486 1676 4531 ut
1705 4476 2048 4546 persuasione

459 4551 568 4620 legi
596 4548 784 4620 possit.
814 4547 958 4620 Sane
984 4544 1245 4620 ablativus
1275 4544 1364 4601 hic
1389 4548 1532 4603 male
1556 4544 1803 4618 quadrat,
1831 4550 1956 4605 licet
1981 4553 2052 4605 sit

461 4615 792 4675 in'omnibus
829 4617 1007 4672 editis.
1039 4615 1171 4669 Bas.

535 4690 644 4755 Dii,
676 4688 903 4743 homines
934 4688 1161 4757 fuerunt.
1188 4684 1389 4740 Eadem
1411 4701 1550 4757 pene
1571 4686 1735 4743 habes
1755 4687 1851 4745 lib.
1880 4705 1899 4743 ι
1928 4688 2045 4744 Div.

459 4761 695 4815 lnstitut.
723 4774 777 4833 cz
808 4759 895 4814 15.
925 4756 1255 4833 Theophilus
1275 4756 1346 4833 ad
1376 4756 1680 4833 A’utolicum
1708 4779 1731 4833 :7
1749 4763 1839 4814 Kal
1863 4762 1932 4815 τὰ
1957 4765 2050 4833 μὲν

457 4832 697 4904 Miserat,
741 4828 808 4904 (Si!
834 4838 950 4904 φῆςἶ
976 4827 1218 4904 σξϐεσθαξ
1266 4829 1409 4904 ᾂεῶν,
1453 4829 1673 4904 ὀνόματά
1715 4832 1824 4887 ἐστι
1864 4827 2049 4904 supch

782 4884 989 4976 Deinde
1019 4898 1173 4965 longa
1207 4884 1514 4954 inductione
1535 4884 1746 4969 'sylvam
1774 4884 2051 4971 esemplo¥

463 4969 580 5025 run'i
609 4970 841 5024 adducit.
878 4969 1202 5023 Bsruwws.

540 5041 655 5107 Qua
685 5036 1128 5111 profuerant._lta_
1167 5051 1295 5111 mss:
1327 5035 1365 5090 2
1398 5038 1605 5095 Bonan.
1654 5041 1831 5111 alique
1872 5042 2047 5098 multi.

463 5106 599 5165 Vide
621 5106 754 5164 infra
781 5106 987 5179 quibus.
1013 5106 1209 5179 Scripti
1233 5106 1301 5179 12
1330 5118 1384 5163 et
1412 5111 1537 5164 editi
1567 5114 1709 5179 quia.

532 5178 882 5262 Immortalem
905 5178 1219 5231 memoriam.
1254 5178 1378 5234 Mss.
1413 5182 1463 5235 7.
1504 5178 1899 5237 immortalitatis
1940 5198 2049 5236 me-

461 5266 696 5304 mortant.

463 5391 485 5446 1
540 5321 874 5445 [fila/remains.
910 5319 983 5373 De
1010 5318 1113 5373 hoc
1136 5317 1337 5375 dictum
1367 5328 1449 5375 est
1472 5321 1568 5376 lib.
1599 5337 1637 5387 ι,
1674 5336 1793 5392 cap.
1826 5321 1889 5376 11
1926 5320 2046 5376 Div.

492 5407 550 5445 ns
580 5408 591 5444 I
621 5408 649 5443 υ
682 5431 694 5443 .

492 5392 694 5445 nstitut.

535 5461 811 5535 Sepulera
835 5460 1193 5535 demonstrant.
1224 5458 1347 5535 __lt_a_
1367 5474 1496 5514 mss.
1535 5461 1572 5514 2
1592 5461 1820 5535 _Bonon.
1854 5466 2049 5535 aliique

463 5532 663 5599 plures.
710 5531 1032 5605 Multimiss.
1076 5542 1131 5605 et
1172 5532 1302 5584 editi
1334 5530 1517 5600 legunt
1557 5532 1867 5599 simulacra;
1905 5530 2049 5605 quod

464 5617 675 5672 parum,
706 5610 797 5654 aut
820 5600 967 5672 nilﬁl
979 5600 1252 5672 probaret.

534 5671 669 5743 Quia
694 5673 900 5743 veritas.
928 5668 1207 5740 Francius,
1256 5668 1418 5737 forte,
1460 5670 1583 5743 quia
1623 5679 1792 5727 autem
1817 5676 2001 5732 vetitas
2027 5692 2048 5736 ε

451 5739 660 5813 alioqui
681 5756 791 5799 non
818 5740 1078 5811 cohaeret.

2067 3043 2113 3105 Ο
2216 3009 2430 3078 Assequi
2464 3006 2642 3060 valuit.
2689 3004 2997 3087 Voluitest
3023 3004 3077 3060 in
3121 3020 3252 3062 mss.

2146 3079 2362 3134 Sentetn
2394 3092 2503 3132 rec.
2534 3078 2729 3134 ferunt.
2760 3085 2957 3134 notuit:
2984 3076 3041 3130 2.
3066 3091 3179 3131 rec.
3213 3092 3252 3132 Cl

2213 2797 2346 2852 Εναὶ
2370 2810 2632 2866 nunquam
2651 2802 2830 2866 potest.
2847 2792 2937 2849 Sic
2945 2792 3261 2866 multimss.
3289 2793 3433 2849 inter
3457 2811 3602 2866 quos
3629 2809 3771 2855 sunt

2142 2863 2498 2938 antiquissimi
2524 2866 2563 2938 2
2584 2863 2743 2931 Ban.,
2776 2863 3066 2934 Reg-Pot.
3098 2864 3203 2920 Pro
3224 2863 3490 2935 nunquam
3518 2869 3580 2922 11
3618 2885 3763 2925 mss.

2145 2935 2452 2994 cum'editis
2482 2935 2681 2990 habent
2707 2952 2827 2989 non.

2941 3009 3077 3080 ;st_in
3121 3020 3252 3062 mss.
3305 3009 3766 3080 quamplurimis.

2186 3076 2363 3148 eptetn
2394 3092 2503 3148 rec.
2534 3078 2729 3148 ferun_t,
2760 3076 3041 3148 potuitrﬂ.
3066 3091 3179 3131 rec.
3213 3088 3268 3132 et
3297 3076 3452 3142 editi,
3473 3076 3684 3135 ὐιιιιιὶι.

2221 3145 2366 3204 Sicut
2395 3147 2549 3202 Plato
2574 3148 2629 3200 in
2658 3145 3056 3216 Timwo.Cujus
3077 3149 3240 3202 verba
3269 3149 3341 3204 ita
3356 3149 3554 3205 Cicero
3578 3163 3770 3207 trans-

2148 3220 2269 3275 tulit
2309 3220 2360 3274 in
2402 3218 2493 3294 lib.
2528 3217 2604 3294 _de
2638 3216 2900 3294 Universo
2928 3234 2951 3294 :_
2973 3218 3137 3294 Atque
3161 3218 3311 3294 illum
3350 3221 3563 3294 quidem
3613 3226 3771 3294 quasi

2148 3299 2411 3359 parentem
2449 3289 2600 3357 hujus
2638 3287 2979 3359 universitatis
3004 3289 3228 3359 invenire
3251 3287 3502 3359 difﬁcile,
3537 3302 3588 3347 et
3627 3287 3766 3349 'cum

2146 3357 2396 3415 inveneris
2417 3398 2432 3424 ,
2461 3359 2691 3413 indicare
2712 3359 2766 3411 in
2793 3357 2976 3428 vulgus
3003 3363 3167 3429 nefas.
3194 3357 3384 3414 ISEDS.

2220 3453 2368 3507 Idem
2398 3460 2609 3506 testatur
2632 3449 2867 3504 Hermes.
2901 3451 3191 3505 Mercurius
3217 3451 3431 3508 scilicet
3461 3453 3559 3509 ille
3605 3455 3769 3511 Tris-

2148 3523 2441 3596 megistus,
2487 3523 2641 3596 cujus
2697 3520 2824 3596 haec
2861 3519 2927 3573 ad
2973 3520 3182 3596 Tatium
3229 3525 3505 3596 sententia
3559 3525 3771 3596 legitur

2148 3590 2290 3661 apud
2314 3593 2586 3648 Stobaeum
2626 3592 2680 3645 in
2711 3590 3067 3662 Cullectaneis
3093 3591 3269 3646 Serm.
3302 3592 3396 3661 80,
3440 3596 3535 3662 qui
3565 3590 3655 3650 es't
3695 3599 3769 3653 de

2149 3664 2261 3718 Diis
2281 3703 2295 3727 ,
2321 3672 2375 3739 et
2400 3662 2709 3739 Physiolog.
2738 3662 2890 3739 circa.
2910 3661 3055 3739 coel._
3084 3677 3148 3715 ac
3182 3662 3371 3739 mund.
3401 3661 3584 3739 Deum
3608 3671 3767 3739 engi-

2150 3746 2259 3789 tare
2277 3734 2448 3786 animo
2472 3731 2685 3800 difﬁcile
2713 3740 2818 3795 est,
2844 3731 3013 3800 eloqui
3039 3732 3372 3800 impossibile.
3400 3736 3602 3791 lsaus.

2222 3802 2417 3929 Citgzro.
2448 3802 2504 3857 ld
2528 3811 2610 3857 est
2637 3802 2750 3857 Cic.
2776 3816 2833 3855 Ill
2859 3801 2980 3856 Nat.
3010 3800 3188 3869 deor.,
3219 3813 3281 3858 ut
3308 3803 3407 3861 lib.
3440 3806 3767 3880 tlnst.itut.,

2222 3890 2267 3929 ι).
2333 3913 2347 3928 .

2149 3888 2267 3945 cap.
2295 3888 2347 3929 o’.

2225 3965 2917 4039 Trismegistusnominatus.
2944 3964 3088 4039 Edit.
3112 3966 3391 4039 Gymnic.,
3422 3972 3763 4029 nominatur.

2150 4036 2511 4109 Trismegistus
2534 4078 2550 4103 ,
2583 4036 2635 4109 id
2663 4044 2744 4091 est
2772 4045 2846 4089 ter
2868 4036 3175 4103 maximus,
3201 4048 3259 4092 ut
3306 4038 3547 4096 habetur
3577 4044 3632 4098 in
3668 4045 3767 4099 tri-

2154 4110 2251 4164 bus
2277 4124 2438 4184 _mss._
2471 4122 2581 4161 rec.
2625 4108 3096 4184 interpretationis
3117 4111 3310 4177 gratia.
3359 4109 3767 4184 Trismegistus

2153 4178 2294 4249 apud
2325 4178 2598 4233 Stobaeum
2630 4176 2805 4249 Serm.
2835 4176 2905 4230 80
2924 4177 2996 4249 d_e_
3018 4176 3147 4232 Diis.

2227 4248 2295 4302 Et
2321 4257 2429 4302 erat
2454 4263 2557 4301 non
2597 4248 2748 4301 modo
2768 4286 2782 4308 .
2812 4254 2918 4301 etc.
2952 4247 3101 4303 Mose
3127 4249 3324 4304 dicitur
3355 4252 3534 4307 multo
3562 4269 3767 4311 recen-

2155 4319 2279 4385 tior,
2307 4328 2366 4394 ut
2385 4317 2649 4372 Marsilius
2671 4332 2735 4373 ex
2756 4316 3055 4394 Augustino
3075 4319 3297 4394 indicat.
3328 4322 3465 4394 Nam
3492 4339 3610 4394 quo
3629 4336 3769 4381 rem.

2154 4404 2287 4464 pore
2317 4388 2491 4464 Moses
2517 4397 2677 4464 natus
2705 4397 2821 4455 est,
2846 4384 3030 4442 floruit
3058 4388 3211 4445 Atlas
3239 4384 3557 4464 astrologus
3579 4438 3594 4459 ,
3631 4397 3768 4451 Pro-

2151 4456 2351 4531 methei
2380 4457 2587 4531 physici
2613 4456 2795 4531 fra_ter,
2825 4472 2888 4511 ac
2908 4467 3183 4531 maternus
3206 4476 3338 4516 avus
3362 4456 3597 4531 maioris
3622 4467 3767 4522 Mer-

2151 4530 2322 4595 curii,
2354 4528 2509 4598 cujus
2539 4528 2626 4584 hic
2668 4528 3050 4598 Trismegistus
3092 4530 3238 4585 ﬁlius
3286 4532 3407 4587 fuit.
3443 4528 3665 4591 Βετυι..
3694 4568 3768 4578 -

2151 4599 2256 4655 Alii
2280 4609 2461 4679 tamen
2492 4601 2633 4653 hunc
2653 4598 3069 4679 :l‘rismegistum
3098 4600 3248 4657 Mose
3275 4604 3451 4659 multo
3478 4609 3769 4679 antiquio-

2151 4685 2266 4726 rem
2296 4670 2460 4725 luisse
2485 4684 2596 4724 non
2622 4669 2741 4725 sine
2765 4684 2925 4725 causa
2954 4679 3162 4740 putant.

2224 4761 2378 4832 Apud
2426 4759 2861 4842 Xenophontem,
2911 4770 3015 4842 etc.
3063 4762 3221 4834 Apud
3280 4765 3767 4842 Xengphontem,

2148 4831 2688 4913 'Arropvnpovsutaéraiv
2711 4840 2902 4901 quarto
2918 4873 2951 4913 ,_
2962 4831 3213 4913 Socrates
3237 4852 3361 4892 cum
3395 4831 3766 4913 Euthydemd

2152 4901 2463 4989 disputans:
2496 4901 2601 4989 non
2633 4905 2816 4985 Deum.
2830 4901 2991 4989 modo
3022 4907 3108 4989 :t'bv
3136 4909 3519 4989 oizovepOtPV't'a“
3539 4901 3765 4989 ἆόρατον

2152 4972 2314 5039 dicit,
2356 4972 2453 5027 sed
2487 4975 2648 5028 etiam
2689 4972 2968 5027 ministros
3005 4975 3232 5032 deorum
3280 4972 3768 5040 iiiviSIbiles‘esse

2152 5043 2620 5124 affirni_at._.A.tq_ue
2650 5043 3309 5124 pau|o__iuferius_animas
3341 5058 3566 5124 nostras
3597 5056 3766 5124 quid-

2152 5113 2274 5193 dam
2302 5114 2370 5193 de
2396 5112 2673 5193 divinitate
2700 5112 3231 5193 participaredqcet.
3263 5119 3390 5174 Ηωο
3404 5112 3770 5193 gienOp'hnn-

2152 5192 2237 5238 tea
2261 5183 2422 5238 verba
2443 5184 2562 5239 vide
2591 5185 2684 5238 lib.
2710 5199 2765 5236 tv
2785 5185 3079 5240 memorab.
3104 5188 3305 5243 Dictor.
3326 5199 3381 5244 et
3403 5183 3634 5248 Factor.
3664 5196 3768 5251 So-

2152 5256 2316 5335 cratis
2344 5255 2486 5335 circa
2517 5255 2784 5335 mediani;
2807 5253 2935 5335 Avitle
2966 5257 3058 5309 lib.
3096 5273 3167 5335 vn
3197 5259 3411 5335 Platon.
3441 5268 3513 5317 de
3545 5263 3685 5335 Leg.
3711 5280 3769 5322 et

2151 5322 2400 5402 Cicernou.
2436 5324 2525 5402 lib.
2567 5341 2585 5378 1
2614 5324 2682 5378 de
2717 5323 2841 5402 _Nat.
2872 5324 3098 5402 dco.r.—
3117 5328 3271 5402 Apud
3315 5322 3766 5402 XenOphoni'em,

2153 5402 2257 5447 etc.
2288 5394 2454 5462 Cujus
2479 5395 2593 5449 hanc
2619 5394 2784 5449 verba
2813 5403 2937 5449 sunt
2965 5394 3058 5451 lib.
3092 5394 3174 5451 1v.‘
3197 5394 3503 5456 Memorab.
3538 5394 3765 5461 Soerat;

2156 5464 2304 5528 Quod
2328 5466 2485 5533 igitur
2514 5465 2601 5543 Pii
2619 5465 2769 5543 sint,
2798 5464 3158 5537 hominumque
3185 5470 3406 5543 habeant
3444 5490 3634 5527 curam
3659 5519 3676 5543 ,
3709 5489 3766 5534 tu

2151 5550 2380 5603 quoque,
2434 5550 2469 5615 ιζ
2505 5535 2845 5615 Euthyde‘me,
2884 5535 3287 5615 cognosces,_si
3334 5558 3437 5597 non
3481 5535 3761 5615 expecies,

2151 5620 2411 5674 quousque
2435 5605 2643 5688 deorum
2667 5605 2849 5688 videris
2871 5605 3064 5688 formas
3082 5625 3101 5676 ,°
3122 5605 3248 5688 satis
3277 5627 3501 5683 namque
3522 5605 3622 5671 erit
3647 5605 3769 5688 ope:

2157 5690 2214 5730 ra
2240 5690 2411 5731 eorum
2435 5675 2838 5748 considerando,
2868 5675 3034 5735 solere
3078 5675 3140 5736 ac
3178 5675 3437 5755 honorare
3476 5700 3606 5755 eos,
3650 5675 3763 5755 εἰς,

3412 5751 3612 5821 Isaae.
