3970 6330
221 332 319 390 M3

221 547 270 601 in
302 547 501 618 Legum
537 551 695 606 libris
728 573 740 608 :
780 572 799 607 ‹
847 554 986 622 Quid
1013 555 1236 611 omnino
1263 557 1334 611 sit
1361 557 1534 622 Deus,
1567 573 1673 612 non
1707 574 1830 614 esse

219 641 611 706 qua-rendum;
644 647 770 713 quia
795 660 896 700 nec
921 646 1148 700 inveniri
1174 648 1362 716 possit,
1395 664 1495 704 nec
1515 650 1823 720 euarrari.|i

221 729 556 801 Pythagoras
586 749 805 806 quoque
853 753 1017 790 unum
1064 737 1236 792 Deum
1281 739 1568 795 confitetur
1602 741 1827 807 dicens,

218 823 621 894 incorporalem
652 843 776 883 esse
805 839 1074 896 mentem,
1117 847 1236 901 quae
1264 847 1363 902 per
1390 848 1608 888 omnem
1650 848 1829 888 rerum

220 925 470 971 naturain
502 919 697 974 diffusa
726 931 782 976 et
808 921 1015 976 intenta
1037 963 1051 987 ,
1085 922 1303 979 vitalem
1351 938 1571 980 sensum
1618 927 1830 983 cunctis

216 1010 585 1066 animantibus
655 1013 876 1070 tribuat.
933 1014 1288 1071 AntiSthenes
1338 1026 1518 1072 autem
1581 1018 1634 1072 in
1683 1018 1829 1089 Phy-

216 1100 334 1153 sico
389 1116 558 1156 unum
614 1117 738 1158 esse
789 1105 1092 1160 naturalem
1152 1107 1319 1162 Deum
1363 1107 1533 1174 dixit,
1584 1109 1830 1178 quamvis

210 1200 409 1260 gentes
437 1203 495 1248 et
529 1194 695 1250 urbes
723 1211 850 1251 suos
878 1196 1117 1253 habeant
1145 1199 1452 1268 populares.
1496 1200 1694 1255 Eadem
1720 1201 1832 1256 fere

213 1291 271 1334 et
297 1282 628 1339 Aristoteles
675 1299 801 1340 cum
830 1287 943 1342 suis
985 1288 1381 1358 peripateticis,
1430 1298 1485 1345 et
1514 1289 1660 1345 Zeno
1706 1305 1830 1346 cum

210 1375 332 1430 suis
365 1377 573 1432 stoicis.
606 1377 854 1447 Longum
883 1389 967 1436 est
997 1381 1140 1436 enim
1174 1383 1507 1452 singulorum
1530 1383 1830 1439 sententias

211 1467 466 1535 exequi,
515 1469 606 1538 qui
652 1469 777 1525 licet
805 1470 1036 1528 diversis
1065 1473 1372 1527 nominibus
1416 1475 1525 1528 sint
1548 1474 1731 1540 abusi,
1761 1474 1831 1530 ad

213 1571 386 1611 unam
418 1567 596 1614 tamen
627 1570 970 1630 potestatem,
1003 1579 1122 1633 qua;
1147 1565 1404 1620 mundum
1433 1576 1681 1637 regeret,
1701 1582 1831 1621 con-

215 1661 531 1704 currerunt.
564 1650 672 1706 Sed
721 1661 898 1708 tamen
929 1668 1199 1709 summum
1231 1657 1396 1712 Deum
1419 1698 1433 1721 ,
1466 1672 1588 1712 cum
1629 1667 1683 1712 et
1709 1658 1830 1728 phi-

211 1739 469 1808 losophi,
501 1750 555 1796 et
584 1752 780 1812 poette,
815 1754 870 1800 et
911 1745 1013 1814 ipsi
1058 1745 1291 1816 denique
1319 1748 1408 1818 qui
1450 1749 1580 1803 deos
1605 1749 1827 1816 colunt,

1534 344 1738 401 LIBER
1778 345 1868 403 DE
1907 347 2025 404 [BA
2065 348 2195 405 DEI.

218 454 323 520 ait,
372 469 391 504 ι
426 452 660 512 formam
692 457 791 515 Dei
818 475 924 516 non
955 466 1208 531 oportere
1230 462 1506 534 conquiri;
1545 481 1563 515 ι
1591 474 1645 519 et
1671 465 1825 520 Plato
1849 471 1906 528 Α

3430 346 3537 406 114

2539 466 2768 523 CAPUT
2817 468 2931 523 XII.

2326 580 2406 635 De
2451 581 2694 652 religione
2729 594 2776 637 et
2807 583 2902 638 Dei
2930 584 3130 639 timore.

2005 736 2154 791 Nunc
2203 737 2455 805 quoniam
2506 739 2881 806 respondimus
2927 741 3103 810 impia:
3153 743 3508 811 quorumdam

1933 828 2346 898 detestabilique
2383 830 2720 900 prudentitc,
2751 833 2833 885 vel
2885 835 3059 902 potius
3106 835 3357 889 amentim
3380 878 3394 899 ,
3442 850 3530 888 re-

1930 920 2152 974 deamus
2177 920 2243 974 ad
2272 921 2623 990 pr0positum.
2663 922 2934 989 Diximus,
2983 925 3247 994 religione
3285 927 3527 992 sublata,

1931 1026 2031 1066 nec
2057 1012 2377 1079 sapientiam
2422 1013 2593 1066 teneri
2625 1028 2813 1081 posse,
2839 1029 2938 1070 nec
2961 1013 3255 1084 justitiam;
3284 1016 3408 1085 quia
3439 1032 3527 1070 sa-

1931 1100 2130 1171 pientia
2159 1101 2457 1156 divinitatis
2499 1103 2808 1159 intellectus
2835 1113 2948 1169 est,
2998 1119 3106 1174 quo
3155 1105 3450 1161 dill‘erimus
3499 1122 3532 1160 τι

1931 1192 2162 1247 belluis:
2205 1193 2258 1247 in
2287 1192 2509 1249 homine
2554 1195 2672 1250 solo
2701 1195 2928 1266 reperiri
2968 1195 3264 1264 justitiam,
3293 1211 3396 1263 qua
3427 1197 3532 1250 nisi

1931 1285 2254 1355 cupiditates
2278 1295 2491 1341 nostras
2521 1287 2694 1353 Deus,
2719 1289 2807 1357 qui
2836 1287 2948 1342 falli
2979 1303 3086 1342 non
3133 1297 3340 1358 potest,
3373 1303 3530 1344 coer-

1931 1377 2142 1443 cuerit,
2184 1377 2445 1433 scelerate
2490 1377 2759 1448 impieque
2803 1379 3064 1434 vivemus.
3100 1379 3347 1449 Spectari
3393 1393 3528 1449 ergo

1931 1480 2085 1525 actus
2113 1478 2330 1526 nostros
2367 1485 2398 1524 a
2443 1470 2586 1538 Deo,
2616 1485 2723 1526 non
2768 1472 2930 1527 modo
2967 1477 3033 1527 ad
3065 1473 3350 1528 utilitatem
3377 1487 3530 1527 com-

1932 1559 2112 1613 munis
2138 1560 2262 1614 vitae
2289 1560 2512 1626 attinet,
2547 1561 2641 1616 sed
2664 1561 2826 1616 etiam
2854 1562 2920 1616 ad
2947 1563 3266 1629 veritatem;
3297 1565 3420 1634 quia
3443 1579 3532 1618 re-

1932 1650 2130 1720 ligione
2151 1651 2468 1721 justitiaque
2493 1652 2733 1707 detracta
2756 1696 2770 1720 ,
2801 1654 2886 1709 vel
2916 1654 2984 1708 ad
3033 1655 3311 1710 stultitiam
3361 1669 3532 1726 pecu-

1932 1743 2060 1798 dum
2099 1746 2296 1799 amissa
2343 1746 2552 1800 ratione
2598 1745 2953 1812 devolvimur,
2999 1747 3084 1801 vel
3117 1747 3182 1802 ad
3230 1748 3530 1804 bestiarum

209 1844 370 1896 saepe
416 1830 728 1898 fateantur;
775 1835 843 1890 de
887 1837 1037 1891 cultu
1069 1847 1244 1892 tamen
1289 1848 1343 1893 et
1389 1839 1682 1894 honoribus
1712 1841 1828 1908 ejus
1858 1853 1907 1912 B
1935 1836 2362 1891 immanitatem:
2413 1835 2520 1890 imo
2547 1851 2677 1892 vero
2720 1837 2984 1908 amplius;
3036 1836 3305 1908 siquidem
3338 1837 3529 1894 bestia:

215 1935 389 1976 nemo
419 1939 656 1993 unquam
687 1927 990 1996 requisivit
1033 1943 1193 1984 nemo
1224 1929 1510 1995 disseruit;
1539 1946 1602 1984 ea
1624 1932 1831 1987 scilicet

208 2015 609 2081 persuasione,
640 2031 748 2086 qua
771 2031 988 2087 semper
1015 2019 1316 2075 beneficum
1348 2022 1829 2094 incorruptumque

210 2103 544 2169 credentes,
579 2121 684 2162 nec
729 2108 888 2164 irasci
918 2124 1042 2164 eum
1069 2110 1321 2180 cuiquam
1343 2152 1356 2177 ,
1386 2127 1486 2167 nec
1531 2113 1639 2167 ullo
1680 2115 1828 2170 cultu

207 2193 468 2264 indigere
493 2198 846 2253 arbitrantur.
889 2197 1040 2256 Adeo
1070 2202 1261 2273 religio
1305 2217 1426 2259 esse
1470 2219 1575 2259 non
1608 2213 1824 2276 potest,

213 2286 312 2340 ubi
342 2296 524 2343 metus
546 2289 731 2346 nullus
755 2300 857 2346 est.

1936 1929 2022 1983 sui
2066 1928 2284 1998 generis
2313 1927 2636 1983 animalibus
2685 1939 2931 1999 parcunt.
2980 1929 3118 1996 Quid
3159 1929 3262 1985 erit
3311 1929 3533 1985 homine

1935 2021 2324 2088 truculentius,
2356 2021 2484 2092 quid
2515 2021 2777 2077 immitius
2800 2061 2815 2088 ,
2846 2025 2892 2078 si
2939 2021 3158 2092 dempto
3187 2031 3336 2078 metu
3363 2037 3531 2092 supe-

1932 2112 2076 2168 riore
2096 2155 2111 2178 ,
2138 2113 2245 2166 vim
2277 2114 2453 2183 legum
2501 2121 2595 2168 aut
2621 2113 2824 2170 'fallere
2868 2114 3139 2184 potuerit,
3171 2123 3263 2168 aut
3289 2123 3532 2169 contem-

1933 2206 2098 2261 nere?
2123 2206 2307 2261 Timor
2333 2206 2493 2276 igitur
2522 2207 2614 2262 Dei
2656 2207 2804 2262 solus
2835 2215 2948 2274 est,
2977 2208 3068 2277 qui
3095 2207 3330 2263 custodit
3357 2206 3533 2262 homi-

1933 2312 2060 2352 num
2100 2299 2242 2352 inter
2271 2311 2331 2352 se
2370 2296 2720 2364 societatem,
2757 2312 2852 2368 per
2878 2312 3040 2369 quem
3067 2299 3176 2354 vita
3207 2299 3322 2369 ipsa
3368 2297 3534 2354 susti-

1552 2386 1916 2446 VARIORUM
1953 2387 2185 2444 ΝΟΤᾸΕ.

291 2493 360 2547 Et
389 2492 565 2571 Plato‘
585 2497 653 2571 in»
668 2495 862 2567 Legum
891 2497 1035 2571 libris
1055 2538 1068 2563 ,
1103 2506 1208 2553 etc.
1259 2499 1314 2571 In
1365 2501 1593 2571 septimo
1620 2503 1687 2558 de
1719 2504 1822 2560 Le-

210 2566 374 2635 gibus
424 2569 504 2620 sic
553 2566 821 2636 legimus,
850 2569 952 2622 sub
994 2583 1222 2634 persona
1271 2566 1496 2638 hospitis
1525 2575 1822 2628 Athenien-

213 2638 326 2688 sis:
360 2640 454 2714 Τὸ)
481 2640 717 2714 piytng
745 2641 851 2714 Osca
879 2681 893 2702 ,
930 2643 1012 2694 καὶ
1055 2639 1164 2694 070v
1197 2642 1279 2694 τὸν
1309 2644 1491 2714 κόσμον
1518 2648 1676 2714 φαμὲν
1705 2645 1819 2701 οὔτε

213 2712 391 2788 gnata
417 2707 561 2788 δεῖν.
578 2707 694 2765 οὔτε
714 2711 1164 2788 ’πολ-ιξπραγμονεῐν
1189 2715 1283 2771 τὰς
1305 2707 1467 2774 αἰτίας·
1492 2707 1818 2788 ἐρεΰνῶντας.

211 2779 638 2903 ¹ξιηιιᾶῃιειείιεηιι
681 2779 1072 2836 similia'etiam
1113 2784 1166 2837 in
1210 2799 1242 2836 x
1265 2825 1280 2851 ,
1313 2785 1408 2838 sed
1460 2779 1566 2840 huc
1591 2800 1697 2840 nou
1731 2803 1820 2842 re-

239 2864 368 2903 eren
415 2865 466 2903 a.
1669 2895 1678 2901 .

239 2864 466 2906 erenaa.
1669 2895 1678 2901 .

291 2917 627 2997 Pythagoras
649 2937 848 2997 quoque
869 2963 882 2984 ,
912 2923 1242 2997 etc._Simile
1267 2925 1522 2994 quiddam
1567 2936 1650 2981 est
1680 2927 1822 2997 apud

210 2991 332 3046 Cic.
384 2991 439 3044 in
469 2991 981 3068 primo’deNatura
1011 2994 1236 3068 deorum
1259 2991 1500 3066 {nempe
1548 2991 1822 3068 Pythago-

213 3076 335 3115 ram
361 3064 642 3117 censuisse
661 3104 676 3125 ,
711 3063 876 3117 Deum
903 3079 1023 3119 esse
1054 3063 1296 3120 animum
1329 3063 1707 3134 per—naturam
1726 3063 1824 3124 re-

210 3147 340 3208 rum
368 3147 587 3208 omnem
617 3134 881 3188 intentum
913 3143 1392 3208 etgcommeantem
1412 3178 1426 3203 ,
1459 3153 1524 3192 ex
1557 3155 1664 3208 quo
1692 3155 1822 3194 "OS-

211 3204 285 3262 tri
337 3203 504 3258 animi
549 3215 922 3272 carperentur.
953 3206 1084 3272 Quae
1118 3215 1294 3262 tamen
1342 3223 1372 3262 a
1423 3203 1625 3263 Velleio
1653 3211 1816 3265 etiam

213 3273 490 3346 Epicureo
521 3275 1028 3346 reprehenduntur;
1055 3292 1232 3346 neque
1259 3278 1550 3334 immerito.
1577 3280 1822 3336 Crassior

209 3355 302 3418 est
333 3344 421 3397 illa
445 3387 460 3410 ,
488 3359 610 3418 quae
638 3344 834 3414 legitur
870 3348 1010 3418 apud
1040 3344 1400 3416 Epiphanium
1421 3391 1436 3415 ,
1481 3358 1536 3405 et
1565 3351 1722 3418 plane
1752 3353 1820 3406 ab

212 3415 319 3468 hac
347 3426 532 3487 nostra
555 3416 868 3484 discrepans
889 3460 902 3483 ,
935 3417 1026 3472 ubi
1053 3415 1316 3487 Epicurus
1341 3420 1506 3474 Deum
1532 3415 1636 3474 non
1663 3436 1820 3476 men-

210 3495 324 3539 tem
344 3529 358 3551 ,
389 3486 487 3539 sed
518 3501 716 3555 corpus
745 3487 893 3540 facit.
927 3487 1032 3542 Sed
1063 3486 1128 3544 ex
1155 3487 1378 3544 Platone
1423 3491 1476 3544 in
1518 3507 1570 3544 χ.
1614 3491 1682 3545 de
1711 3491 1819 3546 Le-

209 3557 324 3630 gib.
351 3558 516 3630 astra
541 3573 653 3630 non
683 3557 908 3630 deorum
938 3573 1162 3630 corpora
1192 3559 1318 3614 facit
1350 3560 1488 3616 idem
1513 3561 1816 3630 Epicurus;

209 3627 311 3682 sed
357 3626 494 3682 deos
537 3628 724 3696 ipsos:
760 3627 953 3682 librum
1003 3629 1246 3685 Platonis
1274 3631 1455 3685 adeas.
1505 3626 1653 3685 Hanc
1681 3626 1817 3687 deti;

212 3698 479 3770 tuitionem
502 3739 518 3764 ,
551 3713 672 3767 qua:
704 3697 792 3770 hic
817 3698 1034 3770 citatur,
1067 3701 1417 3770 produximus
1456 3717 1616 3770 supra
1647 3702 1738 3756 lib.
1766 3719 1811 3769 ι,

212 3783 339 3839 cap.
388 3769 458 3834 5,
492 3772 635 3824 sicut
677 3769 842 3824 etiam
869 3769 1205 3828 Antistlieuis
1228 3772 1448 3842 jamjam
1477 3783 1812 3841 sequentem.

1467 3844 1672 3897 Βετυι..

207 3911 700 4036 delncorporalem.
733 3909 959 3982 Pythag.
992 3911 1134 3982 apud
1167 3912 1281 3968 Cic.
1311 3913 1408 3970 lib.
1441 3930 1458 3968 ι
1503 3913 1572 3968 de
1617 3914 1814 3969 Natura

281 3998 463 4036 orum.

247 3997 316 4039 eo
322 3998 382 4036 ΠΙ
391 3998 442 4035 [11
451 4023 463 4035 .

281 4053 499 4120 Di/fusa
540 4061 587 4107 et
627 4055 838 4108 intenta.
891 4053 1042 4110 Lact.
1076 4054 1143 4108 de
1170 4055 1312 4124 Upil’.
1360 4070 1407 4109 c.
1450 4055 1518 4109 16
1567 4072 1578 4107 :
1627 4054 1814 4108 Divina

210 4141 355 4179 mens
396 4124 497 4178 Dei
527 4140 619 4193 per
660 4125 920 4179 universas
962 4126 1138 4178 mundi
1170 4137 1342 4193 partes
1379 4127 1572 4180 intenta
1608 4125 1812 4178 discur-

208 4198 430 4250 rit......
452 4196 640 4266 ubique
660 4194 874 4261 diffusa.
901 4197 1164 4250 Minucius
1192 4196 1306 4251 Fel.
1338 4211 1458 4263 cap.
1488 4197 1552 4251 l9
1577 4214 1589 4248 ε
1614 4195 1813 4266 Pytha-

207 4282 354 4336 gora:
386 4265 526 4320 Deus
555 4275 628 4320 est
673 4267 875 4320 animus
918 4282 1007 4330 per
1045 4267 1330 4319 universam
1359 4283 1528 4319 rerum
1576 4265 1813 4319 naturam

206 4354 506 4392 commeans
527 4347 574 4391 et
603 4337 850 4400 intentus,
881 4353 944 4390 ea:
962 4353 1060 4407 quo
1083 4339 1236 4390 etiam
1260 4338 1560 4390 animalium
1586 4338 1812 4390 omniunt

205 4409 316 4460 vita
341 4409 602 4476 capiatur.
635 4407 852 4462 Confer.
897 4407 1046 4462 Lact.
1082 4407 1172 4460 lib.
1205 4422 1254 4472 ι,
1287 4423 1405 4474 cap.
1434 4409 1468 4462 5
1514 4425 1528 4463 :
1563 4409 1808 4474 Quamvis

207 4479 323 4548 ipse
355 4496 448 4546 per
468 4489 632 4532 totunt
657 4495 711 4532 se
739 4494 922 4548 corpus
947 4478 1248 4531 intenderat.
1279 4478 1409 4532 BUN.

287 4551 620 4605 Antisthenes
641 4559 810 4602 autem
831 4547 884 4602 in
908 4550 1136 4619 physico.
1165 4549 1390 4617 Respice
1411 4548 1476 4602 ad
1501 4548 1590 4603 lib.
1617 4547 1810 4603 ilusti-

210 4630 339 4686 tnt.,
371 4637 493 4690 cap.
524 4621 577 4676 6.
617 4621 894 4675 Ciceronis
925 4621 1085 4674 verba
1132 4629 1256 4672 sunt
1283 4619 1351 4673 de
1391 4620 1592 4690 Natura
1631 4620 1804 4684 (lcor.,

210 4693 306 4745 lib.
337 4708 391 4754 ι,
423 4688 544 4760 cap.
571 4692 637 4746 15
668 4709 683 4746 :
711 4691 1032 4745 Antisthenes
1071 4691 1123 4743 in
1149 4706 1205 4743 eo
1236 4690 1364 4743 libro
1385 4731 1400 4754 ,
1441 4691 1526 4759 qui
1557 4688 1812 4760 Physicus

208 4763 536 4828 inscribitur,
587 4764 859 4832 populares
902 4762 1023 4814 deos
1064 4761 1283 4824 multos,
1330 4761 1613 4814 naturalem
1655 4777 1811 4814 unum

206 4849 320 4887 esse
350 4835 556 4899 dicens,
589 4834 729 4887 tollit
761 4835 864 4886 vim
895 4843 948 4886 et
975 4841 1219 4886 naturam
1255 4832 1502 4886 deorum.
1533 4832 1700 4886 CELL.

285 4904 537 4974 Physica.
573 4905 732 4958 Liber
759 4903 854 4956 fuit
878 4902 1234 4974 Antistheuis.

203 4993 206 4998 '
285 4973 431 5030 SuOs
459 4975 680 5028 habeant
707 4975 1000 5042 populares.
1031 4973 1156 5027 Mss.
1188 4973 1220 5028 9
1241 4973 1442 5027 addunt
1471 4973 1609 5026 deos.

284 5045 490 5100 Eadem
513 5049 622 5118 fere
651 5056 697 5099 et
723 5045 1016 5118 Aristoteles
1039 5085 1052 5109 ,
1080 5054 1201 5118 etc._
1220 5044 1382 5118 Libro
1415 5045 1607 5110 primo,
1641 5044 1812 5118 capite

211 5117 267 5172 5.
304 5114 620 5172 Lactantius
648 5125 731 5170 est
765 5115 1042 5170 confessus
1066 5156 1079 5179 ,
1114 5114 1456 5170 Aristotelem
1484 5129 1664 5169 secum
1697 5116 1807 5167 dis-

212 5188 436 5252 sidere;
469 5189 520 5241 in
549 5201 758 5240 summa
782 5195 986 5249 tamen,
1015 5185 1246 5239 Mentem
1267 5200 1388 5240 esse
1415 5186 1596 5238 mundi
1625 5186 1813 5254 prznsi-

211 5259 363 5313 dem.
398 5259 475 5314 De
505 5259 594 5312 illa
631 5259 746 5326 ipsa
766 5271 894 5311 vero
923 5256 1258 5310 dissensione
1285 5257 1402 5325 lege
1427 5256 1537 5310 Cic.
1563 5256 1614 5326 in
1640 5255 1812 5323 primo

209 5329 281 5385 de
305 5329 505 5384 Natura
520 5325 768 5383 deorum.
788 5328 1160 5381 Bercta—De
1173 5327 1447 5381 Aristotel.
1477 5336 1532 5381 et
1564 5325 1810 5393 Zenone,

210 5402 339 5456 vide
363 5400 614 5455 Ciceron.
645 5398 736 5454 lib.
765 5414 778 5452 ι
806 5398 873 5452 de
903 5399 1020 5452 Nat.
1051 5398 1202 5453 deor.

287 5473 352 5526 Et
398 5472 543 5526 Zeno
564 5512 580 5536 ,
613 5478 720 5524 etc.
752 5468 888 5524 Vide
922 5470 1142 5524 omnino
1167 5469 1502 5524 Lactantium
1551 5468 1725 5536 ipsum
1754 5477 1810 5522 et

210 5541 531 5601 Ciceronem
569 5541 703 5595 locis
735 5539 844 5608 jam
891 5541 1087 5608 saepius
1127 5541 1332 5605 citatis,
1371 5539 1462 5594 ubi
1493 5540 1642 5605 lucc,
1691 5554 1812 5608 qua:

209 5614 295 5669 hic
324 5617 374 5670 in
404 5614 594 5670 medio
623 5625 886 5680 suspensa
915 5612 1308 5681 relinquuntur,
1345 5610 1690 5666 excutiuntur
1716 5609 1813 5664 di-

199 5686 473 5744 liaentius.

240 5703 690 5814 gzgiingrrerunt.
734 5751 824 5806 Sic
849 5752 1059 5806 restitui
1105 5767 1172 5807 ex
1214 5752 1395 5806 multis
1425 5752 1586 5809 editis
1611 5759 1665 5807 et
1693 5766 1811 5805 om-

191 5830 351 5890 nibus
383 5844 522 5886 mss.
574 5835 774 5895 przctcr
824 5823 845 5875 l
895 5823 1047 5878 Coll).
1096 5837 1205 5879 rec.
1237 5824 1290 5879 iu
1319 5838 1454 5893 quo,
1499 5834 1557 5880 ut
1603 5823 1746 5879 etin
1776 5821 1808 5874 3

1834 4497 1890 4556 D

1927 2505 2140 2560 excusis
2161 2545 2176 2567 ,
2199 2514 2281 2559 est
2302 2516 2628 2559 concurrunt.

2000 2575 2395 2646 Detestabilique
2420 2577 2723 2642 prudentia.
2769 2576 3001 2631 Malebat
3039 2577 3298 2631 Francius
3344 2576 3525 2646 legere

1896 2669 1903 2675 -
1928 2646 2278 2716 impudentiaz.
2309 2647 2376 2700 At
2403 2646 2682 2713 legendum
2710 2661 2831 2702 cum
2859 2663 2989 2701 mss.
3021 2648 3336 2716 Regio-Put.
3376 2649 3526 2702 aliis-

1933 2730 2040 2786 que
2067 2715 2276 2779 decem,
2303 2727 2357 2771 et
2381 2717 2415 2768 2
2443 2726 2550 2770 vet.
2581 2717 2704 2771 edd.
2732 2718 2889 2771 Rom.
2918 2733 2980 2771 ac
3006 2715 3176 2772 Betul.
3212 2717 3520 2786 prudentiaz,

1925 2787 1980 2840 id
2008 2797 2092 2842 est
2117 2787 2394 2857 sapientiae
2439 2787 2520 2858 vel
2561 2789 2802 2842 scientire
2851 2789 3131 2858 gentilium
3167 2787 3518 2858 pbi1050pho-

1928 2873 2046 2911 rum
2067 2899 2080 2919 ,
2118 2866 2176 2911 ut
2205 2859 2437 2911 sumitur
2466 2857 2564 2910 hac
2591 2859 2812 2912 notione
2833 2857 2970 2924 apud
3002 2857 3176 2913 Cicer.

2002 2927 2136 2998 Quia
2161 2929 2411 2996 sapientia
2438 2928 2717 2982 divinitatis
2741 2930 3024 2982 intellectus
3047 2939 3138 2982 est.
3176 2929 3385 2998 Sequor
3413 2928 3523 2983 lec-

1926 2997 2128 3054 tionem
2155 2999 2654 3068 antiquissimorqu
2686 3009 2742 3053 et
2768 3009 2880 3068 opt.
2910 3000 3156 3054 codicum
3189 2997 3320 3054 mss.
3351 2999 3386 3052 2
3417 2999 3520 3053 Bo-

1927 3083 2079 3133 non.,
2115 3070 2149 3124 5
2176 3069 2442 3132 Colbert.,
2473 3069 2652 3124 Baluz.
2685 3080 2738 3122 et
2765 3070 2852 3124 ed.
2893 3070 3127 3124 Plantin.
3169 3071 3445 3137 probatam
3491 3085 3524 3124 a

1927 3137 2220 3193 Thomasio
2249 3141 2300 3194 in
2349 3139 2490 3193 notis
2529 3140 2639 3193 suis
2663 3183 2677 3204 ,
2708 3141 2777 3194 ls.
2809 3139 3003 3208 Spark.
3039 3139 3232 3194 Caeteri
3278 3139 3521 3194 multifa-

1925 3209 2060 3264 riam
2092 3210 2275 3281 legunt
2303 3230 2316 3265 :
2347 3211 2434 3264 alii
2467 3212 2627 3274 dum;
2655 3211 2809 3265 alteri
2830 3227 2944 3264 cum
2974 3211 3256 3264 divinitatis
3285 3211 3518 3264 intellec-

1925 3291 2146 3336 tus......
2176 3281 2483 3350 reperiatur,
2506 3282 2803 3350 justitiam;
2833 3281 2922 3335 alii
2939 3282 3148 3351 justitia
3178 3297 3196 3334 :
3225 3281 3360 3334 hanc
3395 3295 3519 3350 pos-

1925 3359 2150 3404 tremam
2181 3365 2366 3406 vocem
2397 3352 2576 3418 plures
2607 3361 2961 3421 respuunt.—-
2987 3352 3123 3418 Quia
3164 3351 3416 3421 sapientia
3446 3361 3521 3406 est

1922 3421 2202 3474 divinitatis
2246 3422 2560 3483 intellectus,
2621 3434 2724 3476 etc.
2793 3421 3021 3478 Secutus
3067 3437 3184 3475 sum
3233 3423 3518 3476 lectionem

1921 3505 2055 3545 mss.
2083 3493 2433 3561 optimorum.
2463 3501 2517 3546 et
2547 3492 2900 3547 Plantiuianae
2928 3492 3228 3560 probatam,
3257 3501 3312 3545 et
3338 3492 3517 3560 expli-

1921 3571 2095 3616 catam
2123 3579 2153 3616 a
2195 3562 2486 3616 Thomasio
2532 3563 2583 3615 in
2631 3565 2741 3618 suis
2772 3563 2933 3618 notis.
2965 3562 3229 3626 Antonius
3255 3563 3515 3630 Augusti-

1921 3647 2022 3686 nus
2047 3648 2146 3702 pro
2175 3648 2241 3687 eo
2270 3633 2411 3702 quod
2443 3633 2656 3702 legitur,
2687 3633 2756 3686 In
2801 3633 3002 3686 homine
3027 3632 3135 3684 solo
3160 3633 3373 3702 reperiri
3392 3633 3516 3702 jus-

1920 3701 2114 3766 titiam,
2148 3703 2414 3768 malebat,
2450 3701 2516 3756 In
2540 3703 2742 3756 homine
2767 3703 2876 3757 solo
2903 3703 3152 3769 reperitur
3167 3701 3393 3770 justitia.
3418 3701 3516 3754 lm-

1918 3776 2091 3841 pressi
2117 3775 2235 3828 libri
2261 3774 2371 3828 fere
2400 3787 2589 3828 omnes
2619 3774 2854 3837 habent,
2889 3773 3017 3825 Cum
3045 3771 3325 3824 divinitatis
3354 3772 3511 3824 intel-

1919 3846 2076 3896 lectus
2099 3885 2112 3908 ,
2139 3861 2238 3913 quo
2266 3843 2552 3910 di/ferimus
2579 3860 2610 3896 a
2641 3843 2822 3897 belluis
2841 3883 2856 3907 ,
2895 3844 2949 3895 in
2986 3842 3188 3913 homine
3227 3843 3336 3894 solo
3363 3857 3513 3909 repe-

1916 3913 2104 3980 riatur,
2131 3911 2232 3982 qua
2259 3915 2356 3967 nisi
2380 3914 2686 3982 cupiditates
2706 3955 2721 3978 ,
2746 3923 2852 3968 etc.
2885 3927 3044 3982 quam
3069 3911 3354 3966 lectionem
3385 3927 3504 3966 mu-

1917 3983 2067 4036 tilam
2093 3981 2232 4050 esse,
2255 3999 2354 4040 nec
2375 3981 2511 4037 bene
2536 3998 2656 4038 cum
2683 3981 3052 4051 superioribus
3071 3981 3370 4049 colimrere,
3393 3997 3511 4037 om-

1917 4068 2046 4114 nes,
2079 4063 2137 4108 ut
2165 4065 2293 4122 puto
2317 4095 2332 4120 ,
2367 4055 2684 4124 intelligunt.
2719 4055 2850 4109 BUN.

1992 4125 2221 4194 Reperiri
2236 4125 2514 4195 justitiam.
2543 4122 2613 4178 Ita
2651 4140 2781 4181 mss.
2811 4126 2846 4179 Ξ
2874 4125 3108 4190 Βοηοη.,
3139 4124 3174 4178 '5
3197 4122 3377 4190 Colb.,
3411 4123 3513 4178 Ba-

1917 4193 2023 4248 luz.
2057 4193 2111 4249 lin
2137 4193 2256 4250 aliis
2278 4204 2359 4249 est
2379 4196 2680 4263 reperiatur.

1992 4265 2108 4331 Qua
2145 4267 2241 4320 nisi
2276 4267 2597 4334 cupiditates.
2631 4268 2720 4322 Sic
2749 4265 2870 4335 lego
2899 4281 3020 4320 cum
3060 4281 3190 4320 mss.
3222 4265 3257 4318 2
3287 4264 3446 4334 Reg,
3475 4267 3509 4320 5

1916 4334 2180 4401 Colbert.,
2208 4337 2434 4396 Christ.,
2481 4337 2731 4398 Merlon.,
2760 4334 2931 4403 Lips.,
2967 4337 3128 4401 Ultr.,
3161 4338 3305 4399 Etn.,
3338 4337 3507 4390 Bruu.

1915 4415 1968 4460 et
1998 4407 2083 4476 ed.
2119 4407 2363 4469 Fasite|.,
2393 4407 2555 4460 Basil.
2592 4408 2733 4463 ’1552
2759 4449 2774 4471 ,
2802 4407 2992 4476 Eguat.
3024 4408 3136 4470 AL,
3169 4407 3310 4476 quia.

1989 4475 2256 4547 Impieque
2305 4479 2543 4531 vivemus.
2592 4477 2666 4531 lta
2699 4475 2886 4532 omnes
2931 4493 3063 4532 mss.
3113 4475 3324 4533 et’vet.
3375 4475 3508 4531 edd.

1916 4546 2083 4628 Rom.
2103 4564 2211 4603 non
2253 4558 2310 4603 ut
2350 4549 2404 4602 iu
2436 4549 2596 4604 editis
2627 4550 2926 4602 viveremus.
2956 4547 3089 4602 Nam
3121 4549 3331 4603 dixerat
3361 4564 3507 4602 coer-

1914 4628 2091 4671 cuertt.

1986 4688 2162 4743 Actus.
2196 4690 2298 4744 Pro
2329 4692 2527 4745 actione
2552 4690 2714 4745 etiam
2741 4687 2878 4744 infra
2904 4704 3026 4759 cap.
3059 4689 3146 4755 1⁵1,
3173 4689 3499 4759 singulorum

1913 4770 2056 4813 actus
2085 4761 2459 4814 animadvertit.

1986 4830 2253 4900 Religione
2275 4832 2579 4901 justitiaque
2608 4831 2856 4901 detracta.
2891 4829 3017 4901 Haec
3048 4827 3249 4881 locutio
3274 4827 3508 4901 Lactan—

1917 4901 1970 4952 tii
2001 4899 2118 4963 est,
2145 4899 2396 4971 illamque
2427 4903 2477 4954 iu
2507 4901 2621 4968 ejus
2660 4900 2874 4967 scriptis
2901 4899 3210 4971 frequenter
3239 4899 3502 4968 reperies.

1917 4971 1972 5025 In
1998 4971 2032 5023 2
2059 4987 2190 5025 mss.
2222 4969 2425 5025 Bonon.
2451 4981 2504 5026 et
2531 4974 2562 5025 5
2590 4971 2709 5024 aliis
2734 4985 2844 5023 rec.
2873 4979 2956 5023 est
2982 4969 3239 5024 detractis.

1988 5041 2336 5096 Devolvimur.
2366 5043 2445 5096 Ex
2472 5042 2720 5095 omnibus
2750 5055 2880 5094 mss.
2915 5049 2969 5095 et
2993 5040 3218 5110 vulgatis
3245 5039 3406 5093 editis
3429 5041 3499 5093 ita

1914 5115 2122 5167 restitui
2142 5155 2155 5174 ,
2187 5113 2327 5182 quod
2359 5113 2574 5166 latinius
2603 5121 2658 5165 et
2686 5111 2970 5167 rotundius
2995 5121 3111 5178 est,
3155 5125 3314 5180 quam
3349 5112 3508 5164 volvi-

1915 5200 2050 5245 mur,
2084 5194 2140 5238 nt
2166 5185 2217 5237 iu
2243 5183 2486 5252 pluribus
2511 5183 2688 5237 editis.

1991 5254 2206 5326 Dempta
2232 5251 2367 5307 metu
2408 5254 2470 5306 de
2500 5255 2780 5323 superiore.
2812 5252 2902 5326 Sic
2939 5251 3303 5326 lcgitur_apud
3334 5251 3508 5304 Bune-

1916 5341 2060 5380 man.
2093 5321 2180 5394 q'ui
2214 5335 2391 5379 notaui
2423 5321 2734 5392 sequentem
2763 5324 3094 5378 exhibetz—
3117 5321 3334 5391 Dempta
3372 5332 3507 5375 metu

1917 5397 1980 5448 de
2017 5396 2294 5463 superiore.
2349 5395 2596 5465 Plerique
2639 5396 2824 5464 scripti
2869 5411 2880 5446 ε
2925 5395 3053 5448 editi
3100 5408 3230 5465 vero
3275 5407 3504 5458 omnes,

1915 5476 2050 5520 metu
2091 5468 2372 5535 superiore.
2422 5463 2840 5536 lta‘Cyprianus
2878 5463 3132 5536 epist.ad
3175 5463 3438 5536 Donatum
3490 5481 3501 5514 :

1915 5537 2087 5589 nullus
2113 5533 2175 5589 de
2201 5539 2394 5606 legibus
2427 5533 2602 5591 metus
2628 5533 2742 5598 est;
2787 5537 2849 5588 de
2885 5535 3189 5606 quasitore,
3221 5533 3289 5588 de
3328 5533 3508 5604 judice

1916 5621 2082 5678 pavor
2111 5603 2309 5663 nullus.
2344 5607 2509 5662 Silius
2529 5607 2690 5660 Italus
2711 5647 2724 5671 ,
2758 5606 2822 5658 17
2844 5645 2858 5669 ,
2883 5603 2990 5659 594
3015 5621 3027 5655 :

2410 5685 2581 5734 Saavus
2600 5697 2775 5745 magno
2795 5683 2858 5732 de
2875 5684 3066 5732 nomine
3095 5689 3300 5800 terror.B

3283 5748 3391 5800 itm.

1993 5818 2096 5875 Per
2121 5835 2289 5891 quem.
2319 5817 2518 5888 Lond.,
2552 5816 2709 5887 Reg,
2744 5817 2890 5888 Lips.
2937 5816 3000 5884 ἓ,
3046 5825 3100 5873 ct
3124 5816 3381 5885 Rcimur,
3430 5834 3518 5887 per
