3970 6322
236 277 324 339 ιιι
1531 273 1738 337 LIBER
1775 273 1867 339 DE
1903 275 2023 339 [BA
2061 277 2198 339 DEI.

3403 286 3507 365 HF

292 390 437 451 Astra
463 387 644 481 etiam~
669 396 894 456 extera,
938 389 1025 448 vel
1064 397 1197 481 ortu
1221 429 1236 456 ,
1284 389 1373 447 vel
1423 403 1617 449 occasu
1650 406 1801 464 .suo,
1827 391 1883 457 Α
1907 402 1965 451 et
2001 395 2277 467 ecplarum
2341 396 2669 459 abundantia
2718 398 2999 481 horninum
3029 400 3193 463 vitam
3239 401 3509 465 instruere

233 482 376 541 certis
410 479 737 537 stationibus
784 480 1220 553 opportunitates
1265 488 1565 555 temporum
1597 482 1805 540 submi-

230 577 455 632 nistrant.
482 572 587 630 Sed
618 582 675 629 et
703 573 963 644 navigiis,
995 574 1285 644 quominus
1310 574 1616 630 errabundo
1642 589 1805 631 cursu

232 683 319 741 per
343 669 653 722 immensum
686 674 969 736 vagentur,
1002 664 1244 736 regimen
1271 665 1535 735 praebent,
1586 681 1710 723 cum
1738 680 1803 723 ea

228 762 318 818 rite
338 759 655 832 gubernator
685 758 1017 825 observans,
1050 758 1119 812 ad
1149 765 1368 828 portum
1415 757 1670 814 destinati
1714 759 1803 815 lit-

229 857 347 915 toris
411 853 755 926 pervehatur.
828 852 1128 908 Ventorum
1200 852 1392 924 spiritu
1460 852 1803 909 attrahuntur

230 948 410 1013 nubes,
445 955 502 1001 ut
530 955 647 1001 sala
681 943 949 1000 imbribus
975 945 1286 1015 irrigentnr,
1309 944 1526 1001 utvites
1560 944 1796 1015 fastibus,

226 1040 422 1095 arbusta
449 1037 629 1108 pomis
659 1035 985 1093 exuberent.
1022 1035 1090 1090 Et
1115 1034 1231 1091 haec
1260 1051 1357 1107 per
1385 1037 1571 1092 orbem
1594 1035 1801 1092 vicibus

224 1131 545 1196 exhibentur,
575 1145 646 1185 ne
674 1127 818 1185 desit
847 1126 1143 1198 aliquando
1163 1169 1179 1193 ,
1230 1142 1337 1198 quo
1382 1128 1491 1183 vita
1520 1126 1799 1184 hominum

222 1225 547 1281 sustineatur.
578 1226 651 1276 At
674 1220 819 1277 enim
849 1227 1077 1275 caeteras
1103 1219 1407 1278 animantes
1435 1220 1622 1275 eadem
1655 1228 1797 1277 terra

217 1315 400 1381 nutrit,
428 1321 481 1367 et
507 1311 757 1382 ejusdem
784 1310 917 1366 {tetu
942 1310 1105 1366 etiam
1136 1320 1282 1365 muta
1312 1321 1621 1380 pascuntur.
1656 1310 1792 1365 Num

217 1404 360 1460 etiam
386 1410 654 1458 mutorum
684 1415 846 1457 causa
872 1398 1015 1456 Deus
1044 1399 1346 1455 laboravit?
1374 1399 1592 1457 Minime
1614 1442 1629 1469 ,
1671 1401 1794 1473 quia

214 1504 328 1552 sunt
368 1495 588 1550 rationis
634 1494 899 1563 expertia.
952 1491 1059 1549 Sed
1120 1491 1513 1564 intelligimus,
1564 1502 1617 1548 et
1676 1492 1795 1564 ipsa

214 1586 388 1643 eodem
422 1585 586 1641 modo
615 1585 668 1639 in
700 1600 854 1641 usum
887 1583 1126 1638 hominis
1164 1598 1193 1637 a
1226 1584 1335 1638 Deo
1383 1583 1544 1649 facta,
1600 1583 1793 1654 partim

1908 495 2069 560 atque
2099 502 2299 547 ornare
2322 488 2579 560 voluisse,
2611 490 2682 551 ob
2711 507 2942 565 eamque
2963 506 3211 562 causam,
3241 500 3296 549 et
3320 508 3507 565 aerem

1910 578 2246 647 volucribus,
2288 590 2344 638 et
2367 596 2522 640 mare
2566 582 2827 659 piscibus,
2874 592 2930 643 et
2971 592 3171 643 terrain
3201 584 3508 659 quadrupes-

1914 668 2073 728 dibus
2100 671 2364 745 implevit.
2392 673 2502 731 Sed
2525 673 2835 733 Academici
2857 684 3043 733 contra
3079 676 3290 734 Stoicos
3329 672 3508 745 disser

1908 776 2089 824 rentes
2116 769 2297 825 solent
2323 784 2593 841 quarere,
2624 785 2741 839 cur,
2769 771 2815 827 si
2844 770 2990 836 Deus
3011 770 3194 837 omnia
3224 769 3508 845 hominum

1907 872 2073 914 causa
2100 857 2309 927 fecerit,
2341 860 2506 917 etiam
2530 860 2698 917 multa
2723 861 3018 927 contraria,
3067 871 3123 919 et
3143 862 3361 919 inimica
3383 902 3400 931 ,
3450 870 3509 919 et

1911 948 2162 1019 pestifera
2193 948 2350 1006 nobis
2378 949 2740 1022 reperiantur,
2787 960 2899 1011 tam
2938 952 2993 1007 in
3034 951 3206 1020 mari,
3254 966 3417 1023 quam
3446 952 3506 1015 in

1902 1050 2066 1097 terra.
2095 1040 2250 1112 Quod
2276 1041 2445 1100 Stoici
2470 1038 2765 1100 veritatem'
2791 1058 2900 1103 non
2942 1042 3303 1115 respicientes
3351 1044 3507 1116 inepe-

1903 1134 2111 1189 tissime
2138 1134 2473 1205 repulerunt.
2506 1135 2675 1191 Aiunt
2719 1133 2863 1193 enim
2890 1177 2907 1202 ,
2956 1134 3123 1195 multa
3159 1148 3282 1193 esse
3329 1134 3384 1191 in
3421 1134 3507 1206 gi-

1899 1226 2207 1297 gnentibus,
2244 1234 2298 1282 et
2325 1227 2378 1283 in
2407 1241 2632 1283 numero
2656 1224 2967 1293 animalium
2990 1266 3006 1293 .
3056 1240 3284 1299 quorum
3326 1223 3508 1303 adhuc

1900 1314 2064 1372 lateat
2090 1317 2292 1375 utilitas
2319 1336 2332 1374 :
2357 1318 2452 1374 sed
2481 1333 2599 1377 eam
2624 1332 2882 1389 processu
2912 1325 3215 1399 temporum
3246 1316 3508 1384 inveniri;

1900 1409 2039 1465 sicut
2062 1409 2174 1481 jam
2197 1410 2350 1481 plura
2378 1408 2651 1481 prioribus
2674 1408 2886 1467 saeculis
2910 1408 3181 1481 incognita
3204 1407 3505 1475 necessitas

1900 1509 1955 1555 et
1984 1515 2113 1555 usus
2135 1501 2423 1557 invenerit.
2456 1501 2588 1571 Quae
2617 1496 2835 1565 tandem
2863 1499 3066 1561 utilitas
3091 1508 3269 1583 potest
3296 1500 3349 1557 in
3374 1484 3502 1561 mu?

1897 1593 2067 1662 ribus,
2111 1594 2163 1649 in
2190 1594 2396 1661 blattis,
2434 1596 2487 1650 in
2530 1595 2875 1666 serpentibus
2920 1595 3182 1666 reperiri,
3230 1610 3351 1669 qua:
3394 1593 3500 1655 ho-

212 1679 474 1744 adcibOS.
526 1678 727 1749 partim
781 1678 849 1733 ad
899 1678 1191 1741 vestitum.
1249 1675 1441 1746 partim
1496 1676 1563 1731 ad
1611 1675 1860 1763 operi5_
1896 1688 2027 1743 mini
2056 1688 2282 1745 molesta
2325 1700 2381 1746 et
2426 1690 2726 1763 perniciosa
2784 1690 2943 1753 sunt?
2984 1672 3075 1745 ‘An
3117 1688 3390 1757 medicina
3439 1688 3500 1751 in

211 1773 425 1839 auxilia;
458 1782 515 1827 ut
538 1771 750 1827 clarum
778 1770 868 1839 sit,
901 1770 1141 1825 divinam
1180 1770 1568 1840 providentiam
1604 1786 1785 1827 rerum
1817 1755 1866 1816 Β
1894 1779 1977 1835 his
2008 1782 2184 1853 aliqua
2213 1782 2389 1841 latet?
2421 1755 2554 1851 Quae
2590 1784 2637 1841 si
2671 1792 2757 1855 est
2784 1825 2801 1853 ,
2834 1783 3143 1843 invenietur
3184 1755 3503 1854 aliquando,

1510 1887 1871 1969 γιιιιιοιιυιί
1899 1894 2130 1951 Nom.

273 2024 423 2081 Certis
450 2023 781 2080 stationibus.
814 2024 963 2080 Nihil
991 2023 1327 2079 mutandum.
1357 2022 1531 2079 Certae
1560 2025 1799 2083 stationes

208 2107 322 2153 sunt
358 2097 623 2152 siderum.
652 2095 791 2151 Vide
832 2096 1028 2152 Senec.
1081 2095 1285 2162 Quaest.
1334 2093 1453 2150 Nat.
1483 2136 1499 2161 ,
1550 2094 1646 2151 lib.
1698 2110 1797 2163 vn,

210 2181 318 2291 (gap.
352 2167 443 2235 25,
467 2178 523 2224 et
561 2167 725 2225 Plinii
754 2167 848 2223 lib.
884 2183 922 2222 ιι
952 2167 1086 2222 Hist.
1113 2167 1260 2232 Nat.,
1287 2180 1405 2236 cap.
1431 2167 1521 2232 15,
1542 2175 1676 2291 ἵει.
1707 2167 1796 2235 12,

247 2254 275 2291 x
305 2255 346 2291 r.
1602 2253 1689 2291 vx.

215 2248 346 2294 extr.
1553 2248 1689 2291 BUN.

274 2307 576 2380 Temporum
606 2308 1011 2363 subministrant.
1046 2306 1145 2362 Ms.
1186 2303 1350 2364 Cauc.
1399 2315 1455 2362 et
1484 2306 1515 2359 7
1551 2309 1681 2380 edit.
1716 2310 1798 2365 in-

210 2377 480 2449 terseru'nt,
509 2381 687 2449 plane.
950 2448 953 2449 ν
1332 2448 1339 2449 ί
1438 2446 1483 2449 __
1555 2377 1685 2434 BUN.

274 2448 350 2504 Ea
372 2452 487 2505 rite.
509 2446 523 2505 ζ
543 2490 559 2504 .
598 2452 889 2504 observans.
931 2448 1149 2505 Curtius
1181 2462 1279 2514 νυ,
1314 2448 1351 2503 4
1381 2467 1394 2504 :
1427 2446 1797 2518 Navigantium

207 2521 344 2574 modo
367 2530 516 2575 noctu
565 2522 743 2575 sidera
776 2520 1070 2585 observant,
1104 2520 1173 2575 ad
1205 2534 1423 2585 quorum
1452 2537 1657 2575 cursum
1701 2522 1796 2576 iter

208 2591 439 2661 dirigunt.
471 2591 629 2646 Lact.
681 2592 772 2645 lib.
802 2606 879 2656 vt,
919 2607 1040 2659 cap.
1068 2592 1139 2646 8:
1177 2591 1381 2661 Naves,
1436 2592 1536 2643 nisi
1583 2592 1795 2661 aliquod

206 2660 387 2718 adeste
417 2664 599 2717 lumen
654 2662 911 2723 observent
931 2703 948 2729 ,
998 2662 1206 2717 incertis
1243 2660 1478 2715 cursibus
1520 2672 1789 2785 vaBgantur.

1595 2748 1683 2785 us.

1595 2748 1683 2787 UN.

266 2801 606 2861 Pervehatur.
642 2804 730 2858 Sic
784 2803 992 2858 restitui
1028 2817 1095 2858 ex
1145 2802 1395 2859 omnibus
1448 2817 1614 2871 prope
1658 2817 1787 2858 mss.

202 2875 307 2930 e15
337 2887 441 2930 vet.
471 2875 661 2931 editis.
702 2874 759 2931 In
804 2874 839 2928 2
882 2874 1016 2943 Reg.
1048 2889 1184 2938 ree.,
1242 2873 1405 2928 Cauc.
1459 2872 1792 2942 totidemque

202 2946 402 3016 excusis
441 2955 528 3004 est
572 2946 922 3016 provehatur;
965 2948 1016 2999 in
1061 2944 1096 2998 3
1129 2943 1385 3016 vulgatis,
1421 2944 1792 3016 prove/tamur;

202 3014 250 3070 in
313 3014 641 3086 quibusdam
712 3016 912 3083 editis,
984 3014 1346 3086 provehantur,
1416 3024 1574 3086 teste;
1624 3014 1794 3086 Isaeo,

199 3083 477 3213 meodgf;
548 3090 613 3143 in
683 3087 881 3157 Egnat.
962 3083 1134 3143 Paris.
1206 3084 1387 3150 1525,
1439 3093 1495 3140 et
1544 3083 1747 3154 Graph.
1778 3127 1794 3154 ,

201 3174 341 3213 prove
433 3200 447 3213 .

200 3170 447 3226 provehat.

270 3227 542 3286 Ventorum
564 3229 761 3299 spiritu
790 3228 1116 3283 attrahuntur
1140 3226 1315 3287 nubes.
1348 3225 1409 3299 ιι.
1439 3240 1511 3281 vn
1534 3225 1791 3296 Institut.,

196 3310 306 3367 cap.
331 3302 364 3355 6
390 3320 400 3352 :
427 3302 534 3357 Cur
553 3297 828 3355 uentorum
853 3299 1064 3368 spiritus
1084 3299 1255 3351 ciltent
1282 3297 1457 3351 nubes.
1479 3366 1485 3368 Α
1552 3300 1683 3351 BDN.

270 3368 401 3427 Vites
429 3372 667 3447 fletibus.
700 3366 1005 3447 _Emmann.
1052 3369 1187 3423 Vites
1216 3368 1349 3447 uvis,
1377 3366 1515 3447 sapit
1534 3368 1789 3437 glossam.

194 3437 638 3510 Fructus'etiasn
686 3442 839 3510 fretus
906 3441 1177 3496 dicuntur.
1239 3437 1539 3508 Cyprianus
1605 3449 1791 3493 contra

196 3509 628 3581 Demetrianum,
679 3509 916 3566 Arboreis
954 3510 1181 3581 fortibus
1225 3519 1472 3581 autumno
1528 3511 1747 3578 fecunda
1775 3549 1789 3576 ,

193 3580 416 3641 imitatur
470 3578 693 3654 Virgilii
740 3582 838 3638 lib.
878 3598 894 3636 ι
936 3578 1133 3652 Georg.
1180 3581 1252 3637 55
1295 3596 1309 3632 :
1360 3578 1789 3704 ArboregUmetus.

1595 3666 1680 3704 ΟΝ.

253 3723 473 3781 Arbusta
500 3724 679 3795 pomis
726 3724 1019 3779 exuberent.
1057 3720 1310 3793 Cypriae.
1365 3720 1500 3777 Bon.
1547 3720 1786 3795 Patient.

186 3790 923 3867 Exuberarepoanisarbustg.
1104 3790 1155 3793 ﬂ
1386 3862 1407 3867 _
1503 3790 1679 3867 _BUN.

254 3865 357 3921 Per
391 3860 569 3924 orbem
621 3866 835 3921 vicibus.
865 3864 935 3920 Ut
978 3864 1072 3920 lib.
1122 3879 1181 3931 ll,
1230 3876 1348 3932 cap.
1380 3862 1414 3918 9
1445 3879 1459 3916 :
1492 3860 1790 3926 Quar'orbes

190 3946 474 4009 temporum
502 3946 785 4009 perpetuos
810 3953 871 3990 ac
896 3936 1163 4009 volubiles,
1188 3950 1314 4009 quos
1338 3948 1575 4009 vocamus
1605 3949 1787 4009 amics,

188 4003 378 4068 alterna
406 4003 665 4082 per'vic'es
687 4008 1007 4082 successione
1030 4006 1331 4082 conﬁciant._
1368 4003 1585 4082 Tacitus
1616 4003 1707 4082 lib.
1754 4004 1789 4059 ὅ

188 4085 348 4148 Δηιι..
379 4072 504 4150 cap.
533 4080 610 4136 55
635 4095 651 4132 :
677 4077 798 4133 Nisi
824 4080 955 4150 forte
979 4077 1128 4150 rebus
1163 4074 1358 4130 cunctis
1399 4075 1553 4150 inest_
1580 4072 1790 4150 quidam

185 4144 552 4214 velut'orbis,
611 4157 670 4203 ut
713 4144 1141 4220 quemadmodum
1178 4156 1463 4216 temporum
1506 4144 1674 4220 viges,
1716 4146 1791 4201 ita

183 4240 376 4280 morum
400 4230 689 4278 vertantur.
724 4214 735 4220 ’
1281 4214 1288 4216 ἡ
1544 4214 1678 4270 ΒυΝ.

253 4295 399 4350 Num
446 4294 609 4348 etiam
651 4299 909 4345 mutorum
962 4305 1137 4343 causa.
1185 4287 1298 4342 lmo
1354 4285 1570 4341 illorum
1626 4300 1789 4342 causa

181 4365 323 4422 Deus
346 4364 644 4432 laboravit,
674 4361 773 4418 sed
802 4370 1005 4416 tantum
1034 4358 1377 4427 secundario,
1410 4356 1640 4412 hominis
1659 4373 1789 4414 vero

218 4451 458 4492 rimarto.

180 4452 498 4563 ωπθεῖιῶ
521 4505 767 4561 hominis.
813 4502 888 4558 Ita
932 4517 1064 4557 mss.
1114 4514 1303 4555 omnes
1344 4506 1541 4570 praeter
1583 4498 1618 4554 3
1644 4499 1775 4574 Reg.

180 4593 284 4633 rec.
320 4578 415 4649 qui
446 4574 792 4649 habent,_ad
814 4591 987 4628 usum.

246 4640 636 4704 Ad'vestitum.
664 4646 757 4702 Sic
783 4661 812 4700 a
856 4661 942 4700 me
967 4643 1273 4697 restitutum
1312 4655 1381 4697 ex
1421 4640 1455 4696 6
1486 4648 1598 4696 vet.
1648 4640 1780 4698 edit.

175 4721 492 4790 cunctisque
517 4733 655 4774 mss.
680 4724 876 4790 praeter
910 4715 940 4770 1
968 4716 1100 4785 Reg.
1123 4728 1234 4769 rec.
1259 4714 1315 4767 in
1333 4727 1436 4782 quo
1455 4721 1536 4767 est
1551 4713 1780 4779 vestium,

176 4801 229 4845 ut
256 4792 313 4845 in
343 4788 568 4846 eti-teris
599 4788 898 4857 impressis.

261 4863 344 4916 Ad
406 4862 587 4928 aperis
651 4853 868 4912 auxilia.
937 4856 1048 4913 κατ’
1096 4854 1382 4928 ἐξοχὴν-11Σ
1435 4853 1470 4908 l.
1521 4853 1786 4928 significat

170 4949 300 5001 opus
341 4924 643 4995 rusticum,
696 4924 1508 5001 agricuiturumpiquoddoeei
1544 4924 1786 5001 maxime

171 4996 321 5059 Lact.
353 5005 450 5058 lib.
485 5018 552 5067 ιι,
579 5015 702 5071 cap.
728 4996 819 5055 i0.
844 4996 915 5053 Ut
937 4998 1183 5052 animalia
1215 4997 1334 5071 usui
1364 4996 1651 5071 hominibus
1678 5009 1785 5049 esse

171 5084 398 5142 possent,
431 5074 571 5127 alia.
600 5068 663 5125 ;.'
682 5070 751 5124 ad
777 5071 940 5142 cibos,
966 5071 1077 5142 alia
1102 5085 1226 5142 vero
1245 5068 1308 5120 ad
1340 5068 1589 5142 vesiitum
1624 5084 1637 5119 τ
1672 5080 1787 5136 qua:

167 5136 335 5200 autem
361 5136 685 5217 magnarum
717 5150 837 5197 sunt
876 5140 1085 5207 virium,
1114 5149 1169 5193 ut
1206 5139 1261 5192 in
1300 5136 1594 5217 excolennda
1643 5145 1785 5211 terra

176 5217 422 5262 iuuarent-
452 5208 476 5217 ⁷
1506 5208 1639 5262 Βυπ.

178 5227 182 5228 ’
1506 5227 1639 5262 nux.

166 5227 422 5342 lwil’igii
441 5287 705 5341 instruere
730 5292 879 5351 atque
912 5296 1113 5335 ornare.
1140 5279 1237 5334 llic
1266 5277 1410 5334 refer
1431 5278 1689 5351 Senecam
1716 5276 1784 5332 ad

166 5357 462 5421 llarciam,
521 5370 649 5422 cap.
703 5350 803 5409 58.
835 5352 1033 5418 Disces,
1091 5350 1389 5419 docebisque
1416 5360 1575 5422 artes,
1617 5350 1781 5413 alias,

162 5444 277 5497 quae
314 5430 490 5484 vitam
524 5421 828 5489 instruant,
870 5424 1032 5486 alias,
1060 5438 1176 5493 qua
1202 5432 1426 5488 ornent,
1473 5421 1625 5497 alias,
1668 5436 1786 5491 quae

162 5491 372 5571 regant.
519 5568 529 5571 _
628 5567 686 5571 __
896 5566 928 5571 _
1011 5564 1027 5571 _
1075 5491 1082 5493 ’
1452 5564 1465 5571 _
1502 5491 1639 5571 Ben.

239 5562 348 5628 Sed
375 5567 715 5632 Academici,
742 5576 846 5622 etc.
896 5566 974 5621 De
1011 5564 1116 5619 hoc
1134 5578 1199 5619 ex
1222 5572 1413 5634 quarto
1438 5562 1785 5618 Academiea-

167 5657 285 5698 rum
335 5638 639 5696 Ciceronis
680 5652 840 5707 supra
889 5637 984 5691 lib.
1012 5652 1115 5707 vn,
1153 5650 1271 5707 cap.
1318 5636 1400 5707 4,7
1430 5634 1629 5689 dictum
1675 5641 1778 5707 est.

167 5714 514 5783 Augustinus
535 5716 732 5783 contra
746 5704 1157 5783 Manichaaosin
1182 5704 1322 5764 Gen.
1351 5706 1445 5783 lib:
1477 5721 1514 5771 ι,
1533 5718 1662 5783 _cap.
1679 5705 1711 5783 _l_
1724 5704 1778 5771 6,

167 5775 472 5855 respondet
532 5779 646 5835 illis
694 5779 1003 5835 hominibus
1054 5776 1229 5851 eidem
1278 5777 1447 5833 errori
1496 5775 1777 5844 obnoxiis,

1809 4443 1866 4505 Β
1890 4434 2047 4501 cipue

1902 2031 2191 2087 animantia
2219 2033 2398 2087 omnia
2426 2040 2519 2088 aut
2540 2032 2687 2088 utilia
2715 2045 2859 2099 esse,
2892 2042 2983 2087 aut
3011 2030 3317 2103 perniciosa
3342 2073 3357 2095 ,
3403 2036 3501 2093 aut

1901 2104 2124 2158 omnino
2151 2105 2357 2159 inutilia
2377 2115 2428 2159 et
2450 2104 2677 2173 abiecta.
2706 2103 2781 2158 De
2803 2104 3022 2159 utilibus
3045 2111 3191 2159 certa
3219 2102 3358 2158 ratio
3387 2112 3503 2170 est;

1902 2174 2200 2242 perniciosa
2249 2189 2348 2230 nos
2391 2186 2608 2244 propter
2653 2185 2872 2243 peccata
2909 2182 3184 2230 omnem.
3216 2174 3500 2244 Exemplis

1901 2256 2212 2316 necinostra
2248 2243 2740 2316 temp’ora’carent,
2783 2259 2886 2309 nec
2918 2244 3249 2316 Testamenti
3278 2243 3498 2316 veteris

1903 2313 2062 2380 libri;
2094 2325 2148 2370 et
2198 2315 2249 2371 in
2303 2313 2376 2370 iis’
2406 2331 2526 2385 qua:
2578 2314 2827 2370 videntur
2884 2314 3038 2370 nobis
3081 2313 3150 2369 ab
3193 2313 3342 2370 omni
3390 2322 3495 2371 usu

1900 2385 2074 2440 aliena
2101 2399 2245 2453 esse,
2276 2384 2552 2441 materiam
2581 2386 2735 2441 nobis
2757 2385 2989 2441 existere
3006 2425 3021 2451 ,
3052 2394 3112 2440 ut
3136 2388 3303 2441 Deum
3328 2384 3494 2440 etiam

1902 2454 1956 2510 in
2004 2456 2345 2511 formicarum
2376 2458 2678 2511 humilitate
2700 2456 2999 2511 laudemus.
3028 2454 3101 2510 Et
3118 2456 3339 2512 omnino
3370 2455 3499 2511 hinc

1900 2526 2125 2597 colligit,
2183 2529 2546 2582 universitatis
2608 2527 2969 2597 integritatem
3014 2524 3145 2582 inde
3196 2524 3488 2597 cornpleri.

1900 2595 2131 2651 Basilius
2156 2598 2222 2651 ad
2251 2612 2428 2652 mores
2463 2595 2742 2652 transfert.
2764 2598 2997 2651 Ροοθικιι
3018 2597 3185 2661 unm,
3212 2595 3304 2651 vel
3326 2595 3490 2651 Salo-

1900 2669 2076 2721 monis
2104 2668 2428 2734 testimonio,
2463 2682 2561 2722 nos
2578 2668 2650 2723 ab
2674 2667 2865 2721 irradia
2882 2665 3316 2723 ind-sedulitatem
3338 2666 3491 2721 exol-

1899 2746 2013 2792 tare
2037 2752 2050 2792 :
2074 2753 2377 2807 quanquam
2404 2752 2528 2791 suas
2557 2738 2827 2792 naturales
2854 2737 3080 2791 virtutes
3104 2735 3305 2807 habent
3325 2734 3492 2793 etiam

1901 2808 2029 2862 illud
2058 2810 2293 2863 animal:
2325 2820 2382 2864 et
2417 2807 2663 2863 Christus
2706 2809 3039 2875 serpentum
3095 2806 3348 2874 exemplo
3393 2820 3491 2863 ss-

1899 2879 2151 2947 pientiam
2184 2880 2337 2934 nobis
2363 2878 2735 2946 commodat,
2763 2887 2868 2933 etc.
3012 2877 3341 2934 Bmutos.

1970 2948 2038 3003 In
2062 2951 2397 3021 gignentibus;
2429 2960 2477 3003 at
2496 2951 2551 3003 in
2579 2960 2789 3021 msero
2815 2947 3139 3021 annuatim.
3166 2948 3375 3004 Omnes
3421 2948 3493 3004 ll-

1902 3019 1983 3075 bri
2032 3018 2286 3076 exhibent
2327 3022 2379 3075 in
2417 3020 2757 3091 gignentibus.
2806 3018 3083 3091 Gignentia
3117 3029 3244 3075 sunt
3292 3020 3489 3091 gentia.

1900 3106 2019 3162 qua:
2049 3104 2175 3146 sunt
2196 3089 2433 3162 arbores,
2458 3089 2686 3162 frutices.
2710 3094 2821 3146 etc.
2834 3089 2989 3162 Lact.
3020 3092 3115 3146 tib.
3146 3105 3189 3157 s,
3220 3104 3341 3162 cap.
3373 3090 3443 3162 ιε
3463 3103 3487 3145 :

1902 3160 1965 3214 In
1997 3179 2093 3231 quo
2125 3160 2298 3233 (Sole)
2342 3172 2415 3216 est
2440 3160 2623 3233 natura
2649 3170 2877 3233 etcausa
2918 3161 3251 3232 gignentium.
3281 3161 3490 3218 Eodem

1897 3247 2061 3354 pensa
2076 3231 2220 3357 gl!“
2242 3231 2308 3287 de
2336 3232 2441 3300 Ira,
2473 3247 2521 3289 e.
2559 3232 2645 3288 ιθ.
2679 3231 2899 3287 Mam
2923 3231 2987 3286 "et
3008 3244 3129 3301 quc
3150 3233 3433 3304 gignuntur
3456 3247 3490 3287 ε

1920 3320 2049 3355 crra.
2120 3320 2206 3357 UN.

1898 3312 2049 3355 terra.
2078 3312 2206 3358 BUN.
3554 3354 3565 3357 -

1972 3376 2200 3439 Quorum
2242 3375 2414 3428 adhuc
2445 3374 2597 3428 lateat
2637 3373 2850 3428 utilitas.
2901 3373 3060 3428 Deest
3094 3372 3264 3426 adhuc
3310 3373 3364 3427 in
3415 3372 3491 3427 18

1895 3459 2027 3498 mss.
2071 3456 2126 3499 et
2179 3445 2244 3499 12
2273 3445 2397 3501 edd.
2419 3474 2492 3486 -—
2524 3445 2760 3510 Quorum
2798 3443 2972 3498 adhuc
3021 3443 3199 3497 lateat.
3233 3443 3488 3499 Testatur

1894 3513 2060 3569 Ismus
2109 3517 2159 3569 in
2199 3516 2383 3578 variis,
2438 3515 2619 3569 haberi
2670 3515 2914 3568 voeulam
2962 3514 3132 3567 adhuc
3176 3512 3231 3567 in
3270 3513 3484 3568 Bonon.

1897 3586 2037 3640 unde
2058 3585 2145 3641 illa
2171 3602 2201 3640 a
2220 3586 2531 3651 Thomasio,
2552 3584 2708 3649 lszeo,
2727 3584 2924 3655 Thys,
2947 3584 3113 3655 GaiL,
3134 3582 3368 3655 Sparltio
3386 3582 3487 3655 ad-

1895 3657 2079 3724 missa,
2109 3671 2140 3712 a
2164 3657 2400 3713 Cellario
2424 3669 2478 3712 et
2499 3655 2723 3727 reliquis
2741 3652 2849 3710 non
2870 3654 3097 3727 debe_bat
3128 3654 3198 3707 ita
3228 3652 3482 3708 fastidiri.

1963 3797 2032 3851 In
2060 3798 2305 3853 muribus.
2335 3797 2520 3867 Neque
2550 3796 2654 3867 hoc
2680 3724 3349 3867 animaleulgitmgriinivile
3367 3800 3479 3859 est,

1891 3869 2018 3935 quin
2049 3869 2311 3922 celebrari
2335 3863 2499 3922 etiam
2529 3866 2596 3921 ab
2618 3866 2841 3935 optimis
2861 3863 3219 3935 scriptoribus
3258 3877 3480 3935 meme-

1891 3933 1979 3992 rit.
2011 3938 2261 3992 Ducentis
2290 3937 2522 3992 nummis
2554 3937 2607 3990 in
2637 3933 2917 3991 obsidione
2956 3934 3263 3989 Massiliam
3310 3933 3480 4002 venit,

1892 4007 2176 4073 Strabone,
2203 4009 2371 4064 Plinio
2393 4019 2451 4063 et
2475 4007 2688 4061 Vaterio
2712 4005 3043 4062 auctoribus.
3070 4004 3127 4059 Id
3150 4006 3313 4059 etiam
3336 4006 3483 4059 oeci-

1891 4078 1970 4133 dit
1995 4079 2044 4132 in
2075 4074 2362 4134 Parisiensi
2390 4078 2516 4133 anni
2546 4077 2688 4133 1590
2706 4078 2832 4133 etin
2859 4074 3172 4144 Κανθηωώ
3189 4076 3316 4130 anni
3335 4075 3479 4133 1638

1890 4150 2279 4205 obsidionibus.
2307 4150 2485 4205 Taceo
2504 4149 2909 4212 salubritatem;
2946 4162 3080 4202 nam
3118 4147 3351 4201 marium
3376 4159 3479 4201 ca-

1893 4220 2061 4288 pitum
2094 4221 2491 4291 caudarumque
2514 4220 2751 4291 cinerem
2777 4220 2950 4274 oculis
2985 4218 3284 4291 claritatem
3315 4216 3478 4291 indu-

1891 4287 2014 4347 cere
2042 4291 2277 4360 tradunt,
2306 4293 2351 4348 si
2384 4287 2449 4346 ex
2478 4290 2642 4345 melle
2667 4290 2971 4360 inungatur.
3003 4288 3190 4343 Plures
3217 4288 3335 4357 eius
3358 4287 3477 4342 vir-

1893 4369 2034 4417 tutes
2061 4376 2244 4433 quaere
2264 4363 2403 4433 apud
2430 4360 2682 4433 Plinium,
2704 4375 2833 4414 cum
2862 4360 3007 4433 alibi,
3027 4371 3153 4433 tum
3176 4372 3305 4433 vero
3334 4372 3477 4433 prae:

2061 4378 2244 4487 ΊΙΙΠΣΙῈ
2264 4378 2403 4433 apud
2430 4378 2682 4427 γιιηιιπη,
2704 4378 2833 4414 cum
2862 4378 3007 4423 num,
3040 4378 3153 4413 tum
3176 4378 3305 4414 VOI'O
3334 4378 3477 4430 pra:-

2101 4474 2113 4486 .
2143 4448 2270 4488 xxix
2300 4449 2420 4502 cap.
2454 4438 2507 4487 ti.
2541 4432 2763 4487 Sextum
2792 4444 2930 4502 vero
2949 4429 3352 4502 philosophum,
3379 4426 3478 4500 qui

1889 4500 2109 4558 Adriani
2139 4500 2470 4572 tetuporibus
2493 4502 2694 4565 ﬂoruit,
2724 4515 2843 4570 cap.
2871 4501 2962 4572 21.
2988 4500 3197 4572 Baros.

1959 4574 2164 4629 Blattis.
2197 4571 2346 4630 ln’ter
2368 4574 2573 4629 insecta
2603 4582 2658 4626 et
2694 4571 3016 4627 Aristoteles
3041 4580 3095 4626 et
3123 4571 3263 4625 Plin.
3285 4581 3475 4626 nume-

1887 4655 2026 4719 rant.
2069 4645 2394 4719 _Aristoteles
2436 4659 2563 4719 sitas
2605 4641 3025 4719 πρασοκουρίδες
3059 4641 3342 4719 _nominat,
3393 4640 3477 4698 sic

1886 4717 2028 4770 enim
2057 4715 2200 4771 Gaza
2240 4715 2548 4774 transtulit:
2579 4712 2676 4769 sed
2724 4729 2793 4767 ex
2830 4712 3104 4768 scarabeis
3132 4722 3315 4776 statas,
3347 4725 3476 4767 cum

1886 4788 2025 4840 Gaza
2053 4801 2118 4840 ex
2146 4786 2376 4840 alvearis
2405 4785 2551 4839 nasci
2577 4785 2756 4847 dicat;
2807 4783 2950 4837 unde
2983 4783 3134 4837 locus
3174 4780 3306 4835 mihi
3353 4795 3478 4838 sus-

1956 4868 2070 4910 ctus
2090 4867 2191 4911 est.
2224 4857 2427 4911 Plinius
2465 4868 2591 4908 suas
2613 4870 2680 4909 es
2712 4852 2935 4907 humido
2960 4865 3159 4921 vapore
3189 4853 3338 4907 nasci
3366 4853 3466 4907 ait.

1937 4928 2139 4998 irgilius
2179 4929 2232 4981 in
2261 4924 2541 4998 theorg.
2570 4921 3072 4998 ctCeltmtellalib.
3104 4936 3184 4998 ι,Δ
3208 4922 3472 4998 lucifugae

1886 4993 2286 5067 cognominant.
2318 4997 2447 5051 Nam
2484 4993 2545 5067 [et
2578 4995 2783 5067 Plinius
2823 5007 2918 5050 eas
2954 4993 3448 5067 lucentfugere‘ait

1886 5078 1941 5123 et
1957 5064 2143 5123 earum
2176 5070 2337 5123 vitam
2373 5066 2713 5122 tenebrarum
2739 5065 3009 5120 alumnam
3030 5064 3183 5119 dicit.
3206 5066 3305 5119 Est
3326 5064 3430 5118 aliu

1886 5154 2075 5207 genus,
2104 5141 2244 5209 quod
2274 5138 2447 5211 Graeci
2478 5136 2709 5211 uti)er
2728 5136 3057 5211 vocanttvel
3088 5135 3172 5203 (ut
3203 5135 3328 5211 aliis
3351 5134 3475 5211 pia-

1886 5203 1994 5281 cet)
2023 5203 2216 5282 σΐλιρην,
2245 5203 2878 5263 νει-ηιὶουίιιιιιῖιιῐθειιιιιι
2914 5205 3064 5261 libris
3092 5214 3147 5259 et
3190 5203 3469 5261 studiosis.
3520 5274 3525 5278 δ

1886 5282 1968 5335 Ad
1997 5286 2142 5335 prius
2168 5294 2335 5335 uenus
2353 5277 2687 5334 referendam
2710 5288 2841 5335 nuto
2868 5276 3206 5335 medicinam.
3235 5290 3355 5335 aute
3382 5290 3473 5332 re-

2033 5297 2142 5336 l‘lUS
2168 5295 2335 5336 aeuus
2353 5295 2687 5334 reterenaaln
2710 5295 2841 5336 βαιο
2868 5295 3056 5332 metite!

1886 5292 1968 5335 Au
1997 5297 2142 5349 prius
2168 5294 2335 5364 genus
2353 5292 2687 5334 reterenaam
2710 5292 3206 5360 pute_meutcinam,
3235 5292 3355 5347 qua:
3382 5292 3472 5332 re-

1886 5351 2057 5407 fertur
2082 5368 2111 5405 a
2143 5352 2283 5411 Plin.
2318 5351 2419 5405 sub
2448 5350 2606 5406 tinem
2631 5350 2703 5405 29
2724 5389 2739 5411 ,
2773 5348 2860 5402 ubi
2906 5357 2981 5401 ait
3010 5348 3306 5415 quamdam
3350 5345 3472 5418 ejus

1886 5437 2029 5487 esse,
2057 5424 2101 5476 si
2124 5431 2283 5493 caput
2302 5422 2585 5475 avellatur.
2622 5421 2772 5493 Hanc
2813 5420 2955 5474 enim
2987 5418 3163 5493 unum
3210 5430 3466 5493 un_a_cum

1887 5508 2137 5555 rosaeeo.
2176 5487 2395 5547 auribus
2437 5492 2572 5547 mire
2614 5491 2901 5561 prodesse,
2940 5496 3055 5561 etc._
3082 5487 3230 5561 _Ergo
3276 5487 3475 5561 blatta-

1886 5578 2006 5617 rum
2027 5565 2188 5618 etiam
2216 5563 2269 5617 in
2297 5562 2579 5618 medicinis
2602 5557 2834 5616 salubris
2864 5557 3180 5614 mortalibus
3208 5572 3338 5615 usus
3364 5558 3472 5614 ali-

1884 5634 2002 5704 quis
2023 5642 2125 5689 est.
2156 5634 2482 5689 Βετυιειυε.

1955 5703 2022 5758 In
2049 5704 2379 5775 serpentibus.
2412 5702 2708 5775 Unicuique
2754 5707 3051 5775 no_tu_m_est
3069 5739 3088 5769 ,
3116 5715 3185 5759 ex
3209 5698 3316 5759 illis
3342 5697 3470 5761 thes

1885 5775 2087 5845 riacon,
2112 5770 2315 5831 homini
2341 5773 2496 5830 valde
2528 5770 2675 5840 utile,
2699 5770 2913 5827 conlici.
2936 5770 3107 5829 ϐΑιι..
