3970 6384
435 327 542 396 ita

1770 334 1950 390 FIBM.
1993 333 2362 390 LACTANTII

3639 325 3758 388 120

425 463 632 521 'nempe
678 447 938 506 adversus
985 449 1144 516 mala,
1197 465 1318 503 cum
1362 447 1413 502 id
1455 447 1530 503 illi
1574 457 1870 518 querantur
1897 462 2018 504 esse
2045 429 2104 516 Α
2121 450 2256 506 Nam
2284 451 2328 505 si
2359 451 2559 506 malum
2588 449 2796 506 nullum
2831 451 2941 515 sit,
2975 449 3181 504 nullum
3223 448 3563 520 periculum,
3604 449 3756 504 nihil

432 540 661 596 omnino
703 541 920 595 malum.
952 539 1204 609 Viperam
1249 540 1429 594 ferunt
1476 551 1720 595 exuStam
1772 540 1826 594 in
1877 541 2023 596 cine-

432 643 662 702 remque
697 631 989 699 dilapsam,
1020 629 1222 686 mederi
1261 631 1503 699 ejusdem
1552 633 1742 686 bestite
1795 633 2018 687 morsui.

439 721 653 790 Quanto
683 721 876 776 melius
905 722 1082 776 fuerat
1107 735 1225 776 eam
1263 736 1483 790 prorsus
1512 736 1619 777 non
1661 737 1783 777 esse
1803 764 1818 789 ,
1865 738 2024 792 quam

435 817 734 871 remedium
767 827 951 872 contra
982 833 1042 872 se
1067 818 1135 871 ab
1165 833 1226 873 ea
1250 819 1360 888 ipsa
1391 819 1729 874 desiderari?

512 909 732 964 Brevius
759 910 938 980 igitur,
968 925 1031 965 ac
1064 911 1244 966 verius
1285 911 1614 981 respondere
1655 923 1942 981 potuerunt
1973 915 2028 969 in

437 998 582 1054 hunc
627 999 864 1054 modum.
897 1001 1037 1056 Deus
1066 1017 1186 1056 cum
1233 1000 1520 1056 formasset
1556 1003 1824 1058 hominem
1865 1005 2029 1060 veluti

437 1090 785 1146 simulacrum
811 1107 991 1156 suum,
1020 1091 1162 1161 quod
1189 1102 1304 1147 erat
1329 1093 1489 1146 divini
1513 1094 1710 1162 Opilicii
1739 1110 2028 1162 summum,

435 1181 720 1252 inspiravit
749 1181 800 1237 ei
831 1183 1148 1258 sapientiam
1173 1183 1295 1248 soli,
1322 1194 1378 1238 ut
1398 1185 1576 1238 omnia
1606 1185 1829 1254 imperio
1855 1201 1918 1242 ac
1942 1186 2027 1240 di-

436 1273 575 1330 lioni
624 1291 736 1330 sua:
767 1275 1078 1346 subjugaret
1105 1276 1460 1348 omnibusque
1509 1279 1691 1332 mundi
1737 1279 2034 1334 commodis

436 1376 707 1424 uteretur.
740 1369 1027 1440 Proposuit
1052 1379 1226 1427 tamen
1254 1372 1303 1426 ei
1331 1382 1385 1427 et
1427 1373 1566 1426 bona
1612 1381 1668 1426 et
1707 1374 1878 1438 mala;
1907 1373 2034 1442 quia

438 1459 754 1530 sapientiam
781 1459 959 1528 dedit;
995 1461 1148 1531 cujus
1190 1461 1368 1516 omnis
1395 1463 1532 1517 ratio
1575 1463 1629 1516 in
1665 1463 2036 1521 discernendis

439 1549 600 1606 malis
629 1565 693 1606 ac
721 1551 878 1606 bonis
912 1552 1014 1607 sita
1055 1561 1158 1608 est.
1190 1551 1306 1608 Non
1359 1561 1540 1623 potest
1584 1555 1728 1610 enim
1756 1555 2038 1626 quisquam

440 1642 641 1712 eligere
669 1642 892 1698 meliora
921 1651 978 1698 et
1022 1644 1164 1699 scire
1207 1643 1336 1714 quid
1362 1646 1562 1700 bonum
1612 1646 1721 1712 sit,
1753 1645 1854 1700 nisi
1902 1646 2040 1700 sciat

439 1732 601 1788 simul
629 1734 858 1802 rejicere
881 1749 946 1789 ac
975 1735 1147 1790 vitare
1175 1750 1296 1806 qua:
1323 1736 1464 1790 mala
1495 1746 1639 1790 sunt.
1673 1737 1905 1790 Invicem
1937 1736 2034 1791 sibi

2127 542 2395 613 denique,
2453 543 2598 613 quod
2651 542 2872 598 loedere
2925 542 3202 598 hominem
3249 541 3462 614 possit,
3529 541 3760 597 tollitur

2128 633 2303 688 omnis
2332 634 2550 690 materia
2573 633 2871 705 sapientiae,
2900 648 3000 690 nec
3026 633 3130 688 erit
3155 633 3361 688 homini
3401 633 3755 689 necessaria.

2129 725 2324 782 Positis
2359 725 2503 781 enim
2534 724 2902 780 tantummodo
2949 725 3005 780 in
3049 735 3346 794 conspectu
3391 724 3584 790 bonis,
3613 723 3758 794 quid

2131 833 2264 887 opus
2294 828 2376 873 cst
2419 818 2769 888 cogitatione,
2819 817 3120 885 intellectu,
3167 817 3430 880 scientia,
3481 817 3762 872 ratione?

2131 925 2256 965 cum
2298 925 2636 980 quocumque
2673 909 2975 979 porrexerit
3003 924 3256 976 manum,
3302 908 3352 964 id
3387 920 3610 964 natura:
3647 925 3760 979 ap-

2133 1009 2245 1056 tum
2267 1011 2321 1055 et
2347 999 2807 1076 accommodatum
2836 999 2907 1056 sit
2938 1018 2951 1055 :
2987 1009 3044 1054 ut
3069 1001 3112 1054 si
3141 1001 3260 1069 quis
3283 1000 3410 1054 velit
3435 1002 3764 1070 apparatis-

2133 1093 2322 1147 simam
2343 1107 2552 1148 cmnam
2586 1092 2897 1160 infantibus,
2921 1093 3011 1162 qui
3042 1092 3279 1147 nondum
3309 1092 3550 1162 sapiant,
3581 1108 3767 1160 appo-

2135 1201 2286 1250 nere,
2322 1187 2503 1250 utique
2533 1185 2585 1239 id
2615 1193 2870 1254 appetent
2899 1185 3118 1254 singuli,
3159 1201 3267 1254 quo
3297 1201 3766 1256 unumquemque

2135 1287 2228 1332 aut
2272 1277 2522 1347 impetus,
2571 1285 2664 1331 aut
2693 1276 2882 1344 fames,
2915 1285 3008 1330 aut
3045 1276 3208 1331 etiam
3239 1291 3397 1332 casus
3425 1278 3764 1343 attraxerit,

2137 1377 2192 1424 et
2212 1367 2467 1438 quidquid
2494 1367 2844 1436 sumpserint,
2875 1367 2928 1422 id
2955 1367 3061 1422 illis
3083 1368 3189 1422 erit
3215 1367 3378 1422 vitale
3407 1384 3472 1422 ac
3501 1367 3768 1424 salubre.

2138 1457 2275 1526 Quid
2301 1458 2458 1528 igitur
2505 1449 2750 1524 nocebit,"
2790 1472 2886 1512 eos
2923 1455 3078 1511 sicuti
3121 1465 3280 1522 sunt,
3315 1473 3656 1525 permanere
3711 1468 3772 1512 et

2141 1565 2355 1621 semper
2395 1549 2627 1604 infantes
2671 1564 2736 1604 ac
2783 1549 2995 1604 nescios
3038 1563 3160 1604 esse
3209 1549 3432 1602 rerum?
3461 1549 3520 1603 Si
3565 1559 3772 1604 autem

2141 1643 2440 1698 admisceas
2466 1641 2546 1698 vel
2569 1657 2771 1704 amara,
2795 1641 2880 1696 vel
2901 1641 3129 1706 inutilia,
3157 1641 3246 1696 vel
3267 1643 3434 1696 etiam
3456 1651 3770 1704 venenata,

2141 1731 2484 1802 decipiuntur
2531 1731 2714 1799 utique
2767 1746 2861 1800 per
2907 1731 3261 1800 ignorantiam
3315 1732 3442 1785 boni
3487 1747 3554 1785 ac
3601 1732 3770 1797 ntali,

439 1823 698 1880 alterutra
730 1839 972 1879 connexa
1001 1834 1161 1892 sunt;
1189 1833 1246 1880 ut
1272 1826 1484 1881 sublato
1509 1827 1793 1894 alterutro,
1830 1835 2036 1881 utrum-
2067 1850 2114 1910 Β
2142 1827 2243 1882 nisi
2273 1826 2491 1882 accedat
2539 1826 2626 1880 his
2654 1827 2939 1895 sapientia,
2969 1841 3063 1895 per
3105 1841 3264 1894 quam
3299 1821 3539 1880 habeant
3573 1827 3769 1880 malo-

442 1929 553 1985 que
573 1915 687 1969 tolli
702 1915 771 1969 sit
791 1929 1033 1972 necesse.
1061 1916 1357 1987 Pmpositis
1387 1917 1546 1988 igitur
1571 1918 1725 1974 bonis
1752 1918 2033 1989 malisque,

443 2015 560 2062 tum
581 2007 798 2061 demum
824 2023 962 2077 Opus
989 2024 1150 2064 suum
1182 2010 1385 2079 peragit
1411 2009 1710 2079 sapientia;
1741 2019 1795 2064 et
1823 2011 2038 2080 quidem

439 2095 643 2152 bonum
685 2097 890 2167 appetit
918 2097 985 2152 ad
1017 2097 1324 2164 utilitatem,
1359 2099 1556 2152 malum
1601 2099 1776 2168 rejicit
1803 2098 1869 2152 ad
1897 2099 2040 2153 salu-

439 2193 577 2242 tem.
603 2185 742 2256 Ergo
765 2186 906 2242 sicut
927 2187 1067 2242 bona
1089 2187 1494 2242 innumerabilia
1516 2187 1638 2242 data
1664 2197 1787 2242 sunt
1813 2188 2037 2254 homini,

441 2277 640 2350 quibus
679 2277 784 2332 frui
831 2288 1042 2348 posset;
1093 2279 1173 2334 sic
1221 2281 1380 2333 etiam
1421 2279 1580 2344 mala,
1632 2295 1750 2350 qua:
1801 2287 2038 2334 caveret.

2145 1934 2263 1974 rum
2291 1918 2640 1988 rejectionem
2670 1918 3040 1989 bonorumque
3063 1916 3357 1972 delectum.

2217 2097 2379 2152 Vides
2427 2110 2578 2166 ergo.
2611 2096 2780 2166 magis
2819 2105 3038 2166 propter
3079 2097 3218 2150 mala
3261 2111 3399 2166 opus
3441 2097 3608 2151 nobis
3639 2111 3780 2153 esse

2145 2188 2403 2256 sapientia
2429 2204 2442 2240 :
2471 2203 2590 2256 quae
2619 2187 2720 2241 nisi
2753 2187 2974 2242 fuissent
3001 2189 3298 2256 proposita,
3329 2177 3606 2243 rationale
3633 2191 3766 2244 ani-

2147 2280 2256 2334 mal
2287 2295 2393 2334 non
2423 2294 2686 2336 essemus.
2715 2279 2867 2347 Quod
2899 2281 2942 2333 si
2972 2279 3087 2336 ha:c
3115 2281 3252 2336 ratio
3284 2295 3410 2336 vera
3435 2291 3523 2336 est
3542 2323 3557 2346 ,
3591 2299 3773 2352 quam

1783 2414 2146 2472 VARIORUM
2185 2417 2414 2473 ΝΟΤᾹΣ.

438 2529 470 2540 ’⁵
521 2532 722 2602 Nempe
750 2533 987 2588 adversus
1015 2534 1184 2596 mala,
1219 2549 1331 2585 cum
1358 2531 1411 2584 id
1453 2531 1529 2584 illi
1553 2539 1848 2602 querantur.
1870 2571 1898 2602 _.
1929 2569 1983 2602 .__.
2020 2567 2032 2580 .

447 2599 669 2657 naulum.
699 2603 822 2658 Haec
851 2603 1013 2659 verba
1043 2605 1221 2657 omnia
1256 2603 1604 2658 Heumannus
1644 2601 1808 2667 ejicit.
1859 2599 2037 2653 Cella-

445 2677 562 2728 I'ius
585 2682 640 2728 et
669 2673 880 2728 Walch.
911 2671 1110 2742 Nempe
1137 2673 1376 2726 adversus
1401 2673 1557 2734 mala,
1586 2687 1796 2736 cumque
1819 2669 1904 2742 illi
1917 2685 2040 2742 que-

447 2753 650 2798 rentnr.‘
679 2743 883 2800 Sensus
906 2739 1121 2798 videtur
1157 2759 1314 2798 esse:
1349 2741 1406 2796 Si
1451 2743 1534 2796 vel
1585 2742 1815 2794 maxime
1860 2739 2034 2808 aliqua

446 2813 716 2868 medicina
748 2815 800 2867 in
831 2815 896 2868 iis
923 2811 1293 2884 (perniciosis)
1341 2821 1444 2875 est,
1491 2821 1544 2866 et
1573 2810 2038 2884 aliquandoinve-

447 2885 652 2949 nietur,
683 2899 876 2952 nempe
903 2880 1164 2938 adversus
1191 2880 1327 2938 mala
1359 2884 1483 2952 erit,
1507 2883 1658 2952 etita
1683 2880 1950 2952 medicina
1978 2895 2040 2933 ea:

450 2955 605 3007 malis
631 2950 894 3008 adversus
922 2953 1094 3018 mala;
1121 2968 1246 3008 cum
1278 2951 1584 3006 Academici
1611 2951 1807 3013 velint,
1840 2950 2040 3003 nullum

447 3024 674 3080 omnino
727 3023 926 3078 malum
971 3038 1092 3078 esse
1117 3024 1336 3084 debere,
1376 3037 1446 3076 ne
1490 3020 1751 3075 medicina
1791 3035 1854 3074 ex
1887 3021 2041 3073 malis

451 3074 965 3164 conira‘malaoptis
979 3074 1088 3150 sit:
1105 3074 1492 3158 infra,
1528 3074 1588 3146 Si
1622 3091 1814 3144 malum
1847 3091 2045 3143 nullum
2070 3074 2116 3136 C

453 3163 540 3218 sit.

537 3232 778 3304 Viperam
827 3235 996 3304 ferunt
1039 3241 1447 3304 exustamtetc.
1497 3229 1633 3304 Vide
1656 3229 1916 3304 _Plinium
1950 3230 2045 3304 ιιι).

451 3318 580 3375 xxix
600 3300 791 3359 'Natur.
823 3303 1014 3362 histor.
1047 3318 1167 3375 cap.
1197 3305 1253 3360 4.
1283 3301 1546 3359 Galenum
1573 3301 1628 3356 in
1655 3300 2046 3370 Therapeutica

454 3374 526 3430 ad
553 3373 830 3429 Pisonem.

461 3445 685 3570 i6Quod
720 3454 828 3499 erat
864 3445 1023 3500 divini
1069 3444 1264 3515 opiﬁcii
1286 3459 1559 3500 summum.
1603 3441 1775 3498 Abest
1815 3441 1977 3496 diuini
2017 3457 2048 3497 a

558 3530 686 3570 mss.

558 3530 686 3570 mss.

531 3584 600 3638 Et
634 3585 767 3639 bona
788 3596 836 3640 et
862 3587 1000 3640 mata
1018 3626 1034 3652 ,
1074 3596 1181 3641 etc.
1205 3586 1360 3655 Saepe
1386 3584 1504 3640 haec
1531 3591 1586 3640 et
1604 3583 1796 3655 similia
1815 3582 2049 3655 inculcat

454 3655 766 3726 Lactantius
813 3673 824 3710 :
879 3657 1076 3711 fallitur
1121 3653 1310 3712 autem
1349 3671 1509 3726 quam
1559 3654 1824 3726 maxime;
1869 3653 2048 3707 omnia

451 3725 597 3781 enim
623 3743 744 3794 qua:
775 3728 914 3782 Deus
941 3730 1165 3792 creavit,
1197 3736 1350 3781 erant
1369 3723 1531 3780 ’valde
1570 3723 1708 3777 bona
1733 3763 1750 3788 ,
1783 3730 1851 3794 ut
1871 3731 2048 3794 textus

455 3810 611 3850 sacer
643 3792 844 3850 innuit.
890 3798 945 3854 Si
996 3797 1157 3866 igitur
1204 3795 1480 3852 nonnulla:
1529 3803 1791 3866 creatura:
1840 3792 2045 3866 homini

454 3867 647 3936 noxias
668 3867 867 3923 habent
893 3862 1198 3936 qualitates.
1231 3883 1337 3921 non
1363 3865 1622 3921 creatoris
1650 3864 1800 3925 vitio,
1819 3862 1920 3936 sed
1950 3862 2046 3916 ho-

455 3935 621 4002 minis
647 3947 866 4002 peccato
896 3933 1294 4006 imputandum;
1335 3935 1466 4006 illud
1499 3935 1644 4006 enim
1687 3941 1859 4006 totum
1905 3933 2047 4006 hunc

455 4006 718 4060 mundum
773 4004 992 4060 vanitati
1041 4007 1335 4062 obnoxium
1380 4005 1632 4069 reddidit,
1678 4013 1740 4057 ut
1779 4004 1954 4057 innuit
1981 4004 2043 4056 Β.

457 4074 657 4132 Paulus
685 4075 752 4130 ad
772 4076 1046 4131 Romanos
1065 4091 1185 4145 cap.
1218 4091 1334 4130 vnt.

535 4147 608 4197 Ac
634 4145 777 4200 bonis
802 4148 900 4200 sita
921 4157 1014 4200 est.
1045 4142 1363 4201 Sic—resolui
1393 4160 1460 4199 ex
1486 4159 1616 4200 mss.
1640 4142 1888 4196 omnibus
1912 4157 2047 4210 pra:-

459 4223 544 4270 ter
569 4217 603 4270 5
635 4231 742 4270 rec.
777 4217 828 4268 in
854 4217 1052 4285 quibus
1078 4226 1182 4279 est,
1216 4227 1272 4270 ut
1297 4217 1348 4270 in
1370 4216 1554 4282 editis,
1581 4214 1746 4285 posita
1770 4221 1882 4276 est;
1913 4228 2043 4268 mss.

458 4285 702 4356 quidam,
731 4287 829 4340 sita
857 4288 942 4340 sit.

530 4354 756 4410 Invicem
779 4357 874 4409 sibi
897 4357 1143 4410 alterutra
1163 4372 1389 4411 connexa
1411 4363 1550 4410 sunt.
1573 4354 1650 4408 Ita
1673 4352 1852 4408 ferunt
1875 4363 2050 4407 veter-

457 4424 745 4498 rintirrmss.
775 4426 1098 4498 Regio-Pin.
1122 4425 1372 4498 etICauc.,
1403 4427 1600 4494 aliique
1613 4425 1816 4494 plures,
1853 4437 1915 4476 ac
1946 4425 2046 4478 Be-

459 4495 612 4550 tuleii
641 4497 770 4554 edit.
798 4495 1062 4552 ln’multis
1084 4495 1223 4559 aliis,
1253 4498 1556 4551 alterutrum
1583 4511 1809 4549 connexa
1836 4504 2050 4547 sunt.—

460 4564 614 4620 Hanc
655 4566 896 4621 ultimam
935 4568 1220 4623 lectionem
1247 4569 1438 4637 recipit
1468 4567 1763 4628 Buneman,
1793 4574 1847 4618 et
1869 4572 2048 4618 notam

459 4648 774 4704 sequentem
813 4637 1052 4692 exhibet.
1077 4665 1148 4677 —-
1185 4637 1410 4692 Invicem
1453 4639 1548 4690 sibi
1583 4637 2050 4704 alterutrumcon-

461 4703 594 4760 uesta
625 4717 758 4762 sunt.
791 4708 952 4764 Goth.
986 4717 1041 4762 et
1065 4709 1240 4763 Betul.
1271 4709 1538 4770 alterutra,
1564 4721 1786 4759 numero
1811 4703 2049 4758 multitu—

461 4775 625 4848 dinis,
650 4779 948 4848 elegantius
978 4793 1129 4834 sane.
1165 4779 1238 4833 lta
1263 4790 1388 4834 ante
1415 4788 1656 4848 nostrum
1688 4775 2050 4830 Tertullianus

461 4846 530 4900 de
559 4846 777 4919 Resurr.
807 4849 995 4915 Carn.,
1027 4865 1144 4919 cap.
1185 4849 1276 4912 44,
1325 4849 1558 4903 Membra
1603 4847 1918 4919 alterutrum
1963 4863 2051 4898 su-

459 4933 594 4972 mus.
653 4917 951 4989 Cyprianus
995 4917 1184 4974 libint
1227 4919 1450 4975 Testim.
1507 4935 1562 4972 η.
1619 4917 1672 4970 9.
1719 4917 2050 4989 Alterutrum

459 5003 618 5041 onera
641 4986 904 5052 sustinete,
943 5000 1000 5045 et
1041 4992 1190 5044 alibi.
1220 4989 1344 5056 ipse
1389 4989 1696 5043 Lactantius
1737 4987 1790 5039 in
1825 4986 1962 5054 Epit.
1993 5001 2042 5040 c.

459 5057 564 5112 29:
597 5058 763 5112 Vides.
789 5099 802 5112 .
829 5099 842 5113 .
875 5061 1058 5112 bonum
1079 5071 1126 5113 et
1153 5059 1346 5114 malum
1374 5062 1446 5113 ita
1473 5059 1566 5113 sibi
1597 5073 1701 5110 esse
1725 5065 1972 5122 connexa,
1996 5066 2050 5109 ut

459 5129 678 5182 alterum
704 5133 814 5182 sine
827 5131 988 5184 altero
1013 5141 1246 5183 constare
1271 5147 1372 5183 non
1400 5131 1576 5199 possit.
1607 5129 1739 5182 BUN.

503 5199 752 5256 .Snblato
804 5199 1070 5266 alterutro,
1121 5212 1227 5254 etc.
1281 5201 1305 5254 1
1362 5197 1566 5254 Bonon.
1623 5199 1816 5266 antiq.,
1864 5197 2043 5249 altera.

458 5267 656 5338 Scripti
681 5267 844 5323 Cauc.
873 5311 888 5334 ,
921 5269 1059 5324 Ultr.
1081 5311 1095 5330 ,
1135 5271 1398 5324 alterutra.
1443 5271 1578 5325 Huic
1609 5267 1890 5338 quaestioni
1910 5281 2044 5338 _non

458 5335 595 5410 satis
614 5341 857 5410 apposite
882 5342 1170 5410 respondet
1201 5342 1524 5396 Lactantius.
1553 5335 1685 5396 Cum
1725 5337 1870 5390 enim
1910 5335 2047 5390 Deus

460 5409 546 5481 sui
573 5411 751 5477 operis
783 5409 1074 5478 inspector,
1098 5427 1445 5481 quaecumque
1477 5411 1638 5464 totius
1671 5416 1876 5462 natura:
1899 5421 2048 5481 corn-

463 5479 621 5550 plexu
647 5481 1090 5546 continebantur,
1117 5479 1336 5550 prppria
1363 5479 1540 5536 etiam
1577 5481 1705 5532 bona
1737 5479 2047 5550 pronuntia-

463 5556 570 5612 ret,
603 5549 668 5600 ita
700 5559 756 5602 ut
784 5567 902 5619 qua:
943 5547 1196 5618 deinceps
1224 5547 1370 5606 'mala
1399 5549 1709 5606 acciderint.
1754 5547 1855 5601 sibi
1887 5547 2046 5600 homo

463 5632 690 5690 necesse
718 5619 786 5672 sit
813 5631 1026 5688 accepta
1055 5625 1276 5684 referat,
1308 5623 1506 5690 quippe
1534 5633 1652 5689 Qua:
1682 5631 1788 5690 non
1817 5630 2039 5690 "illum.

464 5686 562 5742 sed
591 5691 788 5762 peccati
811 5686 1032 5762 _humani
1065 5693 1282 5762 sequela
1307 5686 1522 5748 essent:
1553 5686 1660 5762 iam
1689 5688 1844 5762 longe
1870 5686 2040 5752 abest,

469 5763 532 5812 ut
565 5760 704 5825 quod
747 5759 884 5815 infra
921 5763 1114 5820 asserit
1144 5759 1486 5828 Lactantius,
1531 5760 1728 5816 sublato
1775 5759 2040 5826 alterutro,

2141 2539 2410 2600 utrumque
2439 2530 2547 2582 tolli
2573 2530 2636 2582 sit
2658 2547 2875 2594 necesse,
2902 2539 2953 2582 ιιι
2977 2530 3098 2585 (ξωΙί
3131 2531 3321 2584 incolis
3370 2531 3505 2585 nihil
3557 2549 3630 2588 eo
3665 2551 3778 2590 no-

2141 2601 2286 2654 mine
2313 2599 2558 2664 decedat,
2592 2601 2733 2668 quod
2763 2601 2908 2654 omni
2941 2603 3344 2655 contrarietatis
3375 2614 3524 2656 metu
3563 2607 3778 2660 immu—

2140 2685 2256 2743 nes,
2287 2668 2794 2743 felici__necessitate
2837 2672 2889 2724 in
2942 2673 3166 2743 alteram
3212 2671 3496 2726 dumtaxat
3548 2689 3774 2743 partem

2143 2739 2403 2794 ferantur.
2437 2739 2561 2794 ilice
2583 2741 2762 2806 itaque
2795 2757 2954 2806 mena:
2981 2742 3118 2795 mala
3149 2754 3442 2797 e0usecuta
3476 2739 3606 2798 sunt
3645 2763 3774 2800 ma-

2141 2810 2250 2864 lum
2304 2811 2502 2878 culpis,
2549 2811 2690 2880 quod
2735 2811 2790 2866 in
2840 2825 2900 2866 se
2939 2811 3178 2866 Adamus
3221 2813 3476 2876 admisit,
3529 2831 3778 2872 securus

2140 2881 2340 2952 alioqui
2369 2898 2398 2933 a
2446 2881 2714 2947 prioribus
2745 2881 2986 2949 futurus,
3019 2882 3062 2936 si
3089 2882 3356 2938 innocens
3390 2889 3766 2949 perstitisset.

3352 2954 3654 3011 SPARKIUS.

2225 3021 2439 3074 Tollitur
2459 3023 2624 3076 omnis
2653 3025 2864 3076 materia
2889 3023 3171 3092 sapientia.
3215 3021 3436 3078 Falsum
3485 3030 3593 3081 huc
3641 3043 3778 3084 esse

2151 3099 2292 3162 patet
2323 3094 2371 3144 iu
2407 3092 2642 3156 Adamo;
2677 3094 2772 3146 fuit
2801 3095 2944 3149 enim
2975 3104 3264 3162 antequam
3296 3097 3436 3149 mula
3467 3109 3776 3154 esseut.—

2152 3159 2371 3214 Tollitur
2395 3163 2557 3216 omnis
2584 3164 2798 3217 materia
2817 3165 3098 3232 sapientiai.
3123 3159 3202 3218 Et
3231 3165 3330 3219 fuit
3359 3170 3640 3229 sapientia
3663 3185 3778 3224 an-

2153 3241 2363 3304 tequam
2395 3233 2530 3304 mala
2560 3243 2761 3298 essent,
2793 3245 2848 3289 et
2873 3236 2976 3289 erit
3005 3247 3283 3304 perpetua,
3330 3237 3573 3292 sublatis
3605 3242 3777 3295 malis

2150 3303 2420 3362 omnibus.
2443 3301 2610 3358 Caute
2634 3319 2784 3372 ergo,
2827 3319 2948 3373 quae
2980 3301 3082 3360 hoc
3103 3301 3230 3360 loco
3272 3305 3537 3361 dicuntur
3564 3351 3579 3372 ,
3621 3312 3775 3365 acci-

2151 3373 2508 3446 piendasuut,
2537 3387 2658 3428 cum
2690 3389 2864 3446 pteuat
2895 3377 3031 3428 mala
3079 3391 3184 3446 non
3223 3387 3351 3430 ante
3392 3378 3620 3446 culpam
3671 3381 3780 3436 ho-

2151 3443 2556 3568 tlnilniséuerint,
2591 3459 2765 3515 neque
2801 3445 2869 3499 ad
2914 3445 3234 3500 exercitium
3273 3443 3564 3517 sapientia:
3611 3453 3780 3506 insti-

2179 3529 2210 3566 u
2240 3531 2287 3565 ει.
2371 3529 2491 3568 ειι.

2156 3521 2287 3567 luta.
2325 3521 2491 3568 CELL.

2221 3582 2348 3636 Cum
2373 3599 2690 3654 quocumque
2719 3587 3018 3654 porrexerit.
3048 3585 3218 3642 Abest
3271 3603 3390 3642 cum
3433 3605 3466 3643 a
3521 3592 3596 3646 10
3629 3607 3776 3648 mss.

2151 3654 2480 3720 totidemque
2503 3653 2683 3708 editis.

2223 3722 2985 3797 Naturae...accommodatum.
3014 3727 3256 3782 Imitatur
3270 3727 3632 3797 Ciceronem,
3655 3735 3693 3788 I.
3719 3751 3776 3796 v,

2149 3795 2270 3858 fin.,
2294 3809 2411 3862 cap.
2444 3794 2476 3848 9
2501 3812 2512 3847 :
2539 3793 2730 3872 Cteptat
2754 3807 2798 3848 et
2825 3813 2904 3861 ea,
2931 3810 3271 3872 qua:_natnrw
3299 3811 3424 3866 apta
3451 3793 3636 3862 sentit,
3673 3793 3778 3872 ap;

2147 3874 2315 3942 petere
2329 3875 2378 3917 et
2403 3865 2703 3942 propulsare
2729 3869 3006 3942 contraria.
3035 3865 3582 3942 Ergoomnianimoli
3607 3865 3772 3942 illud,

2147 3934 2284 4008 quod
2311 3934 2506 4008 appetit
2529 3935 2751 4002 positum
2775 3947 2848 3990 est
2868 3939 2922 3991 in
2947 3955 3026 4008 eo,
3054 3934 3193 4008 quod
3221 3951 3428 3996 natura:
3456 3954 3534 3996 est
3557 3934 3780 4000 necom;

2149 4006 2430 4059 modatum.
2461 4006 2591 4060 Bon.

2220 4097 2669 4173 Accomtnodatmn
2693 4099 2780 4151 sit.
2808 4099 2900 4173 Sic
2924 4101 3134 4173 restitui
3157 4117 3224 4156 ex
3245 4105 3538 4173 antiquiss.
3569 4123 3711 4162 mss.
3743 4113 3770 4166 l

2152 4167 2382 4244 -ιξοιιοιι,
2431 4167 2779 4244 [legio-Puta
2835 4172 2858 4222 1
2904 4171 2978 4226 al.
3019 4171 3152 4244 Beg.
3209 4167 3430 4236 νεα,έὲ
3485 4177 3776 4244 Colbcrt.,

2150 4236 2414 4358 Bal;z.et
2439 4236 2672 4294 Clarum.
2705 4239 2758 4292 in
2805 4255 2975 4312 marg.
3027 4236 3252 4297 ln'aliis
3299 4254 3354 4299 et
3404 4247 3570 4302 editis
3625 4236 3779 4304 com:

2150 4323 2230 4358 mo
2271 4325 2379 4358 um.

2150 4323 2379 4361 moaum.

2234 4398 2398 4472 Vitale
2424 4416 2482 4452 ac
2509 4400 2726 4472 salubre.
2764 4401 2842 4456 lsa
2877 4405 3090 4472 reposui
3142 4421 3208 4460 ex
3260 4405 3296 4460 2
3341 4410 3666 4464 veterrimis
3721 4425 3782 4466 et

2153 4471 2385 4549 optimis
2399 4485 2527 4524 mss.
2555 4471 2783 4538 Bonon.,
2809 4471 3129 4549 Regio-Pot.
3159 4477 3222 4549 Et
3245 4487 3430 4540 recte;
3467 4483 3779 4549 respicitur

2150 4539 2294 4610 ettim
2323 4541 2388 4593 ad
2418 4556 2612 4594 orenam
2641 4555 2822 4610 supra.
2846 4539 2976 4597 Aliis
3005 4555 3086 4600 est
3113 4548 3258 4600 utile.
3285 4577 3357 4586 —
3399 4539 3578 4604 Vitalc'
3600 4570 3666 4604 nc
3685 4571 3781 4606 sa-

2150 4609 2334 4693 lubre._
2361 4610 2583 4693 Legitur
2618 4609 2740 4668 utile
2767 4630 2827 4666 ac
2873 4615 3078 4693 salubre
3115 4619 3252 4686 apud
3290 4618 3600 4693 Bunenian.
3653 4626 3778 4693 Ap-

2151 4681 2341 4753 probat
2365 4692 2545 4735 tamen
2571 4682 2623 4736 in
2647 4694 2772 4738 nota
2798 4685 3042 4753 sequenti
3068 4681 3307 4742 nostram
3341 4691 3672 4748 lectionem.
3702 4681 3782 4735 ὶ-

2150 4751 2502 4822 Sittgulariter
2531 4753 2690 4822 idque
2737 4751 3014 4819 eleganter
3041 4756 3252 4810 Bonon.
3295 4757 3464 4814 Vitale
3511 4779 3574 4814 ac
3619 4766 3781 4818 salu-

2150 4820 2268 4886 bre;
2301 4831 2356 4875 ut
2383 4822 2552 4886 vitatis
2595 4820 2666 4879 sn
2691 4824 2758 4877 ad
2801 4827 2952 4878 vitam
2996 4829 3154 4881 utilis.
3193 4829 3464 4884 Videntur
3509 4849 3780 4890 nonnun-

2149 4905 2309 4958 quam
2337 4892 2421 4945 ha:
2441 4907 2600 4970 voces
2627 4895 2882 4970 confusae.
2915 4895 3085 4970 Forte
3118 4899 3310 4968 aliquis
3353 4906 3663 4970 suspicitur
3685 4948 3702 4966 .
3735 4909 3776 4961 l.

2147 4975 2232 5028 γι,
2265 4977 2383 5032 cap.
2433 4963 2521 5031 15,
2576 4979 2670 5033 pro
2713 4966 2881 5019 vitalis
2909 4967 3026 5032 viri,
3073 4963 3384 5039 legendum.
3441 4963 3592 5028 utilis
3646 4963 3777 5032 viri.

3324 5041 3460 5096 Bos.

2217 5101 2367 5178 Opus
2389 5104 2550 5178 nobis.
2600 5105 3019 5178 Sic_cmendavi
3069 5125 3136 5164 ex
3181 5126 3314 5165 mss.
3346 5117 3380 5164 ‘2
3437 5115 3688 5178 Βοιιυιι..
3749 5121 3774 5173 l

2150 5171 2316 5260 βεεν
2339 5175 2380 5253 2_
2398 5173 2660 5260 Colbcrt.,
2690 5176 2895 5246 Baluz.,
2928 5177 3061 5233 Tax.
3091 5180 3150 5235 In
3188 5184 3401 5238 caeteris
3435 5185 3596 5241 libris
3633 5171 3782 5260 uigil

2153 5252 2236 5296 tur
2265 5243 2424 5310 bonis,
2454 5247 2728 5301 mendose.

2223 5333 2356 5412 Qute
2397 5339 2500 5412 nisi
2535 5339 2748 5412 fuissent
2786 5343 3066 5412 praposita.
3118 5344 3344 5400 Scilicet
3389 5349 3558 5403 mala.
3625 5352 3780 5412 Vide

2151 5405 2385 5480 praeced;
2409 5415 2462 5460 et
2486 5405 2543 5480 in
2565 5409 2678 5480 line
2701 5405 2908 5478 capitis.
2943 5411 3018 5466 Ita
3053 5417 3268 5470 correxi
3311 5432 3376 5472 ex
3427 5420 3594 5474 editis
3649 5405 3772 5480 vel

2149 5474 2630 5558 ltotng,l_3_eturl.,_ls.
2659 5474 2980 5558 etoinnibus
3006 5499 3160 5546 mss.,
3191 5497 3390 5553 przcter
3415 5490 3442 5542 1
3475 5489 3620 5558 Reg.
3648 5474 3774 5552 ea}:

2146 5553 2202 5599 et
2281 5543 2512 5602 Colbcrt.
2545 5549 2596 5602 iu
2644 5550 2837 5620 quibus
2865 5551 3059 5623 legitur
3097 5543 3298 5626 {uis-set,
3331 5568 3388 5612 ut
3428 5561 3483 5613 in
3513 5543 3617 5615 iii"
3645 5543 3778 5620 illi:

2145 5627 2300 5686 gatts.

2218 5685 2490 5773 liqtianalc
2513 5691 2706 5773 animal
2734 5709 2834 5772 non
2860 5709 3096 5773 essemus.
3133 5697 3212 5773 An
3247 5699 3420 5773 _Adam
3466 5703 3670 5773 utique
3709 5707 3770 5762 in

2144 5756 2394 5825 paradiso
2441 5775 2549 5816 non
2591 5761 2688 5816 luit
2733 5763 2928 5818 animal
2971 5767 3271 5824 rationale?
3319 5785 3448 5825 lltllll
3495 5756 3774 5836 homines
