  <div class='ocr_page' id='page_1' title='image "/cluster/home/n/w/nwhite01/storage/ocr_20150623/7/umn.31951002477301e/068.png"; bbox 0 0 3970 6316; ppageno 0'>
   <div class='ocr_carea' id='block_1_1' title="bbox 184 338 277 398">
    <p class='ocr_par' dir='ltr' id='par_1_1' title="bbox 184 338 277 398">
     <span class='ocr_line' id='line_1_1' title="bbox 184 338 277 398; baseline -0.011 -1"><span class='ocrx_word' id='word_1_1' title='bbox 184 338 277 398; x_wconf 64' lang='lat' dir='ltr'><strong>nl</strong></span> 
     </span>
    </p>
   </div>
   <div class='ocr_carea' id='block_1_2' title="bbox 183 546 1766 624">
    <p class='ocr_par' dir='ltr' id='par_1_2' title="bbox 183 546 1766 624">
     <span class='ocr_line' id='line_1_2' title="bbox 183 546 1766 624; baseline 0.004 -21"><span class='ocrx_word' id='word_1_2' title='bbox 183 546 332 603; x_wconf 87' lang='lat' dir='ltr'><strong>etiam</strong></span> <span class='ocrx_word' id='word_1_3' title='bbox 366 555 741 616; x_wconf 75' lang='lat' dir='ltr'><strong>argumentum</strong></span> <span class='ocrx_word' id='word_1_4' title='bbox 787 546 916 603; x_wconf 91' lang='lat' dir='ltr'><strong>illud</strong></span> <span class='ocrx_word' id='word_1_5' title='bbox 959 548 1199 620; x_wconf 84' lang='lat' dir='ltr'><strong>Epicuri.</strong></span> <span class='ocrx_word' id='word_1_6' title='bbox 1231 552 1374 607; x_wconf 85' lang='lat' dir='ltr'><strong>Deus</strong></span> <span class='ocrx_word' id='word_1_7' title='bbox 1395 594 1408 616; x_wconf 89' lang='lat'><strong>,</strong></span> <span class='ocrx_word' id='word_1_8' title='bbox 1438 552 1644 624; x_wconf 91' lang='lat' dir='ltr'><strong>inquit,</strong></span> <span class='ocrx_word' id='word_1_9' title='bbox 1673 563 1766 609; x_wconf 91' lang='lat' dir='ltr'><strong>aut</strong></span> 
     </span>
    </p>
   </div>
   <div class='ocr_carea' id='block_1_3' title="bbox 183 635 1763 714">
    <p class='ocr_par' dir='ltr' id='par_1_3' title="bbox 183 635 1763 714">
     <span class='ocr_line' id='line_1_3' title="bbox 183 635 1763 714; baseline 0.006 -24"><span class='ocrx_word' id='word_1_10' title='bbox 183 637 286 691; x_wconf 92' lang='lat' dir='ltr'><strong>vult</strong></span> <span class='ocrx_word' id='word_1_11' title='bbox 322 635 507 692; x_wconf 90' lang='lat' dir='ltr'><strong>tollere</strong></span> <span class='ocrx_word' id='word_1_12' title='bbox 548 637 689 693; x_wconf 89' lang='lat' dir='ltr'><strong>mala</strong></span> <span class='ocrx_word' id='word_1_13' title='bbox 734 646 790 695; x_wconf 90' lang='lat' dir='ltr'><strong>et</strong></span> <span class='ocrx_word' id='word_1_14' title='bbox 831 655 940 695; x_wconf 94' lang='lat' dir='ltr'><strong>non</strong></span> <span class='ocrx_word' id='word_1_15' title='bbox 970 649 1186 711; x_wconf 77' lang='lat' dir='ltr'><strong>potest;</strong></span> <span class='ocrx_word' id='word_1_16' title='bbox 1233 651 1325 699; x_wconf 93' lang='lat' dir='ltr'><strong>aut</strong></span> <span class='ocrx_word' id='word_1_17' title='bbox 1354 652 1529 714; x_wconf 77' lang='lat' dir='ltr'><strong>potest</strong></span> <span class='ocrx_word' id='word_1_18' title='bbox 1558 653 1615 700; x_wconf 92' lang='lat' dir='ltr'><strong>et</strong></span> <span class='ocrx_word' id='word_1_19' title='bbox 1655 659 1763 701; x_wconf 93' lang='lat' dir='ltr'><strong>non</strong></span> 
     </span>
    </p>
   </div>
   <div class='ocr_carea' id='block_1_4' title="bbox 182 727 1765 805">
    <p class='ocr_par' dir='ltr' id='par_1_4' title="bbox 182 727 1765 805">
     <span class='ocr_line' id='line_1_4' title="bbox 182 727 1765 805; baseline 0.006 -22"><span class='ocrx_word' id='word_1_20' title='bbox 182 727 314 794; x_wconf 91' lang='lat' dir='ltr'><strong>vult;</strong></span> <span class='ocrx_word' id='word_1_21' title='bbox 343 739 433 784; x_wconf 90' lang='lat' dir='ltr'><strong>aut</strong></span> <span class='ocrx_word' id='word_1_22' title='bbox 482 744 662 798; x_wconf 89' lang='lat' dir='ltr'><strong>neque</strong></span> <span class='ocrx_word' id='word_1_23' title='bbox 684 730 802 786; x_wconf 91' lang='lat' dir='ltr'><strong>vult</strong></span> <span class='ocrx_word' id='word_1_24' title='bbox 824 771 839 798; x_wconf 98' lang='lat'><strong>,</strong></span> <span class='ocrx_word' id='word_1_25' title='bbox 872 747 1050 805; x_wconf 92' lang='lat' dir='ltr'><strong>neque</strong></span> <span class='ocrx_word' id='word_1_26' title='bbox 1074 742 1277 805; x_wconf 87' lang='lat' dir='ltr'><strong>potest;</strong></span> <span class='ocrx_word' id='word_1_27' title='bbox 1322 744 1415 791; x_wconf 91' lang='lat' dir='ltr'><strong>aut</strong></span> <span class='ocrx_word' id='word_1_28' title='bbox 1451 745 1506 792; x_wconf 91' lang='lat' dir='ltr'><strong>et</strong></span> <span class='ocrx_word' id='word_1_29' title='bbox 1550 737 1662 792; x_wconf 82' lang='lat' dir='ltr'><strong>vult</strong></span> <span class='ocrx_word' id='word_1_30' title='bbox 1710 745 1765 793; x_wconf 88' lang='lat' dir='ltr'><strong>et</strong></span> 
     </span>
    </p>
   </div>
   <div class='ocr_carea' id='block_1_5' title="bbox 181 821 1762 899">
    <p class='ocr_par' dir='ltr' id='par_1_5' title="bbox 181 821 1762 899">
     <span class='ocr_line' id='line_1_5' title="bbox 181 821 1762 899; baseline 0.007 -25"><span class='ocrx_word' id='word_1_31' title='bbox 181 827 364 892; x_wconf 79' lang='lat' dir='ltr'><strong>potest.</strong></span> <span class='ocrx_word' id='word_1_32' title='bbox 396 821 451 878; x_wconf 92' lang='lat' dir='ltr'><strong>Si</strong></span> <span class='ocrx_word' id='word_1_33' title='bbox 483 821 598 876; x_wconf 84' lang='lat' dir='ltr'><strong>vult</strong></span> <span class='ocrx_word' id='word_1_34' title='bbox 628 831 684 878; x_wconf 89' lang='lat' dir='ltr'><strong>et</strong></span> <span class='ocrx_word' id='word_1_35' title='bbox 715 838 821 879; x_wconf 89' lang='lat' dir='ltr'><strong>non</strong></span> <span class='ocrx_word' id='word_1_36' title='bbox 845 834 1052 895; x_wconf 89' lang='lat' dir='ltr'><strong>potest,</strong></span> <span class='ocrx_word' id='word_1_37' title='bbox 1082 827 1365 884; x_wconf 81' lang='lat' dir='ltr'><strong>imbecillis</strong></span> <span class='ocrx_word' id='word_1_38' title='bbox 1390 837 1506 895; x_wconf 89' lang='lat' dir='ltr'><strong>est;</strong></span> <span class='ocrx_word' id='word_1_39' title='bbox 1534 829 1676 899; x_wconf 89' lang='lat' dir='ltr'><strong>quod</strong></span> <span class='ocrx_word' id='word_1_40' title='bbox 1708 830 1762 886; x_wconf 90' lang='lat' dir='ltr'><strong>in</strong></span> 
     </span>
    </p>
   </div>
   <div class='ocr_carea' id='block_1_6' title="bbox 185 912 1763 993">
    <p class='ocr_par' dir='ltr' id='par_1_6' title="bbox 185 912 1763 993">
     <span class='ocr_line' id='line_1_6' title="bbox 185 912 1763 993; baseline 0.006 -24"><span class='ocrx_word' id='word_1_41' title='bbox 185 913 338 969; x_wconf 88' lang='lat' dir='ltr'><strong>Deum</strong></span> <span class='ocrx_word' id='word_1_42' title='bbox 364 928 469 968; x_wconf 91' lang='lat' dir='ltr'><strong>non</strong></span> <span class='ocrx_word' id='word_1_43' title='bbox 492 912 658 969; x_wconf 85' lang='lat' dir='ltr'><strong>cadit.</strong></span> <span class='ocrx_word' id='word_1_44' title='bbox 683 915 741 972; x_wconf 89' lang='lat' dir='ltr'><strong>Si</strong></span> <span class='ocrx_word' id='word_1_45' title='bbox 770 925 947 987; x_wconf 89' lang='lat' dir='ltr'><strong>potest</strong></span> <span class='ocrx_word' id='word_1_46' title='bbox 970 927 1026 973; x_wconf 89' lang='lat' dir='ltr'><strong>et</strong></span> <span class='ocrx_word' id='word_1_47' title='bbox 1052 933 1158 973; x_wconf 91' lang='lat' dir='ltr'><strong>non</strong></span> <span class='ocrx_word' id='word_1_48' title='bbox 1182 919 1312 987; x_wconf 86' lang='lat' dir='ltr'><strong>vult,</strong></span> <span class='ocrx_word' id='word_1_49' title='bbox 1345 919 1593 986; x_wconf 90' lang='lat' dir='ltr'><strong>invidus;</strong></span> <span class='ocrx_word' id='word_1_50' title='bbox 1618 922 1763 993; x_wconf 92' lang='lat' dir='ltr'><strong>quod</strong></span> 
     </span>
    </p>
   </div>
   <div class='ocr_carea' id='block_1_7' title="bbox 186 1004 1765 1084">
    <p class='ocr_par' dir='ltr' id='par_1_7' title="bbox 186 1004 1765 1084">
     <span class='ocr_line' id='line_1_7' title="bbox 186 1004 1765 1084; baseline 0.008 -26"><span class='ocrx_word' id='word_1_51' title='bbox 186 1018 325 1074; x_wconf 73' lang='lat' dir='ltr'><strong>teque</strong></span> <span class='ocrx_word' id='word_1_52' title='bbox 346 1004 578 1059; x_wconf 92' lang='lat' dir='ltr'><strong>alienum</strong></span> <span class='ocrx_word' id='word_1_53' title='bbox 602 1020 635 1060; x_wconf 89' lang='lat' dir='ltr'><strong>a</strong></span> <span class='ocrx_word' id='word_1_54' title='bbox 664 1006 799 1063; x_wconf 91' lang='lat' dir='ltr'><strong>Deo.</strong></span> <span class='ocrx_word' id='word_1_55' title='bbox 827 1007 886 1063; x_wconf 90' lang='lat' dir='ltr'><strong>Si</strong></span> <span class='ocrx_word' id='word_1_56' title='bbox 915 1025 1089 1081; x_wconf 89' lang='lat' dir='ltr'><strong>neque</strong></span> <span class='ocrx_word' id='word_1_57' title='bbox 1117 1011 1250 1078; x_wconf 86' lang='lat' dir='ltr'><strong>vult,</strong></span> <span class='ocrx_word' id='word_1_58' title='bbox 1278 1027 1454 1083; x_wconf 90' lang='lat' dir='ltr'><strong>neque</strong></span> <span class='ocrx_word' id='word_1_59' title='bbox 1478 1022 1675 1084; x_wconf 86' lang='lat' dir='ltr'><strong>potest,</strong></span> <span class='ocrx_word' id='word_1_60' title='bbox 1708 1023 1765 1071; x_wconf 92' lang='lat' dir='ltr'><strong>et</strong></span> 
     </span>
    </p>
   </div>
   <div class='ocr_carea' id='block_1_8' title="bbox 184 1094 1761 1175">
    <p class='ocr_par' dir='ltr' id='par_1_8' title="bbox 184 1094 1761 1175">
     <span class='ocr_line' id='line_1_8' title="bbox 184 1094 1761 1175; baseline 0.01 -27"><span class='ocrx_word' id='word_1_61' title='bbox 184 1094 380 1151; x_wconf 88' lang='lat' dir='ltr'><strong>invidus</strong></span> <span class='ocrx_word' id='word_1_62' title='bbox 423 1104 475 1151; x_wconf 93' lang='lat' dir='ltr'><strong>et</strong></span> <span class='ocrx_word' id='word_1_63' title='bbox 526 1096 813 1155; x_wconf 86' lang='lat' dir='ltr'><strong>imbecillis</strong></span> <span class='ocrx_word' id='word_1_64' title='bbox 841 1110 957 1167; x_wconf 87' lang='lat' dir='ltr'><strong>est;</strong></span> <span class='ocrx_word' id='word_1_65' title='bbox 1005 1102 1234 1172; x_wconf 87' lang='lat' dir='ltr'><strong>ideoque</strong></span> <span class='ocrx_word' id='word_1_66' title='bbox 1275 1119 1450 1175; x_wconf 90' lang='lat' dir='ltr'><strong>neque</strong></span> <span class='ocrx_word' id='word_1_67' title='bbox 1490 1106 1652 1162; x_wconf 92' lang='lat' dir='ltr'><strong>Dens.</strong></span> <span class='ocrx_word' id='word_1_68' title='bbox 1701 1106 1761 1163; x_wconf 89' lang='lat' dir='ltr'><strong>Si</strong></span> 
     </span>
    </p>
   </div>
   <div class='ocr_carea' id='block_1_9' title="bbox 180 1187 1758 1271">
    <p class='ocr_par' dir='ltr' id='par_1_9' title="bbox 180 1187 1758 1271">
     <span class='ocr_line' id='line_1_9' title="bbox 180 1187 1758 1271; baseline 0.011 -32"><span class='ocrx_word' id='word_1_69' title='bbox 180 1187 282 1241; x_wconf 83' lang='lat' dir='ltr'><strong>vult</strong></span> <span class='ocrx_word' id='word_1_70' title='bbox 306 1195 360 1242; x_wconf 94' lang='lat' dir='ltr'><strong>et</strong></span> <span class='ocrx_word' id='word_1_71' title='bbox 382 1197 577 1257; x_wconf 87' lang='lat' dir='ltr'><strong>potest,</strong></span> <span class='ocrx_word' id='word_1_72' title='bbox 609 1192 752 1262; x_wconf 91' lang='lat' dir='ltr'><strong>quod</strong></span> <span class='ocrx_word' id='word_1_73' title='bbox 782 1194 961 1250; x_wconf 90' lang='lat' dir='ltr'><strong>solum</strong></span> <span class='ocrx_word' id='word_1_74' title='bbox 1004 1196 1113 1252; x_wconf 92' lang='lat' dir='ltr'><strong>Deo</strong></span> <span class='ocrx_word' id='word_1_75' title='bbox 1140 1198 1390 1254; x_wconf 85' lang='lat' dir='ltr'><strong>convenit</strong></span> <span class='ocrx_word' id='word_1_76' title='bbox 1412 1240 1427 1263; x_wconf 96' lang='lat'><strong>,</strong></span> <span class='ocrx_word' id='word_1_77' title='bbox 1459 1200 1600 1256; x_wconf 92' lang='lat' dir='ltr'><strong>unde</strong></span> <span class='ocrx_word' id='word_1_78' title='bbox 1626 1216 1758 1271; x_wconf 88' lang='lat' dir='ltr'><strong>ergo</strong></span> 
     </span>
    </p>
   </div>
   <div class='ocr_carea' id='block_1_10' title="bbox 178 1278 1757 1361">
    <p class='ocr_par' dir='ltr' id='par_1_10' title="bbox 178 1278 1757 1361">
     <span class='ocr_line' id='line_1_10' title="bbox 178 1278 1757 1361; baseline 0.008 -27"><span class='ocrx_word' id='word_1_79' title='bbox 178 1286 293 1334; x_wconf 88' lang='lat' dir='ltr'><strong>sunt</strong></span> <span class='ocrx_word' id='word_1_80' title='bbox 315 1278 487 1334; x_wconf 82' lang='lat' dir='ltr'><strong>mala?</strong></span> <span class='ocrx_word' id='word_1_81' title='bbox 509 1292 605 1336; x_wconf 92' lang='lat' dir='ltr'><strong>aut</strong></span> <span class='ocrx_word' id='word_1_82' title='bbox 630 1284 833 1339; x_wconf 91' lang='lat' dir='ltr'><strong>curilla</strong></span> <span class='ocrx_word' id='word_1_83' title='bbox 857 1301 962 1340; x_wconf 90' lang='lat' dir='ltr'><strong>non</strong></span> <span class='ocrx_word' id='word_1_84' title='bbox 982 1287 1151 1341; x_wconf 83' lang='lat' dir='ltr'><strong>tollit?</strong></span> <span class='ocrx_word' id='word_1_85' title='bbox 1173 1288 1299 1344; x_wconf 92' lang='lat' dir='ltr'><strong>Scio</strong></span> <span class='ocrx_word' id='word_1_86' title='bbox 1327 1289 1613 1361; x_wconf 86' lang='lat' dir='ltr'><strong>plerosque</strong></span> <span class='ocrx_word' id='word_1_87' title='bbox 1635 1291 1757 1361; x_wconf 90' lang='lat' dir='ltr'><strong>phi-</strong></span> 
     </span>
    </p>
   </div>
   <div class='ocr_carea' id='block_1_11' title="bbox 177 1367 1762 1454">
    <p class='ocr_par' dir='ltr' id='par_1_11' title="bbox 177 1367 1762 1454">
     <span class='ocr_line' id='line_1_11' title="bbox 177 1367 1762 1454; baseline 0.011 -31"><span class='ocrx_word' id='word_1_88' title='bbox 177 1367 528 1439; x_wconf 87' lang='lat' dir='ltr'><strong>losophorum,</strong></span> <span class='ocrx_word' id='word_1_89' title='bbox 560 1373 652 1443; x_wconf 90' lang='lat' dir='ltr'><strong>qui</strong></span> <span class='ocrx_word' id='word_1_90' title='bbox 680 1375 1080 1444; x_wconf 83' lang='lat' dir='ltr'><strong>providentiam</strong></span> <span class='ocrx_word' id='word_1_91' title='bbox 1116 1377 1437 1449; x_wconf 81' lang='lat' dir='ltr'><strong>defendunt,</strong></span> <span class='ocrx_word' id='word_1_92' title='bbox 1472 1382 1575 1439; x_wconf 88' lang='lat' dir='ltr'><strong>hoc</strong></span> <span class='ocrx_word' id='word_1_93' title='bbox 1600 1398 1762 1454; x_wconf 86' lang='lat' dir='ltr'><strong>argu-</strong></span> 
     </span>
    </p>
   </div>
   <div class='ocr_carea' id='block_1_12' title="bbox 178 1463 1757 1544">
    <p class='ocr_par' dir='ltr' id='par_1_12' title="bbox 178 1463 1757 1544">
     <span class='ocr_line' id='line_1_12' title="bbox 178 1463 1757 1544; baseline 0.009 -28"><span class='ocrx_word' id='word_1_94' title='bbox 178 1470 344 1517; x_wconf 87' lang='lat' dir='ltr'><strong>mento</strong></span> <span class='ocrx_word' id='word_1_95' title='bbox 356 1463 662 1530; x_wconf 87' lang='lat' dir='ltr'><strong>perturbari</strong></span> <span class='ocrx_word' id='word_1_96' title='bbox 679 1466 857 1523; x_wconf 88' lang='lat' dir='ltr'><strong>solere</strong></span> <span class='ocrx_word' id='word_1_97' title='bbox 875 1476 929 1523; x_wconf 88' lang='lat' dir='ltr'><strong>et</strong></span> <span class='ocrx_word' id='word_1_98' title='bbox 950 1468 1145 1531; x_wconf 89' lang='lat' dir='ltr'><strong>invitos</strong></span> <span class='ocrx_word' id='word_1_99' title='bbox 1169 1485 1307 1540; x_wconf 89' lang='lat' dir='ltr'><strong>pene</strong></span> <span class='ocrx_word' id='word_1_100' title='bbox 1331 1472 1494 1544; x_wconf 81' lang='lat' dir='ltr'><strong>adigi,</strong></span> <span class='ocrx_word' id='word_1_101' title='bbox 1515 1483 1573 1528; x_wconf 93' lang='lat' dir='ltr'><strong>ut</strong></span> <span class='ocrx_word' id='word_1_102' title='bbox 1590 1475 1757 1530; x_wconf 91' lang='lat' dir='ltr'><strong>Deum</strong></span> 
     </span>
    </p>
   </div>
   <div class='ocr_carea' id='block_1_13' title="bbox 179 1552 1758 1635">
    <p class='ocr_par' dir='ltr' id='par_1_13' title="bbox 179 1552 1758 1635">
     <span class='ocr_line' id='line_1_13' title="bbox 179 1552 1758 1635; baseline 0.009 -28"><span class='ocrx_word' id='word_1_103' title='bbox 179 1552 298 1607; x_wconf 84' lang='lat' dir='ltr'><strong>nihil</strong></span> <span class='ocrx_word' id='word_1_104' title='bbox 324 1568 516 1609; x_wconf 88' lang='lat' dir='ltr'><strong>curare</strong></span> <span class='ocrx_word' id='word_1_105' title='bbox 542 1554 839 1624; x_wconf 75' lang='lat' dir='ltr'><strong>fateantur,</strong></span> <span class='ocrx_word' id='word_1_106' title='bbox 871 1559 1013 1629; x_wconf 90' lang='lat' dir='ltr'><strong>quod</strong></span> <span class='ocrx_word' id='word_1_107' title='bbox 1055 1561 1291 1616; x_wconf 80' lang='lat' dir='ltr'><strong>maxime</strong></span> <span class='ocrx_word' id='word_1_108' title='bbox 1335 1565 1527 1631; x_wconf 74' lang='lat' dir='ltr'><strong>qumrit</strong></span> <span class='ocrx_word' id='word_1_109' title='bbox 1557 1565 1758 1635; x_wconf 83' lang='lat' dir='ltr'><strong>Epicu-</strong></span> 
     </span>
    </p>
   </div>
   <div class='ocr_carea' id='block_1_14' title="bbox 174 1643 1758 1719">
    <p class='ocr_par' dir='ltr' id='par_1_14' title="bbox 174 1643 1758 1719">
     <span class='ocr_line' id='line_1_14' title="bbox 174 1643 1758 1719; baseline 0.01 -22"><span class='ocrx_word' id='word_1_110' title='bbox 174 1657 275 1698; x_wconf 85' lang='lat' dir='ltr'><strong>rus.</strong></span> <span class='ocrx_word' id='word_1_111' title='bbox 299 1643 403 1700; x_wconf 85' lang='lat' dir='ltr'><strong>Sed</strong></span> <span class='ocrx_word' id='word_1_112' title='bbox 422 1659 522 1701; x_wconf 88' lang='lat' dir='ltr'><strong>nos</strong></span> <span class='ocrx_word' id='word_1_113' title='bbox 548 1648 763 1703; x_wconf 84' lang='lat' dir='ltr'><strong>ratione</strong></span> <span class='ocrx_word' id='word_1_114' title='bbox 788 1659 1089 1719; x_wconf 89' lang='lat' dir='ltr'><strong>perspecta,</strong></span> <span class='ocrx_word' id='word_1_115' title='bbox 1114 1652 1522 1711; x_wconf 82' lang='lat' dir='ltr'><strong>formidolosum</strong></span> <span class='ocrx_word' id='word_1_116' title='bbox 1552 1657 1653 1712; x_wconf 93' lang='lat' dir='ltr'><strong>hoc</strong></span> <span class='ocrx_word' id='word_1_117' title='bbox 1679 1674 1758 1713; x_wconf 89' lang='lat' dir='ltr'><strong>ar-</strong></span> 
     </span>
    </p>
   </div>
   <div class='ocr_carea' id='block_1_15' title="bbox 172 1737 1759 1820">
    <p class='ocr_par' dir='ltr' id='par_1_15' title="bbox 172 1737 1759 1820">
     <span class='ocr_line' id='line_1_15' title="bbox 172 1737 1759 1820; baseline 0.011 -33"><span class='ocrx_word' id='word_1_118' title='bbox 172 1742 463 1803; x_wconf 86' lang='lat' dir='ltr'><strong>gumentum</strong></span> <span class='ocrx_word' id='word_1_119' title='bbox 484 1737 651 1793; x_wconf 78' lang='lat' dir='ltr'><strong>facile</strong></span> <span class='ocrx_word' id='word_1_120' title='bbox 678 1739 1051 1796; x_wconf 87' lang='lat' dir='ltr'><strong>dissolvimus.</strong></span> <span class='ocrx_word' id='word_1_121' title='bbox 1070 1741 1215 1798; x_wconf 89' lang='lat' dir='ltr'><strong>Deus</strong></span> <span class='ocrx_word' id='word_1_122' title='bbox 1235 1745 1379 1800; x_wconf 88' lang='lat' dir='ltr'><strong>enim</strong></span> <span class='ocrx_word' id='word_1_123' title='bbox 1403 1756 1574 1817; x_wconf 88' lang='lat' dir='ltr'><strong>potest</strong></span> <span class='ocrx_word' id='word_1_124' title='bbox 1602 1749 1759 1820; x_wconf 90' lang='lat' dir='ltr'><strong>quid-</strong></span> 
     </span>
    </p>
   </div>
   <div class='ocr_carea' id='block_1_16' title="bbox 1495 338 2160 399">
    <p class='ocr_par' dir='ltr' id='par_1_16' title="bbox 1495 338 2160 399">
     <span class='ocr_line' id='line_1_16' title="bbox 1495 338 2160 399; baseline -0.003 0"><span class='ocrx_word' id='word_1_125' title='bbox 1495 338 1700 399; x_wconf 84' lang='lat' dir='ltr'><strong>LIBER</strong></span> <span class='ocrx_word' id='word_1_126' title='bbox 1742 338 1832 399; x_wconf 82' lang='lat' dir='ltr'><strong>DE</strong></span> <span class='ocrx_word' id='word_1_127' title='bbox 1870 341 1988 398; x_wconf 83' lang='lat' dir='ltr'><strong>IRA</strong></span> <span class='ocrx_word' id='word_1_128' title='bbox 2029 340 2160 398; x_wconf 83' lang='lat' dir='ltr'><strong>DEI.</strong></span> 
     </span>
    </p>
   </div>
   <div class='ocr_carea' id='block_1_17' title="bbox 183 452 1844 526">
    <p class='ocr_par' dir='ltr' id='par_1_17' title="bbox 183 452 1844 526">
     <span class='ocr_line' id='line_1_17' title="bbox 183 452 1844 526; baseline 0.005 -16"><span class='ocrx_word' id='word_1_129' title='bbox 183 452 329 511; x_wconf 83' lang='lat' dir='ltr'><strong>stoici</strong></span> <span class='ocrx_word' id='word_1_130' title='bbox 382 452 529 508; x_wconf 92' lang='lat' dir='ltr'><strong>nullo</strong></span> <span class='ocrx_word' id='word_1_131' title='bbox 583 453 749 509; x_wconf 90' lang='lat' dir='ltr'><strong>modo</strong></span> <span class='ocrx_word' id='word_1_132' title='bbox 805 454 992 512; x_wconf 86' lang='lat' dir='ltr'><strong>videre</strong></span> <span class='ocrx_word' id='word_1_133' title='bbox 1060 462 1387 526; x_wconf 87' lang='lat' dir='ltr'><strong>potuerunt,</strong></span> <span class='ocrx_word' id='word_1_134' title='bbox 1451 456 1844 519; x_wconf 85' lang='lat' dir='ltr'><strong>dissolviturA</strong></span> 
     </span>
    </p>
   </div>
   <div class='ocr_carea' id='block_1_18' title="bbox 3361 341 3466 399">
    <p class='ocr_par' dir='ltr' id='par_1_18' title="bbox 3361 341 3466 399">
     <span class='ocr_line' id='line_1_18' title="bbox 3361 341 3466 399; baseline 0 0"><span class='ocrx_word' id='word_1_135' title='bbox 3361 341 3466 399; x_wconf 72' lang='lat' dir='ltr'><strong>I22</strong></span> 
     </span>
    </p>
   </div>
   <div class='ocr_carea' id='block_1_19' title="bbox 2457 521 2860 581">
    <p class='ocr_par' dir='ltr' id='par_1_19' title="bbox 2457 521 2860 581">
     <span class='ocr_line' id='line_1_19' title="bbox 2457 521 2860 581; baseline -0.005 -1"><span class='ocrx_word' id='word_1_136' title='bbox 2457 521 2685 581; x_wconf 85' lang='lat' dir='ltr'><strong>CAPUT</strong></span> <span class='ocrx_word' id='word_1_137' title='bbox 2722 522 2860 581; x_wconf 79' lang='lat' dir='ltr'><strong>XIV.</strong></span> 
     </span>
    </p>
   </div>
   <div class='ocr_carea' id='block_1_20' title="bbox 2274 674 3041 750">
    <p class='ocr_par' dir='ltr' id='par_1_20' title="bbox 2274 674 3041 750">
     <span class='ocr_line' id='line_1_20' title="bbox 2274 674 3041 750; baseline 0 -18"><span class='ocrx_word' id='word_1_138' title='bbox 2274 674 2379 732; x_wconf 85' lang='lat' dir='ltr'><strong>Cur</strong></span> <span class='ocrx_word' id='word_1_139' title='bbox 2406 676 2547 733; x_wconf 89' lang='lat' dir='ltr'><strong>Deus</strong></span> <span class='ocrx_word' id='word_1_140' title='bbox 2570 679 2743 750; x_wconf 80' lang='lat' dir='ltr'><strong>fecerit</strong></span> <span class='ocrx_word' id='word_1_141' title='bbox 2764 678 3041 735; x_wconf 83' lang='lat' dir='ltr'><strong>hominem.</strong></span> 
     </span>
    </p>
   </div>
   <div class='ocr_carea' id='block_1_21' title="bbox 1936 834 3459 908">
    <p class='ocr_par' dir='ltr' id='par_1_21' title="bbox 1936 834 3459 908">
     <span class='ocr_line' id='line_1_21' title="bbox 1936 834 3459 908; baseline 0.002 -18"><span class='ocrx_word' id='word_1_142' title='bbox 1936 834 2188 905; x_wconf 90' lang='lat' dir='ltr'><strong>Sequitur</strong></span> <span class='ocrx_word' id='word_1_143' title='bbox 2216 843 2276 890; x_wconf 92' lang='lat' dir='ltr'><strong>ut</strong></span> <span class='ocrx_word' id='word_1_144' title='bbox 2314 834 2591 891; x_wconf 89' lang='lat' dir='ltr'><strong>ostendam</strong></span> <span class='ocrx_word' id='word_1_145' title='bbox 2619 850 2718 891; x_wconf 90' lang='lat' dir='ltr'><strong>cur</strong></span> <span class='ocrx_word' id='word_1_146' title='bbox 2756 837 2941 892; x_wconf 91' lang='lat' dir='ltr'><strong>lecerit</strong></span> <span class='ocrx_word' id='word_1_147' title='bbox 2966 836 3237 893; x_wconf 83' lang='lat' dir='ltr'><strong>hominem</strong></span> <span class='ocrx_word' id='word_1_148' title='bbox 3279 836 3459 908; x_wconf 85' lang='lat' dir='ltr'><strong>ipsum</strong></span> 
     </span>
    </p>
   </div>
   <div class='ocr_carea' id='block_1_22' title="bbox 1865 923 3457 997">
    <p class='ocr_par' dir='ltr' id='par_1_22' title="bbox 1865 923 3457 997">
     <span class='ocr_line' id='line_1_22' title="bbox 1865 923 3457 997; baseline 0.003 -18"><span class='ocrx_word' id='word_1_149' title='bbox 1865 923 2028 981; x_wconf 91' lang='lat' dir='ltr'><strong>Deus.</strong></span> <span class='ocrx_word' id='word_1_150' title='bbox 2060 924 2209 982; x_wconf 91' lang='lat' dir='ltr'><strong>Sicut</strong></span> <span class='ocrx_word' id='word_1_151' title='bbox 2237 925 2492 981; x_wconf 91' lang='lat' dir='ltr'><strong>mundum</strong></span> <span class='ocrx_word' id='word_1_152' title='bbox 2542 936 2759 997; x_wconf 85' lang='lat' dir='ltr'><strong>propter</strong></span> <span class='ocrx_word' id='word_1_153' title='bbox 2798 927 3068 983; x_wconf 88' lang='lat' dir='ltr'><strong>hominem</strong></span> <span class='ocrx_word' id='word_1_154' title='bbox 3118 928 3457 984; x_wconf 87' lang='lat' dir='ltr'><strong>machinatus</strong></span> 
     </span>
    </p>
   </div>
   <div class='ocr_carea' id='block_1_23' title="bbox 1863 1016 3452 1089">
    <p class='ocr_par' dir='ltr' id='par_1_23' title="bbox 1863 1016 3452 1089">
     <span class='ocr_line' id='line_1_23' title="bbox 1863 1016 3452 1089; baseline 0.003 -19"><span class='ocrx_word' id='word_1_155' title='bbox 1863 1024 1968 1082; x_wconf 90' lang='lat' dir='ltr'><strong>est,</strong></span> <span class='ocrx_word' id='word_1_156' title='bbox 1995 1016 2068 1071; x_wconf 91' lang='lat' dir='ltr'><strong>ita</strong></span> <span class='ocrx_word' id='word_1_157' title='bbox 2090 1017 2265 1086; x_wconf 91' lang='lat' dir='ltr'><strong>ipsum</strong></span> <span class='ocrx_word' id='word_1_158' title='bbox 2286 1027 2509 1087; x_wconf 85' lang='lat' dir='ltr'><strong>propter</strong></span> <span class='ocrx_word' id='word_1_159' title='bbox 2531 1033 2613 1084; x_wconf 89' lang='lat' dir='ltr'><strong>se,</strong></span> <span class='ocrx_word' id='word_1_160' title='bbox 2646 1027 2912 1088; x_wconf 86' lang='lat' dir='ltr'><strong>tamquam</strong></span> <span class='ocrx_word' id='word_1_161' title='bbox 2942 1018 3109 1074; x_wconf 91' lang='lat' dir='ltr'><strong>divini</strong></span> <span class='ocrx_word' id='word_1_162' title='bbox 3133 1020 3315 1089; x_wconf 92' lang='lat' dir='ltr'><strong>templi</strong></span> <span class='ocrx_word' id='word_1_163' title='bbox 3352 1037 3452 1074; x_wconf 88' lang='lat' dir='ltr'><strong>an-</strong></span> 
     </span>
    </p>
   </div>
   <div class='ocr_carea' id='block_1_24' title="bbox 1866 1108 3451 1184">
    <p class='ocr_par' dir='ltr' id='par_1_24' title="bbox 1866 1108 3451 1184">
     <span class='ocr_line' id='line_1_24' title="bbox 1866 1108 3451 1184; baseline 0.004 -23"><span class='ocrx_word' id='word_1_164' title='bbox 1866 1108 2086 1164; x_wconf 90' lang='lat' dir='ltr'><strong>tistitem</strong></span> <span class='ocrx_word' id='word_1_165' title='bbox 2111 1150 2127 1176; x_wconf 97' lang='lat'><strong>,</strong></span> <span class='ocrx_word' id='word_1_166' title='bbox 2169 1119 2527 1181; x_wconf 86' lang='lat' dir='ltr'><strong>spectatorem</strong></span> <span class='ocrx_word' id='word_1_167' title='bbox 2557 1125 2783 1181; x_wconf 89' lang='lat' dir='ltr'><strong>operum</strong></span> <span class='ocrx_word' id='word_1_168' title='bbox 2812 1127 3104 1184; x_wconf 90' lang='lat' dir='ltr'><strong>rerumque</strong></span> <span class='ocrx_word' id='word_1_169' title='bbox 3132 1113 3451 1170; x_wconf 84' lang='lat' dir='ltr'><strong>caelestium.</strong></span> 
     </span>
    </p>
   </div>
   <div class='ocr_carea' id='block_1_25' title="bbox 1862 1199 3458 1273">
    <p class='ocr_par' dir='ltr' id='par_1_25' title="bbox 1862 1199 3458 1273">
     <span class='ocr_line' id='line_1_25' title="bbox 1862 1199 3458 1273; baseline 0.002 -17"><span class='ocrx_word' id='word_1_170' title='bbox 1862 1199 2020 1256; x_wconf 91' lang='lat' dir='ltr'><strong>Solus</strong></span> <span class='ocrx_word' id='word_1_171' title='bbox 2041 1209 2126 1257; x_wconf 88' lang='lat' dir='ltr'><strong>est</strong></span> <span class='ocrx_word' id='word_1_172' title='bbox 2148 1201 2314 1269; x_wconf 91' lang='lat' dir='ltr'><strong>enim,</strong></span> <span class='ocrx_word' id='word_1_173' title='bbox 2337 1203 2428 1273; x_wconf 91' lang='lat' dir='ltr'><strong>qui</strong></span> <span class='ocrx_word' id='word_1_174' title='bbox 2444 1203 2702 1270; x_wconf 89' lang='lat' dir='ltr'><strong>sentiens,</strong></span> <span class='ocrx_word' id='word_1_175' title='bbox 2721 1218 3000 1273; x_wconf 84' lang='lat' dir='ltr'><strong>capaxque</strong></span> <span class='ocrx_word' id='word_1_176' title='bbox 3029 1204 3274 1272; x_wconf 86' lang='lat' dir='ltr'><strong>rationis,</strong></span> <span class='ocrx_word' id='word_1_177' title='bbox 3299 1206 3458 1260; x_wconf 87' lang='lat' dir='ltr'><strong>intel-</strong></span> 
     </span>
    </p>
   </div>
   <div class='ocr_carea' id='block_1_26' title="bbox 1862 1292 3455 1367">
    <p class='ocr_par' dir='ltr' id='par_1_26' title="bbox 1862 1292 3455 1367">
     <span class='ocr_line' id='line_1_26' title="bbox 1862 1292 3455 1367; baseline 0.002 -19"><span class='ocrx_word' id='word_1_178' title='bbox 1862 1292 2029 1364; x_wconf 88' lang='lat' dir='ltr'><strong>ligere</strong></span> <span class='ocrx_word' id='word_1_179' title='bbox 2052 1295 2225 1364; x_wconf 91' lang='lat' dir='ltr'><strong>possit</strong></span> <span class='ocrx_word' id='word_1_180' title='bbox 2248 1295 2432 1363; x_wconf 91' lang='lat' dir='ltr'><strong>Deum,</strong></span> <span class='ocrx_word' id='word_1_181' title='bbox 2448 1296 2538 1366; x_wconf 92' lang='lat' dir='ltr'><strong>qui</strong></span> <span class='ocrx_word' id='word_1_182' title='bbox 2562 1311 2727 1366; x_wconf 89' lang='lat' dir='ltr'><strong>opera</strong></span> <span class='ocrx_word' id='word_1_183' title='bbox 2751 1295 2872 1367; x_wconf 88' lang='lat' dir='ltr'><strong>ejus</strong></span> <span class='ocrx_word' id='word_1_184' title='bbox 2896 1296 3171 1363; x_wconf 88' lang='lat' dir='ltr'><strong>admirari,</strong></span> <span class='ocrx_word' id='word_1_185' title='bbox 3203 1297 3455 1353; x_wconf 88' lang='lat' dir='ltr'><strong>virtutem</strong></span> 
     </span>
    </p>
   </div>
   <div class='ocr_carea' id='block_1_27' title="bbox 1863 1388 3455 1459">
    <p class='ocr_par' dir='ltr' id='par_1_27' title="bbox 1863 1388 3455 1459">
     <span class='ocr_line' id='line_1_27' title="bbox 1863 1388 3455 1459; baseline 0.002 -16"><span class='ocrx_word' id='word_1_186' title='bbox 1863 1397 2287 1459; x_wconf 84' lang='lat' dir='ltr'><strong>putestatemque</strong></span> <span class='ocrx_word' id='word_1_187' title='bbox 2303 1389 2639 1459; x_wconf 90' lang='lat' dir='ltr'><strong>perspicere;</strong></span> <span class='ocrx_word' id='word_1_188' title='bbox 2662 1388 2863 1446; x_wconf 91' lang='lat' dir='ltr'><strong>idcirco</strong></span> <span class='ocrx_word' id='word_1_189' title='bbox 2878 1391 3022 1446; x_wconf 94' lang='lat' dir='ltr'><strong>enim</strong></span> <span class='ocrx_word' id='word_1_190' title='bbox 3036 1391 3285 1457; x_wconf 89' lang='lat' dir='ltr'><strong>consilio,</strong></span> <span class='ocrx_word' id='word_1_191' title='bbox 3306 1406 3455 1448; x_wconf 85' lang='lat' dir='ltr'><strong>men-</strong></span> 
     </span>
    </p>
   </div>
   <div class='ocr_carea' id='block_1_28' title="bbox 1863 1481 3452 1554">
    <p class='ocr_par' dir='ltr' id='par_1_28' title="bbox 1863 1481 3452 1554">
     <span class='ocr_line' id='line_1_28' title="bbox 1863 1481 3452 1554; baseline 0.003 -19"><span class='ocrx_word' id='word_1_192' title='bbox 1863 1488 1915 1535; x_wconf 89' lang='lat' dir='ltr'><strong>te</strong></span> <span class='ocrx_word' id='word_1_193' title='bbox 1939 1521 1955 1548; x_wconf 94' lang='lat'><strong>,</strong></span> <span class='ocrx_word' id='word_1_194' title='bbox 1985 1481 2265 1550; x_wconf 87' lang='lat' dir='ltr'><strong>prudentia</strong></span> <span class='ocrx_word' id='word_1_195' title='bbox 2293 1482 2584 1537; x_wconf 91' lang='lat' dir='ltr'><strong>instructus</strong></span> <span class='ocrx_word' id='word_1_196' title='bbox 2605 1493 2709 1538; x_wconf 90' lang='lat' dir='ltr'><strong>est.</strong></span> <span class='ocrx_word' id='word_1_197' title='bbox 2738 1483 2865 1539; x_wconf 90' lang='lat' dir='ltr'><strong>Ideo</strong></span> <span class='ocrx_word' id='word_1_198' title='bbox 2893 1484 3043 1539; x_wconf 91' lang='lat' dir='ltr'><strong>solus</strong></span> <span class='ocrx_word' id='word_1_199' title='bbox 3068 1492 3263 1554; x_wconf 66' lang='lat' dir='ltr'><strong>praeter</strong></span> <span class='ocrx_word' id='word_1_200' title='bbox 3291 1493 3452 1540; x_wconf 64' lang='lat' dir='ltr'><strong>caete-</strong></span> 
     </span>
    </p>
   </div>
   <div class='ocr_carea' id='block_1_29' title="bbox 1861 1574 3454 1645">
    <p class='ocr_par' dir='ltr' id='par_1_29' title="bbox 1861 1574 3454 1645">
     <span class='ocr_line' id='line_1_29' title="bbox 1861 1574 3454 1645; baseline 0.005 -19"><span class='ocrx_word' id='word_1_201' title='bbox 1861 1587 1949 1627; x_wconf 91' lang='lat' dir='ltr'><strong>ras</strong></span> <span class='ocrx_word' id='word_1_202' title='bbox 1966 1574 2269 1631; x_wconf 87' lang='lat' dir='ltr'><strong>animantes</strong></span> <span class='ocrx_word' id='word_1_203' title='bbox 2294 1585 2441 1631; x_wconf 89' lang='lat' dir='ltr'><strong>recto</strong></span> <span class='ocrx_word' id='word_1_204' title='bbox 2466 1591 2697 1645; x_wconf 90' lang='lat' dir='ltr'><strong>corpore</strong></span> <span class='ocrx_word' id='word_1_205' title='bbox 2724 1591 2787 1631; x_wconf 88' lang='lat' dir='ltr'><strong>ac</strong></span> <span class='ocrx_word' id='word_1_206' title='bbox 2807 1587 2947 1632; x_wconf 90' lang='lat' dir='ltr'><strong>statu</strong></span> <span class='ocrx_word' id='word_1_207' title='bbox 2976 1577 3149 1634; x_wconf 85' lang='lat' dir='ltr'><strong>lactus</strong></span> <span class='ocrx_word' id='word_1_208' title='bbox 3169 1587 3271 1645; x_wconf 90' lang='lat' dir='ltr'><strong>est,</strong></span> <span class='ocrx_word' id='word_1_209' title='bbox 3304 1588 3361 1633; x_wconf 90' lang='lat' dir='ltr'><strong>ut</strong></span> <span class='ocrx_word' id='word_1_210' title='bbox 3385 1578 3454 1634; x_wconf 89' lang='lat' dir='ltr'><strong>ad</strong></span> 
     </span>
    </p>
   </div>
   <div class='ocr_carea' id='block_1_30' title="bbox 1860 1665 3444 1736">
    <p class='ocr_par' dir='ltr' id='par_1_30' title="bbox 1860 1665 3444 1736">
     <span class='ocr_line' id='line_1_30' title="bbox 1860 1665 3444 1736; baseline 0.005 -19"><span class='ocrx_word' id='word_1_211' title='bbox 1860 1665 2367 1735; x_wconf 90' lang='lat' dir='ltr'><strong>contemplationem</strong></span> <span class='ocrx_word' id='word_1_212' title='bbox 2390 1668 2626 1736; x_wconf 90' lang='lat' dir='ltr'><strong>parentis</strong></span> <span class='ocrx_word' id='word_1_213' title='bbox 2653 1668 2735 1723; x_wconf 93' lang='lat' dir='ltr'><strong>sui</strong></span> <span class='ocrx_word' id='word_1_214' title='bbox 2756 1668 3018 1723; x_wconf 82' lang='lat' dir='ltr'><strong>excitatus</strong></span> <span class='ocrx_word' id='word_1_215' title='bbox 3037 1684 3163 1725; x_wconf 90' lang='lat' dir='ltr'><strong>esse</strong></span> <span class='ocrx_word' id='word_1_216' title='bbox 3185 1670 3444 1725; x_wconf 88' lang='lat' dir='ltr'><strong>videatur.</strong></span> 
     </span>
    </p>
   </div>
   <div class='ocr_carea' id='block_1_31' title="bbox 1861 1753 3446 1830">
    <p class='ocr_par' dir='ltr' id='par_1_31' title="bbox 1861 1753 3446 1830">
     <span class='ocr_line' id='line_1_31' title="bbox 1861 1753 3446 1830; baseline 0.006 -22"><span class='ocrx_word' id='word_1_217' title='bbox 1861 1753 1985 1809; x_wconf 90' lang='lat' dir='ltr'><strong>ldeo</strong></span> <span class='ocrx_word' id='word_1_218' title='bbox 2012 1770 2315 1813; x_wconf 88' lang='lat' dir='ltr'><strong>sermonem</strong></span> <span class='ocrx_word' id='word_1_219' title='bbox 2341 1758 2489 1812; x_wconf 92' lang='lat' dir='ltr'><strong>solus</strong></span> <span class='ocrx_word' id='word_1_220' title='bbox 2515 1759 2743 1829; x_wconf 88' lang='lat' dir='ltr'><strong>accepit,</strong></span> <span class='ocrx_word' id='word_1_221' title='bbox 2762 1775 2826 1814; x_wconf 90' lang='lat' dir='ltr'><strong>ac</strong></span> <span class='ocrx_word' id='word_1_222' title='bbox 2854 1760 3087 1830; x_wconf 87' lang='lat' dir='ltr'><strong>linguam</strong></span> <span class='ocrx_word' id='word_1_223' title='bbox 3105 1762 3446 1830; x_wconf 80' lang='lat' dir='ltr'><strong>cogitationis</strong></span> 
     </span>
    </p>
   </div>
   <div class='ocr_carea' id='block_1_32' title="bbox 169 1825 3447 1928">
    <p class='ocr_par' dir='ltr' id='par_1_32' title="bbox 169 1825 3447 1928">
     <span class='ocr_line' id='line_1_32' title="bbox 169 1825 3447 1928; baseline 0.009 -49"><span class='ocrx_word' id='word_1_224' title='bbox 169 1825 283 1894; x_wconf 84' lang='lat' dir='ltr'><strong>quid</strong></span> <span class='ocrx_word' id='word_1_225' title='bbox 307 1827 466 1893; x_wconf 90' lang='lat' dir='ltr'><strong>velit,</strong></span> <span class='ocrx_word' id='word_1_226' title='bbox 513 1837 570 1928; x_wconf 75' lang='lat' dir='ltr'><strong>et</strong></span> <span class='ocrx_word' id='word_1_227' title='bbox 601 1830 981 1901; x_wconf 88' lang='lat' dir='ltr'><strong>imbecillitas,</strong></span> <span class='ocrx_word' id='word_1_228' title='bbox 1029 1835 1112 1890; x_wconf 91' lang='lat' dir='ltr'><strong>vel</strong></span> <span class='ocrx_word' id='word_1_229' title='bbox 1139 1836 1335 1892; x_wconf 89' lang='lat' dir='ltr'><strong>invidia</strong></span> <span class='ocrx_word' id='word_1_230' title='bbox 1368 1840 1423 1894; x_wconf 91' lang='lat' dir='ltr'><strong>in</strong></span> <span class='ocrx_word' id='word_1_231' title='bbox 1466 1841 1578 1896; x_wconf 91' lang='lat' dir='ltr'><strong>Deo</strong></span> <span class='ocrx_word' id='word_1_232' title='bbox 1603 1844 1752 1899; x_wconf 90' lang='lat' dir='ltr'><strong>nulla</strong></span> <span class='ocrx_word' id='word_1_233' title='bbox 1779 1838 1830 1899; x_wconf 87' lang='lat' dir='ltr'><strong>B</strong></span> <span class='ocrx_word' id='word_1_234' title='bbox 1857 1845 2226 1916; x_wconf 88' lang='lat' dir='ltr'><strong>interpretem,</strong></span> <span class='ocrx_word' id='word_1_235' title='bbox 2256 1856 2317 1904; x_wconf 91' lang='lat' dir='ltr'><strong>ut.</strong></span> <span class='ocrx_word' id='word_1_236' title='bbox 2341 1864 2595 1905; x_wconf 89' lang='lat' dir='ltr'><strong>enarrare</strong></span> <span class='ocrx_word' id='word_1_237' title='bbox 2617 1825 2956 1922; x_wconf 65' lang='lat' dir='ltr'><strong>majestateui</strong></span> <span class='ocrx_word' id='word_1_238' title='bbox 2982 1825 3199 1908; x_wconf 72' lang='lat' dir='ltr'><strong>domini</strong></span> <span class='ocrx_word' id='word_1_239' title='bbox 3208 1854 3290 1928; x_wconf 86' lang='lat' dir='ltr'><strong>sui</strong></span> <span class='ocrx_word' id='word_1_240' title='bbox 3324 1868 3447 1923; x_wconf 90' lang='lat' dir='ltr'><strong>pos-</strong></span> 
     </span>
    </p>
   </div>
   <div class='ocr_carea' id='block_1_33' title="bbox 168 1919 1756 2000">
    <p class='ocr_par' dir='ltr' id='par_1_33' title="bbox 168 1919 1756 2000">
     <span class='ocr_line' id='line_1_33' title="bbox 168 1919 1756 2000; baseline 0.014 -31"><span class='ocrx_word' id='word_1_241' title='bbox 168 1925 274 1981; x_wconf 88' lang='lat' dir='ltr'><strong>est;</strong></span> <span class='ocrx_word' id='word_1_242' title='bbox 324 1927 500 1986; x_wconf 90' lang='lat' dir='ltr'><strong>potest</strong></span> <span class='ocrx_word' id='word_1_243' title='bbox 527 1919 701 1991; x_wconf 85' lang='lat' dir='ltr'><strong>igitur</strong></span> <span class='ocrx_word' id='word_1_244' title='bbox 727 1922 865 1978; x_wconf 90' lang='lat' dir='ltr'><strong>mala</strong></span> <span class='ocrx_word' id='word_1_245' title='bbox 913 1924 1146 1981; x_wconf 90' lang='lat' dir='ltr'><strong>tollere:</strong></span> <span class='ocrx_word' id='word_1_246' title='bbox 1175 1928 1270 1983; x_wconf 90' lang='lat' dir='ltr'><strong>sed</strong></span> <span class='ocrx_word' id='word_1_247' title='bbox 1304 1944 1410 1986; x_wconf 92' lang='lat' dir='ltr'><strong>non</strong></span> <span class='ocrx_word' id='word_1_248' title='bbox 1455 1932 1608 2000; x_wconf 88' lang='lat' dir='ltr'><strong>vult;</strong></span> <span class='ocrx_word' id='word_1_249' title='bbox 1654 1946 1756 1991; x_wconf 89' lang='lat' dir='ltr'><strong>nec</strong></span> 
     </span>
    </p>
   </div>
   <div class='ocr_carea' id='block_1_34' title="bbox 168 2004 1753 2097">
    <p class='ocr_par' dir='ltr' id='par_1_34' title="bbox 168 2004 1753 2097">
     <span class='ocr_line' id='line_1_34' title="bbox 168 2004 1753 2097; baseline 0.015 -38"><span class='ocrx_word' id='word_1_250' title='bbox 168 2004 277 2060; x_wconf 83' lang='lat' dir='ltr'><strong>ideo</strong></span> <span class='ocrx_word' id='word_1_251' title='bbox 300 2016 487 2064; x_wconf 90' lang='lat' dir='ltr'><strong>tamenâ€˜</strong></span> <span class='ocrx_word' id='word_1_252' title='bbox 506 2010 729 2067; x_wconf 87' lang='lat' dir='ltr'><strong>invidus</strong></span> <span class='ocrx_word' id='word_1_253' title='bbox 756 2025 859 2068; x_wconf 88' lang='lat' dir='ltr'><strong>est.</strong></span> <span class='ocrx_word' id='word_1_254' title='bbox 891 2015 1095 2073; x_wconf 87' lang='lat' dir='ltr'><strong>Idcirco</strong></span> <span class='ocrx_word' id='word_1_255' title='bbox 1121 2019 1264 2075; x_wconf 90' lang='lat' dir='ltr'><strong>enim</strong></span> <span class='ocrx_word' id='word_1_256' title='bbox 1297 2036 1405 2076; x_wconf 91' lang='lat' dir='ltr'><strong>non</strong></span> <span class='ocrx_word' id='word_1_257' title='bbox 1436 2024 1594 2091; x_wconf 91' lang='lat' dir='ltr'><strong>tollit,</strong></span> <span class='ocrx_word' id='word_1_258' title='bbox 1624 2027 1753 2097; x_wconf 86' lang='lat' dir='ltr'><strong>quia</strong></span> 
     </span>
    </p>
   </div>
   <div class='ocr_carea' id='block_1_35' title="bbox 165 2101 1752 2187">
    <p class='ocr_par' dir='ltr' id='par_1_35' title="bbox 165 2101 1752 2187">
     <span class='ocr_line' id='line_1_35' title="bbox 165 2101 1752 2187; baseline 0.013 -33"><span class='ocrx_word' id='word_1_259' title='bbox 165 2101 459 2187; x_wconf 75' lang='lat' dir='ltr'><strong>sapientiam</strong></span> <span class='ocrx_word' id='word_1_260' title='bbox 490 2103 660 2174; x_wconf 91' lang='lat' dir='ltr'><strong>(sicut</strong></span> <span class='ocrx_word' id='word_1_261' title='bbox 687 2109 898 2174; x_wconf 86' lang='lat' dir='ltr'><strong>edocui)</strong></span> <span class='ocrx_word' id='word_1_262' title='bbox 949 2111 1106 2165; x_wconf 88' lang='lat' dir='ltr'><strong>simul</strong></span> <span class='ocrx_word' id='word_1_263' title='bbox 1156 2113 1374 2181; x_wconf 89' lang='lat' dir='ltr'><strong>tribuit,</strong></span> <span class='ocrx_word' id='word_1_264' title='bbox 1406 2124 1463 2171; x_wconf 92' lang='lat' dir='ltr'><strong>et</strong></span> <span class='ocrx_word' id='word_1_265' title='bbox 1498 2118 1621 2187; x_wconf 90' lang='lat' dir='ltr'><strong>plus</strong></span> <span class='ocrx_word' id='word_1_266' title='bbox 1666 2127 1752 2176; x_wconf 88' lang='lat' dir='ltr'><strong>est</strong></span> 
     </span>
    </p>
   </div>
   <div class='ocr_carea' id='block_1_36' title="bbox 165 2182 1746 2273">
    <p class='ocr_par' dir='ltr' id='par_1_36' title="bbox 165 2182 1746 2273">
     <span class='ocr_line' id='line_1_36' title="bbox 165 2182 1746 2273; baseline 0.014 -29"><span class='ocrx_word' id='word_1_267' title='bbox 165 2190 275 2246; x_wconf 86' lang='lat' dir='ltr'><strong>boni</strong></span> <span class='ocrx_word' id='word_1_268' title='bbox 301 2182 360 2248; x_wconf 77' lang='lat' dir='ltr'><strong>ac</strong></span> <span class='ocrx_word' id='word_1_269' title='bbox 382 2193 742 2262; x_wconf 77' lang='lat' dir='ltr'><strong>iucunditatis</strong></span> <span class='ocrx_word' id='word_1_270' title='bbox 770 2199 822 2253; x_wconf 92' lang='lat' dir='ltr'><strong>in</strong></span> <span class='ocrx_word' id='word_1_271' title='bbox 844 2200 1106 2268; x_wconf 90' lang='lat' dir='ltr'><strong>sapientia</strong></span> <span class='ocrx_word' id='word_1_272' title='bbox 1127 2243 1143 2269; x_wconf 97' lang='lat'><strong>,</strong></span> <span class='ocrx_word' id='word_1_273' title='bbox 1177 2218 1335 2273; x_wconf 90' lang='lat' dir='ltr'><strong>quam</strong></span> <span class='ocrx_word' id='word_1_274' title='bbox 1364 2207 1416 2260; x_wconf 94' lang='lat' dir='ltr'><strong>in</strong></span> <span class='ocrx_word' id='word_1_275' title='bbox 1444 2182 1602 2263; x_wconf 75' lang='lat' dir='ltr'><strong>malis</strong></span> <span class='ocrx_word' id='word_1_276' title='bbox 1627 2224 1746 2266; x_wconf 91' lang='lat' dir='ltr'><strong>mo-</strong></span> 
     </span>
    </p>
   </div>
   <div class='ocr_carea' id='block_1_37' title="bbox 163 2280 1741 2371">
    <p class='ocr_par' dir='ltr' id='par_1_37' title="bbox 163 2280 1741 2371">
     <span class='ocr_line' id='line_1_37' title="bbox 163 2280 1741 2371; baseline 0.014 -35"><span class='ocrx_word' id='word_1_277' title='bbox 163 2280 334 2339; x_wconf 76' lang='lat' dir='ltr'><strong>lestite.</strong></span> <span class='ocrx_word' id='word_1_278' title='bbox 362 2285 641 2356; x_wconf 85' lang='lat' dir='ltr'><strong>Sapientia</strong></span> <span class='ocrx_word' id='word_1_279' title='bbox 670 2290 816 2344; x_wconf 90' lang='lat' dir='ltr'><strong>enim</strong></span> <span class='ocrx_word' id='word_1_280' title='bbox 849 2290 997 2357; x_wconf 82' lang='lat' dir='ltr'><strong>facit,</strong></span> <span class='ocrx_word' id='word_1_281' title='bbox 1031 2303 1087 2348; x_wconf 92' lang='lat' dir='ltr'><strong>ut</strong></span> <span class='ocrx_word' id='word_1_282' title='bbox 1115 2294 1276 2349; x_wconf 90' lang='lat' dir='ltr'><strong>etiam</strong></span> <span class='ocrx_word' id='word_1_283' title='bbox 1320 2297 1488 2353; x_wconf 91' lang='lat' dir='ltr'><strong>Deum</strong></span> <span class='ocrx_word' id='word_1_284' title='bbox 1511 2314 1741 2371; x_wconf 85' lang='lat' dir='ltr'><strong>cognos-</strong></span> 
     </span>
    </p>
   </div>
   <div class='ocr_carea' id='block_1_38' title="bbox 162 2381 1745 2451">
    <p class='ocr_par' dir='ltr' id='par_1_38' title="bbox 162 2381 1745 2451">
     <span class='ocr_line' id='line_1_38' title="bbox 162 2381 1745 2451; baseline 0.014 -24"><span class='ocrx_word' id='word_1_285' title='bbox 162 2387 327 2429; x_wconf 87' lang='lat' dir='ltr'><strong>camus</strong></span> <span class='ocrx_word' id='word_1_286' title='bbox 351 2387 403 2430; x_wconf 93' lang='lat' dir='ltr'><strong>et</strong></span> <span class='ocrx_word' id='word_1_287' title='bbox 436 2392 531 2446; x_wconf 88' lang='lat' dir='ltr'><strong>per</strong></span> <span class='ocrx_word' id='word_1_288' title='bbox 558 2393 687 2433; x_wconf 89' lang='lat' dir='ltr'><strong>eam</strong></span> <span class='ocrx_word' id='word_1_289' title='bbox 714 2381 1072 2451; x_wconf 85' lang='lat' dir='ltr'><strong>cognitionem</strong></span> <span class='ocrx_word' id='word_1_290' title='bbox 1105 2384 1562 2445; x_wconf 87' lang='lat' dir='ltr'><strong>immortalitatem</strong></span> <span class='ocrx_word' id='word_1_291' title='bbox 1592 2406 1745 2449; x_wconf 86' lang='lat' dir='ltr'><strong>asse-</strong></span> 
     </span>
    </p>
   </div>
   <div class='ocr_carea' id='block_1_39' title="bbox 162 2471 1744 2554">
    <p class='ocr_par' dir='ltr' id='par_1_39' title="bbox 162 2471 1744 2554">
     <span class='ocr_line' id='line_1_39' title="bbox 162 2471 1744 2554; baseline 0.015 -36"><span class='ocrx_word' id='word_1_292' title='bbox 162 2481 388 2536; x_wconf 82' lang='lat' dir='ltr'><strong>quamur;</strong></span> <span class='ocrx_word' id='word_1_293' title='bbox 421 2471 567 2540; x_wconf 90' lang='lat' dir='ltr'><strong>quod</strong></span> <span class='ocrx_word' id='word_1_294' title='bbox 602 2482 686 2526; x_wconf 89' lang='lat' dir='ltr'><strong>est</strong></span> <span class='ocrx_word' id='word_1_295' title='bbox 710 2488 978 2530; x_wconf 90' lang='lat' dir='ltr'><strong>sunnuum</strong></span> <span class='ocrx_word' id='word_1_296' title='bbox 1012 2476 1232 2533; x_wconf 90' lang='lat' dir='ltr'><strong>bonum.</strong></span> <span class='ocrx_word' id='word_1_297' title='bbox 1264 2480 1448 2551; x_wconf 86' lang='lat' dir='ltr'><strong>Itaque</strong></span> <span class='ocrx_word' id='word_1_298' title='bbox 1476 2483 1579 2539; x_wconf 92' lang='lat' dir='ltr'><strong>nisi</strong></span> <span class='ocrx_word' id='word_1_299' title='bbox 1598 2485 1744 2554; x_wconf 90' lang='lat' dir='ltr'><strong>prius</strong></span> 
     </span>
    </p>
   </div>
   <div class='ocr_carea' id='block_1_40' title="bbox 160 2559 1744 2645">
    <p class='ocr_par' dir='ltr' id='par_1_40' title="bbox 160 2559 1744 2645">
     <span class='ocr_line' id='line_1_40' title="bbox 160 2559 1744 2645; baseline 0.012 -33"><span class='ocrx_word' id='word_1_300' title='bbox 160 2559 339 2616; x_wconf 84' lang='lat' dir='ltr'><strong>malum</strong></span> <span class='ocrx_word' id='word_1_301' title='bbox 365 2564 750 2632; x_wconf 85' lang='lat' dir='ltr'><strong>agnoverimus</strong></span> <span class='ocrx_word' id='word_1_302' title='bbox 771 2606 785 2633; x_wconf 95' lang='lat'><strong>,</strong></span> <span class='ocrx_word' id='word_1_303' title='bbox 834 2582 932 2622; x_wconf 91' lang='lat' dir='ltr'><strong>nec</strong></span> <span class='ocrx_word' id='word_1_304' title='bbox 960 2568 1159 2624; x_wconf 87' lang='lat' dir='ltr'><strong>bonmu</strong></span> <span class='ocrx_word' id='word_1_305' title='bbox 1203 2574 1498 2640; x_wconf 88' lang='lat' dir='ltr'><strong>poterimus</strong></span> <span class='ocrx_word' id='word_1_306' title='bbox 1546 2591 1744 2645; x_wconf 87' lang='lat' dir='ltr'><strong>agnos-</strong></span> 
     </span>
    </p>
   </div>
   <div class='ocr_carea' id='block_1_41' title="bbox 159 2644 1740 2735">
    <p class='ocr_par' dir='ltr' id='par_1_41' title="bbox 159 2644 1740 2735">
     <span class='ocr_line' id='line_1_41' title="bbox 159 2644 1740 2735; baseline 0.013 -33"><span class='ocrx_word' id='word_1_307' title='bbox 159 2662 287 2706; x_wconf 90' lang='lat' dir='ltr'><strong>cere.</strong></span> <span class='ocrx_word' id='word_1_308' title='bbox 304 2651 406 2707; x_wconf 90' lang='lat' dir='ltr'><strong>Sed</strong></span> <span class='ocrx_word' id='word_1_309' title='bbox 433 2651 536 2709; x_wconf 92' lang='lat' dir='ltr'><strong>hoc</strong></span> <span class='ocrx_word' id='word_1_310' title='bbox 563 2670 677 2709; x_wconf 90' lang='lat' dir='ltr'><strong>non</strong></span> <span class='ocrx_word' id='word_1_311' title='bbox 701 2656 834 2711; x_wconf 87' lang='lat' dir='ltr'><strong>vidit</strong></span> <span class='ocrx_word' id='word_1_312' title='bbox 856 2644 1140 2727; x_wconf 86' lang='lat' dir='ltr'><strong>Epicurus,</strong></span> <span class='ocrx_word' id='word_1_313' title='bbox 1171 2677 1270 2718; x_wconf 89' lang='lat' dir='ltr'><strong>nec</strong></span> <span class='ocrx_word' id='word_1_314' title='bbox 1286 2664 1421 2719; x_wconf 90' lang='lat' dir='ltr'><strong>alius</strong></span> <span class='ocrx_word' id='word_1_315' title='bbox 1435 2644 1740 2735; x_wconf 81' lang='lat' dir='ltr'><strong>quisquam;</strong></span> 
     </span>
    </p>
   </div>
   <div class='ocr_carea' id='block_1_42' title="bbox 157 2743 1740 2822">
    <p class='ocr_par' dir='ltr' id='par_1_42' title="bbox 157 2743 1740 2822">
     <span class='ocr_line' id='line_1_42' title="bbox 157 2743 1740 2822; baseline 0.013 -27"><span class='ocrx_word' id='word_1_316' title='bbox 157 2743 200 2796; x_wconf 85' lang='lat' dir='ltr'><strong>si</strong></span> <span class='ocrx_word' id='word_1_317' title='bbox 225 2743 469 2801; x_wconf 86' lang='lat' dir='ltr'><strong>tollantur</strong></span> <span class='ocrx_word' id='word_1_318' title='bbox 498 2748 670 2813; x_wconf 85' lang='lat' dir='ltr'><strong>mala,</strong></span> <span class='ocrx_word' id='word_1_319' title='bbox 705 2749 815 2803; x_wconf 92' lang='lat' dir='ltr'><strong>tolli</strong></span> <span class='ocrx_word' id='word_1_320' title='bbox 842 2752 1040 2819; x_wconf 88' lang='lat' dir='ltr'><strong>pariter</strong></span> <span class='ocrx_word' id='word_1_321' title='bbox 1054 2755 1396 2822; x_wconf 88' lang='lat' dir='ltr'><strong>sapientiam,</strong></span> <span class='ocrx_word' id='word_1_322' title='bbox 1425 2772 1523 2813; x_wconf 89' lang='lat' dir='ltr'><strong>nec</strong></span> <span class='ocrx_word' id='word_1_323' title='bbox 1550 2759 1655 2814; x_wconf 81' lang='lat' dir='ltr'><strong>ulla</strong></span> <span class='ocrx_word' id='word_1_324' title='bbox 1685 2759 1740 2815; x_wconf 91' lang='lat' dir='ltr'><strong>in</strong></span> 
     </span>
    </p>
   </div>
   <div class='ocr_carea' id='block_1_43' title="bbox 158 2831 1741 2916">
    <p class='ocr_par' dir='ltr' id='par_1_43' title="bbox 158 2831 1741 2916">
     <span class='ocr_line' id='line_1_43' title="bbox 158 2831 1741 2916; baseline 0.013 -29"><span class='ocrx_word' id='word_1_325' title='bbox 158 2831 356 2891; x_wconf 91' lang='lat' dir='ltr'><strong>homine</strong></span> <span class='ocrx_word' id='word_1_326' title='bbox 377 2836 600 2892; x_wconf 91' lang='lat' dir='ltr'><strong>virtutis</strong></span> <span class='ocrx_word' id='word_1_327' title='bbox 616 2854 900 2897; x_wconf 90' lang='lat' dir='ltr'><strong>remanere</strong></span> <span class='ocrx_word' id='word_1_328' title='bbox 925 2844 1167 2915; x_wconf 88' lang='lat' dir='ltr'><strong>vestigia,</strong></span> <span class='ocrx_word' id='word_1_329' title='bbox 1195 2846 1350 2916; x_wconf 88' lang='lat' dir='ltr'><strong>cujus</strong></span> <span class='ocrx_word' id='word_1_330' title='bbox 1374 2848 1511 2903; x_wconf 89' lang='lat' dir='ltr'><strong>ratio</strong></span> <span class='ocrx_word' id='word_1_331' title='bbox 1542 2849 1593 2903; x_wconf 89' lang='lat' dir='ltr'><strong>in</strong></span> <span class='ocrx_word' id='word_1_332' title='bbox 1622 2865 1741 2906; x_wconf 91' lang='lat' dir='ltr'><strong>sus-</strong></span> 
     </span>
    </p>
   </div>
   <div class='ocr_carea' id='block_1_44' title="bbox 157 2924 1735 2999">
    <p class='ocr_par' dir='ltr' id='par_1_44' title="bbox 157 2924 1735 2999">
     <span class='ocr_line' id='line_1_44' title="bbox 157 2924 1735 2999; baseline 0.011 -22"><span class='ocrx_word' id='word_1_333' title='bbox 157 2924 351 2981; x_wconf 87' lang='lat' dir='ltr'><strong>tinenda</strong></span> <span class='ocrx_word' id='word_1_334' title='bbox 378 2937 431 2983; x_wconf 89' lang='lat' dir='ltr'><strong>et</strong></span> <span class='ocrx_word' id='word_1_335' title='bbox 460 2930 776 2999; x_wconf 83' lang='lat' dir='ltr'><strong>superanda</strong></span> <span class='ocrx_word' id='word_1_336' title='bbox 827 2933 1089 2988; x_wconf 89' lang='lat' dir='ltr'><strong>malorum</strong></span> <span class='ocrx_word' id='word_1_337' title='bbox 1134 2937 1425 2992; x_wconf 87' lang='lat' dir='ltr'><strong>acerbitate</strong></span> <span class='ocrx_word' id='word_1_338' title='bbox 1469 2940 1735 2995; x_wconf 85' lang='lat' dir='ltr'><strong>consistit.</strong></span> 
     </span>
    </p>
   </div>
   <div class='ocr_carea' id='block_1_45' title="bbox 154 3015 1737 3096">
    <p class='ocr_par' dir='ltr' id='par_1_45' title="bbox 154 3015 1737 3096">
     <span class='ocr_line' id='line_1_45' title="bbox 154 3015 1737 3096; baseline 0.013 -26"><span class='ocrx_word' id='word_1_339' title='bbox 154 3015 318 3088; x_wconf 87' lang='lat' dir='ltr'><strong>Itaque</strong></span> <span class='ocrx_word' id='word_1_340' title='bbox 344 3030 561 3090; x_wconf 89' lang='lat' dir='ltr'><strong>propter</strong></span> <span class='ocrx_word' id='word_1_341' title='bbox 579 3022 837 3092; x_wconf 81' lang='lat' dir='ltr'><strong>exiguum</strong></span> <span class='ocrx_word' id='word_1_342' title='bbox 859 3026 1237 3096; x_wconf 90' lang='lat' dir='ltr'><strong>compendium</strong></span> <span class='ocrx_word' id='word_1_343' title='bbox 1264 3028 1595 3086; x_wconf 91' lang='lat' dir='ltr'><strong>sublatorum</strong></span> <span class='ocrx_word' id='word_1_344' title='bbox 1625 3049 1737 3089; x_wconf 91' lang='lat' dir='ltr'><strong>ma-</strong></span> 
     </span>
    </p>
   </div>
   <div class='ocr_carea' id='block_1_46' title="bbox 153 3106 1734 3188">
    <p class='ocr_par' dir='ltr' id='par_1_46' title="bbox 153 3106 1734 3188">
     <span class='ocr_line' id='line_1_46' title="bbox 153 3106 1734 3188; baseline 0.015 -28"><span class='ocrx_word' id='word_1_345' title='bbox 153 3106 307 3163; x_wconf 90' lang='lat' dir='ltr'><strong>lorum</strong></span> <span class='ocrx_word' id='word_1_346' title='bbox 333 3113 571 3169; x_wconf 81' lang='lat' dir='ltr'><strong>maximo</strong></span> <span class='ocrx_word' id='word_1_347' title='bbox 603 3123 661 3169; x_wconf 91' lang='lat' dir='ltr'><strong>et</strong></span> <span class='ocrx_word' id='word_1_348' title='bbox 687 3129 819 3171; x_wconf 89' lang='lat' dir='ltr'><strong>vero</strong></span> <span class='ocrx_word' id='word_1_349' title='bbox 844 3126 898 3171; x_wconf 91' lang='lat' dir='ltr'><strong>et</strong></span> <span class='ocrx_word' id='word_1_350' title='bbox 923 3119 1143 3188; x_wconf 91' lang='lat' dir='ltr'><strong>proprio</strong></span> <span class='ocrx_word' id='word_1_351' title='bbox 1169 3120 1323 3176; x_wconf 92' lang='lat' dir='ltr'><strong>nobis</strong></span> <span class='ocrx_word' id='word_1_352' title='bbox 1352 3121 1494 3179; x_wconf 90' lang='lat' dir='ltr'><strong>bono</strong></span> <span class='ocrx_word' id='word_1_353' title='bbox 1520 3139 1734 3183; x_wconf 82' lang='lat' dir='ltr'><strong>carere-</strong></span> 
     </span>
    </p>
   </div>
   <div class='ocr_carea' id='block_1_47' title="bbox 1855 1938 3451 2012">
    <p class='ocr_par' dir='ltr' id='par_1_47' title="bbox 1855 1938 3451 2012">
     <span class='ocr_line' id='line_1_47' title="bbox 1855 1938 3451 2012; baseline 0.006 -18"><span class='ocrx_word' id='word_1_354' title='bbox 1855 1939 1946 1995; x_wconf 87' lang='lat' dir='ltr'><strong>sit.</strong></span> <span class='ocrx_word' id='word_1_355' title='bbox 1997 1938 2274 1997; x_wconf 90' lang='lat' dir='ltr'><strong>Postremo</strong></span> <span class='ocrx_word' id='word_1_356' title='bbox 2322 1942 2519 1998; x_wconf 91' lang='lat' dir='ltr'><strong>idcirco</strong></span> <span class='ocrx_word' id='word_1_357' title='bbox 2563 1943 2611 1998; x_wconf 89' lang='lat' dir='ltr'><strong>ei</strong></span> <span class='ocrx_word' id='word_1_358' title='bbox 2672 1952 2863 1999; x_wconf 90' lang='lat' dir='ltr'><strong>cuncta</strong></span> <span class='ocrx_word' id='word_1_359' title='bbox 2910 1944 3154 2012; x_wconf 89' lang='lat' dir='ltr'><strong>subjecta</strong></span> <span class='ocrx_word' id='word_1_360' title='bbox 3209 1954 3358 2012; x_wconf 89' lang='lat' dir='ltr'><strong>sunt,</strong></span> <span class='ocrx_word' id='word_1_361' title='bbox 3389 1957 3451 2004; x_wconf 90' lang='lat' dir='ltr'><strong>ut</strong></span> 
     </span>
    </p>
   </div>
   <div class='ocr_carea' id='block_1_48' title="bbox 1855 2029 3449 2106">
    <p class='ocr_par' dir='ltr' id='par_1_48' title="bbox 1855 2029 3449 2106">
     <span class='ocr_line' id='line_1_48' title="bbox 1855 2029 3449 2106; baseline 0.006 -23"><span class='ocrx_word' id='word_1_362' title='bbox 1855 2029 2043 2086; x_wconf 79' lang='lat' dir='ltr'><strong>factori</strong></span> <span class='ocrx_word' id='word_1_363' title='bbox 2071 2040 2232 2102; x_wconf 83' lang='lat' dir='ltr'><strong>atque</strong></span> <span class='ocrx_word' id='word_1_364' title='bbox 2246 2031 2442 2087; x_wconf 84' lang='lat' dir='ltr'><strong>artiï¬ci</strong></span> <span class='ocrx_word' id='word_1_365' title='bbox 2468 2033 2578 2088; x_wconf 89' lang='lat' dir='ltr'><strong>Deo</strong></span> <span class='ocrx_word' id='word_1_366' title='bbox 2605 2044 2753 2090; x_wconf 88' lang='lat' dir='ltr'><strong>esset</strong></span> <span class='ocrx_word' id='word_1_367' title='bbox 2780 2034 2896 2105; x_wconf 89' lang='lat' dir='ltr'><strong>ipse</strong></span> <span class='ocrx_word' id='word_1_368' title='bbox 2916 2035 3210 2105; x_wconf 82' lang='lat' dir='ltr'><strong>subjectus.</strong></span> <span class='ocrx_word' id='word_1_369' title='bbox 3240 2035 3297 2093; x_wconf 93' lang='lat' dir='ltr'><strong>Si</strong></span> <span class='ocrx_word' id='word_1_370' title='bbox 3320 2051 3449 2106; x_wconf 84' lang='lat' dir='ltr'><strong>ergo</strong></span> 
     </span>
    </p>
   </div>
   <div class='ocr_carea' id='block_1_49' title="bbox 1855 2120 3438 2193">
    <p class='ocr_par' dir='ltr' id='par_1_49' title="bbox 1855 2120 3438 2193">
     <span class='ocr_line' id='line_1_49' title="bbox 1855 2120 3438 2193; baseline 0.004 -16"><span class='ocrx_word' id='word_1_371' title='bbox 1855 2120 1996 2178; x_wconf 91' lang='lat' dir='ltr'><strong>Deus</strong></span> <span class='ocrx_word' id='word_1_372' title='bbox 2038 2121 2309 2179; x_wconf 90' lang='lat' dir='ltr'><strong>hominem</strong></span> <span class='ocrx_word' id='word_1_373' title='bbox 2336 2139 2491 2179; x_wconf 91' lang='lat' dir='ltr'><strong>suum</strong></span> <span class='ocrx_word' id='word_1_374' title='bbox 2531 2125 2697 2180; x_wconf 91' lang='lat' dir='ltr'><strong>voluit</strong></span> <span class='ocrx_word' id='word_1_375' title='bbox 2723 2141 2845 2181; x_wconf 90' lang='lat' dir='ltr'><strong>esse</strong></span> <span class='ocrx_word' id='word_1_376' title='bbox 2874 2126 3135 2182; x_wconf 90' lang='lat' dir='ltr'><strong>cultorem</strong></span> <span class='ocrx_word' id='word_1_377' title='bbox 3157 2168 3172 2193; x_wconf 93' lang='lat'><strong>,</strong></span> <span class='ocrx_word' id='word_1_378' title='bbox 3207 2127 3438 2193; x_wconf 90' lang='lat' dir='ltr'><strong>ideoque</strong></span> 
     </span>
    </p>
   </div>
   <div class='ocr_carea' id='block_1_50' title="bbox 1853 2212 3444 2288">
    <p class='ocr_par' dir='ltr' id='par_1_50' title="bbox 1853 2212 3444 2288">
     <span class='ocr_line' id='line_1_50' title="bbox 1853 2212 3444 2288; baseline 0.004 -21"><span class='ocrx_word' id='word_1_379' title='bbox 1853 2212 1929 2267; x_wconf 92' lang='lat' dir='ltr'><strong>illi</strong></span> <span class='ocrx_word' id='word_1_380' title='bbox 1957 2221 2161 2268; x_wconf 88' lang='lat' dir='ltr'><strong>tantum</strong></span> <span class='ocrx_word' id='word_1_381' title='bbox 2206 2214 2428 2270; x_wconf 86' lang='lat' dir='ltr'><strong>honoris</strong></span> <span class='ocrx_word' id='word_1_382' title='bbox 2451 2215 2725 2280; x_wconf 89' lang='lat' dir='ltr'><strong>attribuit,</strong></span> <span class='ocrx_word' id='word_1_383' title='bbox 2756 2225 2828 2288; x_wconf 81' lang='lat' dir='ltr'><strong>ut</strong></span> <span class='ocrx_word' id='word_1_384' title='bbox 2848 2231 3025 2271; x_wconf 90' lang='lat' dir='ltr'><strong>rerum</strong></span> <span class='ocrx_word' id='word_1_385' title='bbox 3065 2217 3306 2272; x_wconf 91' lang='lat' dir='ltr'><strong>omnium</strong></span> <span class='ocrx_word' id='word_1_386' title='bbox 3344 2217 3444 2273; x_wconf 83' lang='lat' dir='ltr'><strong>doâ€”</strong></span> 
     </span>
    </p>
   </div>
   <div class='ocr_carea' id='block_1_51' title="bbox 1852 2302 3445 2378">
    <p class='ocr_par' dir='ltr' id='par_1_51' title="bbox 1852 2302 3445 2378">
     <span class='ocr_line' id='line_1_51' title="bbox 1852 2302 3445 2378; baseline 0.003 -20"><span class='ocrx_word' id='word_1_387' title='bbox 1852 2302 2183 2370; x_wconf 87' lang='lat' dir='ltr'><strong>minaretur;</strong></span> <span class='ocrx_word' id='word_1_388' title='bbox 2233 2305 2416 2374; x_wconf 90' lang='lat' dir='ltr'><strong>utique</strong></span> <span class='ocrx_word' id='word_1_389' title='bbox 2436 2305 2794 2374; x_wconf 88' lang='lat' dir='ltr'><strong>justissimum</strong></span> <span class='ocrx_word' id='word_1_390' title='bbox 2821 2316 2905 2361; x_wconf 88' lang='lat' dir='ltr'><strong>est</strong></span> <span class='ocrx_word' id='word_1_391' title='bbox 2947 2315 3003 2362; x_wconf 91' lang='lat' dir='ltr'><strong>et</strong></span> <span class='ocrx_word' id='word_1_392' title='bbox 3022 2322 3143 2362; x_wconf 90' lang='lat' dir='ltr'><strong>eum</strong></span> <span class='ocrx_word' id='word_1_393' title='bbox 3182 2308 3274 2378; x_wconf 92' lang='lat' dir='ltr'><strong>qui</strong></span> <span class='ocrx_word' id='word_1_394' title='bbox 3300 2318 3445 2364; x_wconf 89' lang='lat' dir='ltr'><strong>tanta</strong></span> 
     </span>
    </p>
   </div>
   <div class='ocr_carea' id='block_1_52' title="bbox 1852 2397 3443 2469">
    <p class='ocr_par' dir='ltr' id='par_1_52' title="bbox 1852 2397 3443 2469">
     <span class='ocr_line' id='line_1_52' title="bbox 1852 2397 3443 2469; baseline 0.001 -17"><span class='ocrx_word' id='word_1_395' title='bbox 1852 2397 2182 2467; x_wconf 70' lang='lat' dir='ltr'><strong>pnestiterit,</strong></span> <span class='ocrx_word' id='word_1_396' title='bbox 2213 2412 2398 2454; x_wconf 91' lang='lat' dir='ltr'><strong>amare</strong></span> <span class='ocrx_word' id='word_1_397' title='bbox 2426 2408 2480 2454; x_wconf 90' lang='lat' dir='ltr'><strong>et</strong></span> <span class='ocrx_word' id='word_1_398' title='bbox 2508 2397 2802 2466; x_wconf 91' lang='lat' dir='ltr'><strong>hominem,</strong></span> <span class='ocrx_word' id='word_1_399' title='bbox 2841 2399 2931 2469; x_wconf 92' lang='lat' dir='ltr'><strong>qui</strong></span> <span class='ocrx_word' id='word_1_400' title='bbox 2960 2400 3033 2454; x_wconf 90' lang='lat' dir='ltr'><strong>sit</strong></span> <span class='ocrx_word' id='word_1_401' title='bbox 3053 2399 3330 2456; x_wconf 88' lang='lat' dir='ltr'><strong>nobiscum</strong></span> <span class='ocrx_word' id='word_1_402' title='bbox 3358 2399 3443 2454; x_wconf 78' lang='lat' dir='ltr'><strong>di-</strong></span> 
     </span>
    </p>
   </div>
   <div class='ocr_carea' id='block_1_53' title="bbox 1850 2488 3445 2560">
    <p class='ocr_par' dir='ltr' id='par_1_53' title="bbox 1850 2488 3445 2560">
     <span class='ocr_line' id='line_1_53' title="bbox 1850 2488 3445 2560; baseline 0.002 -16"><span class='ocrx_word' id='word_1_403' title='bbox 1850 2488 1957 2544; x_wconf 88' lang='lat' dir='ltr'><strong>vini</strong></span> <span class='ocrx_word' id='word_1_404' title='bbox 1983 2489 2121 2559; x_wconf 88' lang='lat' dir='ltr'><strong>juris</strong></span> <span class='ocrx_word' id='word_1_405' title='bbox 2144 2490 2404 2547; x_wconf 89' lang='lat' dir='ltr'><strong>societate</strong></span> <span class='ocrx_word' id='word_1_406' title='bbox 2428 2492 2772 2560; x_wconf 89' lang='lat' dir='ltr'><strong>conjunetus.</strong></span> <span class='ocrx_word' id='word_1_407' title='bbox 2797 2491 2908 2547; x_wconf 87' lang='lat' dir='ltr'><strong>Nec</strong></span> <span class='ocrx_word' id='word_1_408' title='bbox 2935 2494 3079 2547; x_wconf 91' lang='lat' dir='ltr'><strong>enim</strong></span> <span class='ocrx_word' id='word_1_409' title='bbox 3107 2492 3190 2548; x_wconf 80' lang='lat' dir='ltr'><strong>las</strong></span> <span class='ocrx_word' id='word_1_410' title='bbox 3215 2502 3299 2549; x_wconf 90' lang='lat' dir='ltr'><strong>est</strong></span> <span class='ocrx_word' id='word_1_411' title='bbox 3330 2494 3445 2548; x_wconf 91' lang='lat' dir='ltr'><strong>cul-</strong></span> 
     </span>
    </p>
   </div>
   <div class='ocr_carea' id='block_1_54' title="bbox 1851 2580 3438 2651">
    <p class='ocr_par' dir='ltr' id='par_1_54' title="bbox 1851 2580 3438 2651">
     <span class='ocr_line' id='line_1_54' title="bbox 1851 2580 3438 2651; baseline 0.003 -17"><span class='ocrx_word' id='word_1_412' title='bbox 1851 2589 2023 2636; x_wconf 89' lang='lat' dir='ltr'><strong>torem</strong></span> <span class='ocrx_word' id='word_1_413' title='bbox 2054 2580 2146 2635; x_wconf 92' lang='lat' dir='ltr'><strong>Dei</strong></span> <span class='ocrx_word' id='word_1_414' title='bbox 2175 2597 2207 2636; x_wconf 90' lang='lat' dir='ltr'><strong>a</strong></span> <span class='ocrx_word' id='word_1_415' title='bbox 2232 2582 2327 2636; x_wconf 90' lang='lat' dir='ltr'><strong>Dei</strong></span> <span class='ocrx_word' id='word_1_416' title='bbox 2356 2582 2564 2636; x_wconf 90' lang='lat' dir='ltr'><strong>cultore</strong></span> <span class='ocrx_word' id='word_1_417' title='bbox 2584 2582 2793 2637; x_wconf 86' lang='lat' dir='ltr'><strong>violari.</strong></span> <span class='ocrx_word' id='word_1_418' title='bbox 2827 2581 2982 2638; x_wconf 87' lang='lat' dir='ltr'><strong>Unde</strong></span> <span class='ocrx_word' id='word_1_419' title='bbox 3009 2582 3321 2651; x_wconf 84' lang='lat' dir='ltr'><strong>intelligitur</strong></span> <span class='ocrx_word' id='word_1_420' title='bbox 3350 2597 3438 2638; x_wconf 87' lang='lat' dir='ltr'><strong>re-</strong></span> 
     </span>
    </p>
   </div>
   <div class='ocr_carea' id='block_1_55' title="bbox 1852 2669 3436 2742">
    <p class='ocr_par' dir='ltr' id='par_1_55' title="bbox 1852 2669 3436 2742">
     <span class='ocr_line' id='line_1_55' title="bbox 1852 2669 3436 2742; baseline 0.003 -19"><span class='ocrx_word' id='word_1_421' title='bbox 1852 2669 2068 2741; x_wconf 91' lang='lat' dir='ltr'><strong>ligionis</strong></span> <span class='ocrx_word' id='word_1_422' title='bbox 2099 2686 2164 2727; x_wconf 94' lang='lat' dir='ltr'><strong>ac</strong></span> <span class='ocrx_word' id='word_1_423' title='bbox 2187 2672 2412 2741; x_wconf 67' lang='lat' dir='ltr'><strong>justitim</strong></span> <span class='ocrx_word' id='word_1_424' title='bbox 2440 2688 2602 2728; x_wconf 88' lang='lat' dir='ltr'><strong>causa</strong></span> <span class='ocrx_word' id='word_1_425' title='bbox 2648 2688 2769 2727; x_wconf 91' lang='lat' dir='ltr'><strong>esse</strong></span> <span class='ocrx_word' id='word_1_426' title='bbox 2812 2671 3083 2727; x_wconf 84' lang='lat' dir='ltr'><strong>hominem</strong></span> <span class='ocrx_word' id='word_1_427' title='bbox 3129 2673 3436 2742; x_wconf 84' lang='lat' dir='ltr'><strong>ï¬guratum.</strong></span> 
     </span>
    </p>
   </div>
   <div class='ocr_carea' id='block_1_56' title="bbox 1841 2758 3435 2835">
    <p class='ocr_par' dir='ltr' id='par_1_56' title="bbox 1841 2758 3435 2835">
     <span class='ocr_line' id='line_1_56' title="bbox 1841 2758 3435 2835; baseline 0.003 -22"><span class='ocrx_word' id='word_1_428' title='bbox 1841 2758 2006 2831; x_wconf 87' lang='lat' dir='ltr'><strong>Cujus</strong></span> <span class='ocrx_word' id='word_1_429' title='bbox 2031 2762 2106 2816; x_wconf 91' lang='lat' dir='ltr'><strong>rei</strong></span> <span class='ocrx_word' id='word_1_430' title='bbox 2126 2762 2277 2817; x_wconf 90' lang='lat' dir='ltr'><strong>testis</strong></span> <span class='ocrx_word' id='word_1_431' title='bbox 2299 2772 2382 2817; x_wconf 90' lang='lat' dir='ltr'><strong>est</strong></span> <span class='ocrx_word' id='word_1_432' title='bbox 2402 2763 2608 2817; x_wconf 83' lang='lat' dir='ltr'><strong>Marcus</strong></span> <span class='ocrx_word' id='word_1_433' title='bbox 2626 2763 2830 2817; x_wconf 84' lang='lat' dir='ltr'><strong>Tullius</strong></span> <span class='ocrx_word' id='word_1_434' title='bbox 2853 2764 2902 2817; x_wconf 94' lang='lat' dir='ltr'><strong>in</strong></span> <span class='ocrx_word' id='word_1_435' title='bbox 2925 2763 3077 2818; x_wconf 89' lang='lat' dir='ltr'><strong>libris</strong></span> <span class='ocrx_word' id='word_1_436' title='bbox 3091 2763 3160 2819; x_wconf 89' lang='lat' dir='ltr'><strong>de</strong></span> <span class='ocrx_word' id='word_1_437' title='bbox 3182 2764 3435 2835; x_wconf 83' lang='lat' dir='ltr'><strong>Legibus,</strong></span> 
     </span>
    </p>
   </div>
   <div class='ocr_carea' id='block_1_57' title="bbox 1842 2851 3441 2926">
    <p class='ocr_par' dir='ltr' id='par_1_57' title="bbox 1842 2851 3441 2926">
     <span class='ocr_line' id='line_1_57' title="bbox 1842 2851 3441 2926; baseline 0.004 -21"><span class='ocrx_word' id='word_1_438' title='bbox 1842 2851 1915 2907; x_wconf 88' lang='lat' dir='ltr'><strong>ita</strong></span> <span class='ocrx_word' id='word_1_439' title='bbox 1935 2853 2121 2909; x_wconf 89' lang='lat' dir='ltr'><strong>dicens</strong></span> <span class='ocrx_word' id='word_1_440' title='bbox 2148 2870 2162 2907; x_wconf 90' lang='lat'><strong>:</strong></span> <span class='ocrx_word' id='word_1_441' title='bbox 2186 2872 2205 2906; x_wconf 75' lang='grc' dir='ltr'>Î¹</span> <span class='ocrx_word' id='word_1_442' title='bbox 2229 2854 2336 2910; x_wconf 88' lang='lat' dir='ltr'><strong>Sed</strong></span> <span class='ocrx_word' id='word_1_443' title='bbox 2355 2855 2617 2921; x_wconf 89' lang='lat' dir='ltr'><strong>omnium,</strong></span> <span class='ocrx_word' id='word_1_444' title='bbox 2640 2872 2761 2926; x_wconf 82' lang='lat' dir='ltr'><strong>quae</strong></span> <span class='ocrx_word' id='word_1_445' title='bbox 2784 2857 2835 2910; x_wconf 93' lang='lat' dir='ltr'><strong>in</strong></span> <span class='ocrx_word' id='word_1_446' title='bbox 2854 2855 3139 2911; x_wconf 90' lang='lat' dir='ltr'><strong>doctorum</strong></span> <span class='ocrx_word' id='word_1_447' title='bbox 3162 2856 3441 2912; x_wconf 90' lang='lat' dir='ltr'><strong>hominum</strong></span> 
     </span>
    </p>
   </div>
   <div class='ocr_carea' id='block_1_58' title="bbox 1839 2942 3436 3020">
    <p class='ocr_par' dir='ltr' id='par_1_58' title="bbox 1839 2942 3436 3020">
     <span class='ocr_line' id='line_1_58' title="bbox 1839 2942 3436 3020; baseline 0.004 -22"><span class='ocrx_word' id='word_1_448' title='bbox 1839 2942 2201 3013; x_wconf 82' lang='lat' dir='ltr'><strong>disputatione</strong></span> <span class='ocrx_word' id='word_1_449' title='bbox 2222 2958 2528 3012; x_wconf 86' lang='lat' dir='ltr'><strong>versantur,</strong></span> <span class='ocrx_word' id='word_1_450' title='bbox 2555 2948 2781 3003; x_wconf 91' lang='lat' dir='ltr'><strong>nihilest</strong></span> <span class='ocrx_word' id='word_1_451' title='bbox 2802 2948 3040 3018; x_wconf 77' lang='lat' dir='ltr'><strong>profecto</strong></span> <span class='ocrx_word' id='word_1_452' title='bbox 3055 2949 3436 3020; x_wconf 64' lang='lat' dir='ltr'><strong>praestabilius,</strong></span> 
     </span>
    </p>
   </div>
   <div class='ocr_carea' id='block_1_59' title="bbox 1839 3038 3432 3111">
    <p class='ocr_par' dir='ltr' id='par_1_59' title="bbox 1839 3038 3432 3111">
     <span class='ocr_line' id='line_1_59' title="bbox 1839 3038 3432 3111; baseline 0.002 -20"><span class='ocrx_word' id='word_1_453' title='bbox 1839 3052 2001 3107; x_wconf 92' lang='lat' dir='ltr'><strong>quam</strong></span> <span class='ocrx_word' id='word_1_454' title='bbox 2046 3038 2203 3109; x_wconf 88' lang='lat' dir='ltr'><strong>plane</strong></span> <span class='ocrx_word' id='word_1_455' title='bbox 2234 3038 2455 3107; x_wconf 83' lang='lat' dir='ltr'><strong>intelligi</strong></span> <span class='ocrx_word' id='word_1_456' title='bbox 2482 3081 2496 3105; x_wconf 95' lang='lat'><strong>,</strong></span> <span class='ocrx_word' id='word_1_457' title='bbox 2552 3057 2648 3094; x_wconf 88' lang='lat' dir='ltr'><strong>nos</strong></span> <span class='ocrx_word' id='word_1_458' title='bbox 2676 3040 2741 3094; x_wconf 92' lang='lat' dir='ltr'><strong>ad</strong></span> <span class='ocrx_word' id='word_1_459' title='bbox 2762 3041 3028 3111; x_wconf 89' lang='lat' dir='ltr'><strong>justitiam</strong></span> <span class='ocrx_word' id='word_1_460' title='bbox 3060 3055 3179 3096; x_wconf 90' lang='lat' dir='ltr'><strong>esse</strong></span> <span class='ocrx_word' id='word_1_461' title='bbox 3206 3049 3381 3095; x_wconf 91' lang='lat' dir='ltr'><strong>natos.</strong></span> <span class='ocrx_word' id='word_1_462' title='bbox 3413 3060 3432 3094; x_wconf 70' lang='grc' dir='ltr'><strong><em>Î¹</em></strong></span> 
     </span>
    </p>
   </div>
   <div class='ocr_carea' id='block_1_60' title="bbox 1837 3128 3429 3202">
    <p class='ocr_par' dir='ltr' id='par_1_60' title="bbox 1837 3128 3429 3202">
     <span class='ocr_line' id='line_1_60' title="bbox 1837 3128 3429 3202; baseline 0.001 -19"><span class='ocrx_word' id='word_1_463' title='bbox 1837 3128 1991 3196; x_wconf 87' lang='lat' dir='ltr'><strong>Quod</strong></span> <span class='ocrx_word' id='word_1_464' title='bbox 2020 3130 2065 3184; x_wconf 91' lang='lat' dir='ltr'><strong>si</strong></span> <span class='ocrx_word' id='word_1_465' title='bbox 2091 3140 2173 3185; x_wconf 92' lang='lat' dir='ltr'><strong>est</strong></span> <span class='ocrx_word' id='word_1_466' title='bbox 2202 3130 2567 3195; x_wconf 88' lang='lat' dir='ltr'><strong>verissimum,</strong></span> <span class='ocrx_word' id='word_1_467' title='bbox 2600 3132 2742 3187; x_wconf 74' lang='lat' dir='ltr'><strong>Dens</strong></span> <span class='ocrx_word' id='word_1_468' title='bbox 2795 3148 2924 3202; x_wconf 88' lang='lat' dir='ltr'><strong>ergo</strong></span> <span class='ocrx_word' id='word_1_469' title='bbox 2969 3132 3083 3185; x_wconf 87' lang='lat' dir='ltr'><strong>vult</strong></span> <span class='ocrx_word' id='word_1_470' title='bbox 3107 3147 3298 3188; x_wconf 90' lang='lat' dir='ltr'><strong>omnes</strong></span> <span class='ocrx_word' id='word_1_471' title='bbox 3328 3132 3429 3186; x_wconf 87' lang='lat' dir='ltr'><strong>ho-</strong></span> 
     </span>
    </p>
   </div>
   <div class='ocr_carea' id='block_1_61' title="bbox 152 3192 3438 3292">
    <p class='ocr_par' dir='ltr' id='par_1_61' title="bbox 152 3192 3438 3292">
     <span class='ocr_line' id='line_1_61' title="bbox 152 3192 3438 3292; baseline 0.008 -37"><span class='ocrx_word' id='word_1_472' title='bbox 152 3214 276 3256; x_wconf 89' lang='lat' dir='ltr'><strong>mus.</strong></span> <span class='ocrx_word' id='word_1_473' title='bbox 302 3202 525 3261; x_wconf 84' lang='lat' dir='ltr'><strong>Constat</strong></span> <span class='ocrx_word' id='word_1_474' title='bbox 562 3205 734 3276; x_wconf 88' lang='lat' dir='ltr'><strong>igitur</strong></span> <span class='ocrx_word' id='word_1_475' title='bbox 779 3209 959 3264; x_wconf 91' lang='lat' dir='ltr'><strong>omnia</strong></span> <span class='ocrx_word' id='word_1_476' title='bbox 991 3222 1212 3281; x_wconf 91' lang='lat' dir='ltr'><strong>propter</strong></span> <span class='ocrx_word' id='word_1_477' title='bbox 1238 3211 1511 3271; x_wconf 87' lang='lat' dir='ltr'><strong>hominem</strong></span> <span class='ocrx_word' id='word_1_478' title='bbox 1536 3231 1735 3288; x_wconf 79' lang='lat' dir='ltr'><strong>pr0po~</strong></span> <span class='ocrx_word' id='word_1_479' title='bbox 1762 3192 1808 3256; x_wconf 59' lang='grc' dir='ltr'><strong>(á¼¶</strong></span> <span class='ocrx_word' id='word_1_480' title='bbox 1841 3192 2012 3277; x_wconf 82' lang='lat' dir='ltr'><strong>mines</strong></span> <span class='ocrx_word' id='word_1_481' title='bbox 2034 3237 2155 3277; x_wconf 88' lang='lat' dir='ltr'><strong>esse</strong></span> <span class='ocrx_word' id='word_1_482' title='bbox 2176 3222 2382 3292; x_wconf 89' lang='lat' dir='ltr'><strong>justos,</strong></span> <span class='ocrx_word' id='word_1_483' title='bbox 2430 3223 2483 3277; x_wconf 90' lang='lat' dir='ltr'><strong>id</strong></span> <span class='ocrx_word' id='word_1_484' title='bbox 2521 3235 2633 3291; x_wconf 91' lang='lat' dir='ltr'><strong>est,</strong></span> <span class='ocrx_word' id='word_1_485' title='bbox 2676 3226 2840 3279; x_wconf 91' lang='lat' dir='ltr'><strong>Deum</strong></span> <span class='ocrx_word' id='word_1_486' title='bbox 2886 3236 2940 3281; x_wconf 91' lang='lat' dir='ltr'><strong>et</strong></span> <span class='ocrx_word' id='word_1_487' title='bbox 2968 3224 3238 3279; x_wconf 85' lang='lat' dir='ltr'><strong>hominem</strong></span> <span class='ocrx_word' id='word_1_488' title='bbox 3282 3239 3438 3280; x_wconf 90' lang='lat' dir='ltr'><strong>caros</strong></span> 
     </span>
    </p>
   </div>
   <div class='ocr_carea' id='block_1_62' title="bbox 150 3292 1161 3370">
    <p class='ocr_par' dir='ltr' id='par_1_62' title="bbox 150 3292 1161 3370">
     <span class='ocr_line' id='line_1_62' title="bbox 150 3292 1161 3370; baseline 0.014 -24"><span class='ocrx_word' id='word_1_489' title='bbox 150 3292 260 3362; x_wconf 84' lang='lat' dir='ltr'><strong>sita,</strong></span> <span class='ocrx_word' id='word_1_490' title='bbox 286 3304 387 3351; x_wconf 91' lang='lat' dir='ltr'><strong>tam</strong></span> <span class='ocrx_word' id='word_1_491' title='bbox 414 3299 588 3368; x_wconf 90' lang='lat' dir='ltr'><strong>mala,</strong></span> <span class='ocrx_word' id='word_1_492' title='bbox 617 3315 779 3370; x_wconf 88' lang='lat' dir='ltr'><strong>quam</strong></span> <span class='ocrx_word' id='word_1_493' title='bbox 804 3302 966 3359; x_wconf 88' lang='lat' dir='ltr'><strong>etiam</strong></span> <span class='ocrx_word' id='word_1_494' title='bbox 1001 3304 1161 3361; x_wconf 88' lang='lat' dir='ltr'><strong>bona.</strong></span> 
     </span>
    </p>
   </div>
   <div class='ocr_carea' id='block_1_63' title="bbox 1842 3316 3435 3389">
    <p class='ocr_par' dir='ltr' id='par_1_63' title="bbox 1842 3316 3435 3389">
     <span class='ocr_line' id='line_1_63' title="bbox 1842 3316 3435 3389; baseline 0.003 -19"><span class='ocrx_word' id='word_1_495' title='bbox 1842 3316 2043 3372; x_wconf 89' lang='lat' dir='ltr'><strong>habere</strong></span> <span class='ocrx_word' id='word_1_496' title='bbox 2072 3334 2086 3371; x_wconf 90' lang='lat'>:</span> <span class='ocrx_word' id='word_1_497' title='bbox 2118 3317 2285 3373; x_wconf 92' lang='lat' dir='ltr'><strong>Deum</strong></span> <span class='ocrx_word' id='word_1_498' title='bbox 2318 3317 2524 3374; x_wconf 87' lang='lat' dir='ltr'><strong>scilicet</strong></span> <span class='ocrx_word' id='word_1_499' title='bbox 2552 3318 2820 3376; x_wconf 88' lang='lat' dir='ltr'><strong>honorare</strong></span> <span class='ocrx_word' id='word_1_500' title='bbox 2872 3328 3143 3389; x_wconf 87' lang='lat' dir='ltr'><strong>tamquam</strong></span> <span class='ocrx_word' id='word_1_501' title='bbox 3186 3327 3391 3389; x_wconf 87' lang='lat' dir='ltr'><strong>patrem</strong></span> <span class='ocrx_word' id='word_1_502' title='bbox 3418 3358 3435 3385; x_wconf 93' lang='lat'><strong>,</strong></span> 
     </span>
    </p>
   </div>
   <div class='ocr_carea' id='block_1_64' title="bbox 1462 3428 2095 3492">
    <p class='ocr_par' dir='ltr' id='par_1_64' title="bbox 1462 3428 2095 3492">
     <span class='ocr_line' id='line_1_64' title="bbox 1462 3428 2095 3492; baseline 0.011 -8"><span class='ocrx_word' id='word_1_503' title='bbox 1462 3428 1825 3491; x_wconf 83' lang='lat' dir='ltr'><strong>VARIORUM</strong></span> <span class='ocrx_word' id='word_1_504' title='bbox 1861 3434 2095 3492; x_wconf 67' lang='lat' dir='ltr'><strong>NOTAE.</strong></span> 
     </span>
    </p>
   </div>
   <div class='ocr_carea' id='block_1_65' title="bbox 151 3530 1730 3619">
    <p class='ocr_par' dir='ltr' id='par_1_65' title="bbox 151 3530 1730 3619">
     <span class='ocr_line' id='line_1_65' title="bbox 151 3530 1730 3619; baseline 0.013 -34"><span class='ocrx_word' id='word_1_505' title='bbox 151 3530 272 3619; x_wconf 60' lang='lat' dir='ltr'><strong>hanc</strong></span> <span class='ocrx_word' id='word_1_506' title='bbox 295 3537 706 3619; x_wconf 51' lang='lat' dir='ltr'><strong>proprietatem</strong></span> <span class='ocrx_word' id='word_1_507' title='bbox 736 3540 788 3594; x_wconf 92' lang='lat' dir='ltr'><strong>in</strong></span> <span class='ocrx_word' id='word_1_508' title='bbox 834 3540 986 3597; x_wconf 81' lang='lat' dir='ltr'><strong>caelis</strong></span> <span class='ocrx_word' id='word_1_509' title='bbox 1031 3530 1301 3613; x_wconf 89' lang='lat' dir='ltr'><strong>amittent,</strong></span> <span class='ocrx_word' id='word_1_510' title='bbox 1349 3560 1415 3602; x_wconf 91' lang='lat' dir='ltr'><strong>eo</strong></span> <span class='ocrx_word' id='word_1_511' title='bbox 1467 3548 1610 3619; x_wconf 89' lang='lat' dir='ltr'><strong>quod</strong></span> <span class='ocrx_word' id='word_1_512' title='bbox 1655 3550 1730 3606; x_wconf 90' lang='lat' dir='ltr'><strong>ibi</strong></span> 
     </span>
    </p>
   </div>
   <div class='ocr_carea' id='block_1_66' title="bbox 149 3605 953 3667">
    <p class='ocr_par' dir='ltr' id='par_1_66' title="bbox 149 3605 953 3667">
     <span class='ocr_line' id='line_1_66' title="bbox 149 3605 953 3667; baseline 0.011 -9"><span class='ocrx_word' id='word_1_513' title='bbox 149 3605 281 3659; x_wconf 87' lang='lat' dir='ltr'><strong>nulla</strong></span> <span class='ocrx_word' id='word_1_514' title='bbox 301 3605 412 3663; x_wconf 86' lang='lat' dir='ltr'><strong>sint</strong></span> <span class='ocrx_word' id='word_1_515' title='bbox 439 3610 637 3665; x_wconf 80' lang='lat' dir='ltr'><strong>mala?</strong></span> <span class='ocrx_word' id='word_1_516' title='bbox 665 3609 953 3667; x_wconf 60' lang='grc' dir='ltr'><strong>(á¼°Î»Î¹Ï‰Î¿Îµ.</strong></span> 
     </span>
    </p>
   </div>
   <div class='ocr_carea' id='block_1_67' title="bbox 213 3676 1734 3754">
    <p class='ocr_par' dir='ltr' id='par_1_67' title="bbox 213 3676 1734 3754">
     <span class='ocr_line' id='line_1_67' title="bbox 213 3676 1734 3754; baseline 0.009 -23"><span class='ocrx_word' id='word_1_517' title='bbox 213 3676 370 3754; x_wconf 64' lang='lat' dir='ltr'><strong>Quem</strong></span> <span class='ocrx_word' id='word_1_518' title='bbox 410 3682 564 3754; x_wconf 68' lang='lat' dir='ltr'><strong>stoici</strong></span> <span class='ocrx_word' id='word_1_519' title='bbox 600 3682 744 3754; x_wconf 83' lang='lat' dir='ltr'><strong>nullo</strong></span> <span class='ocrx_word' id='word_1_520' title='bbox 765 3684 924 3754; x_wconf 73' lang='lat' dir='ltr'><strong>modo</strong></span> <span class='ocrx_word' id='word_1_521' title='bbox 958 3683 1128 3739; x_wconf 83' lang='lat' dir='ltr'><strong>uidere</strong></span> <span class='ocrx_word' id='word_1_522' title='bbox 1156 3696 1428 3754; x_wconf 86' lang='lat' dir='ltr'><strong>potuerunt</strong></span> <span class='ocrx_word' id='word_1_523' title='bbox 1453 3729 1468 3753; x_wconf 96' lang='lat'><strong>,</strong></span> <span class='ocrx_word' id='word_1_524' title='bbox 1501 3690 1734 3745; x_wconf 83' lang='lat' dir='ltr'><strong>dissolvi-</strong></span> 
     </span>
    </p>
   </div>
   <div class='ocr_carea' id='block_1_68' title="bbox 150 3748 1724 3828">
    <p class='ocr_par' dir='ltr' id='par_1_68' title="bbox 150 3748 1724 3828">
     <span class='ocr_line' id='line_1_68' title="bbox 150 3748 1724 3828; baseline 0.011 -30"><span class='ocrx_word' id='word_1_525' title='bbox 150 3754 236 3828; x_wconf 57' lang='lat' dir='ltr'><strong>tur.</strong></span> <span class='ocrx_word' id='word_1_526' title='bbox 262 3748 386 3805; x_wconf 78' lang='lat' dir='ltr'><strong>Mss.</strong></span> <span class='ocrx_word' id='word_1_527' title='bbox 418 3751 488 3805; x_wconf 86' lang='grc'><strong>15</strong></span> <span class='ocrx_word' id='word_1_528' title='bbox 507 3760 567 3807; x_wconf 84' lang='lat' dir='ltr'><strong>et</strong></span> <span class='ocrx_word' id='word_1_529' title='bbox 595 3752 725 3806; x_wconf 85' lang='lat' dir='ltr'><strong>edit.</strong></span> <span class='ocrx_word' id='word_1_530' title='bbox 746 3753 938 3828; x_wconf 17' lang='lat' dir='ltr'><strong>vivet.</strong></span> <span class='ocrx_word' id='word_1_531' title='bbox 975 3748 1167 3822; x_wconf 50' lang='lat' dir='ltr'><strong>Rom,</strong></span> <span class='ocrx_word' id='word_1_532' title='bbox 1186 3748 1466 3825; x_wconf 77' lang='lat' dir='ltr'><strong>Parrhas.,</strong></span> <span class='ocrx_word' id='word_1_533' title='bbox 1496 3760 1724 3828; x_wconf 86' lang='lat' dir='ltr'><strong>Tridin.,</strong></span> 
     </span>
    </p>
   </div>
   <div class='ocr_carea' id='block_1_69' title="bbox 148 3816 1732 3895">
    <p class='ocr_par' dir='ltr' id='par_1_69' title="bbox 148 3816 1732 3895">
     <span class='ocr_line' id='line_1_69' title="bbox 148 3816 1732 3895; baseline 0.011 -26"><span class='ocrx_word' id='word_1_534' title='bbox 148 3816 416 3895; x_wconf 83' lang='lat' dir='ltr'><strong>Florent.,_</strong></span> <span class='ocrx_word' id='word_1_535' title='bbox 450 3838 618 3892; x_wconf 81' lang='lat' dir='ltr'><strong>quam</strong></span> <span class='ocrx_word' id='word_1_536' title='bbox 664 3823 815 3895; x_wconf 81' lang='lat' dir='ltr'><strong>stoici</strong></span> <span class='ocrx_word' id='word_1_537' title='bbox 877 3816 1195 3893; x_wconf 74' lang='lat' dir='ltr'><strong>posuerunt,</strong></span> <span class='ocrx_word' id='word_1_538' title='bbox 1249 3816 1577 3895; x_wconf 73' lang='lat' dir='ltr'><strong>dissolvitur;</strong></span> <span class='ocrx_word' id='word_1_539' title='bbox 1627 3816 1732 3889; x_wconf 78' lang='lat' dir='ltr'><strong>non</strong></span> 
     </span>
    </p>
   </div>
   <div class='ocr_carea' id='block_1_70' title="bbox 146 3891 1730 3970">
    <p class='ocr_par' dir='ltr' id='par_1_70' title="bbox 146 3891 1730 3970">
     <span class='ocr_line' id='line_1_70' title="bbox 146 3891 1730 3970; baseline 0.009 -32"><span class='ocrx_word' id='word_1_540' title='bbox 146 3899 296 3956; x_wconf 87' lang='lat' dir='ltr'><strong>recte,</strong></span> <span class='ocrx_word' id='word_1_541' title='bbox 326 3891 656 3970; x_wconf 73' lang='lat' dir='ltr'><strong>quiasupra</strong></span> <span class='ocrx_word' id='word_1_542' title='bbox 684 3891 895 3948; x_wconf 84' lang='lat' dir='ltr'><strong>dixerat</strong></span> <span class='ocrx_word' id='word_1_543' title='bbox 944 3899 1144 3970; x_wconf 71' lang='lat' dir='ltr'><strong>stoicos</strong></span> <span class='ocrx_word' id='word_1_544' title='bbox 1174 3900 1434 3967; x_wconf 91' lang='lat' dir='ltr'><strong>repulisse</strong></span> <span class='ocrx_word' id='word_1_545' title='bbox 1473 3891 1730 3970; x_wconf 78' lang='lat' dir='ltr'><strong>quaestio-</strong></span> 
     </span>
    </p>
   </div>
   <div class='ocr_carea' id='block_1_71' title="bbox 145 3962 1731 4038">
    <p class='ocr_par' dir='ltr' id='par_1_71' title="bbox 145 3962 1731 4038">
     <span class='ocr_line' id='line_1_71' title="bbox 145 3962 1731 4038; baseline 0.009 -26"><span class='ocrx_word' id='word_1_546' title='bbox 145 3972 255 4038; x_wconf 75' lang='lat' dir='ltr'><strong>nem</strong></span> <span class='ocrx_word' id='word_1_547' title='bbox 303 3962 787 4038; x_wconf 71' lang='lat' dir='ltr'><strong>academicorum,</strong></span> <span class='ocrx_word' id='word_1_548' title='bbox 841 3974 947 4018; x_wconf 89' lang='lat' dir='ltr'><strong>etc.</strong></span> <span class='ocrx_word' id='word_1_549' title='bbox 996 3966 1184 4038; x_wconf 10' lang='lat' dir='ltr'><strong>Iisisus.</strong></span> <span class='ocrx_word' id='word_1_550' title='bbox 1225 3962 1296 4008; x_wconf 61' lang='lat'><strong>&#39;â€”</strong></span> <span class='ocrx_word' id='word_1_551' title='bbox 1353 3962 1518 4038; x_wconf 79' lang='lat' dir='ltr'><strong>Qumn</strong></span> <span class='ocrx_word' id='word_1_552' title='bbox 1586 3974 1731 4027; x_wconf 79' lang='lat' dir='ltr'><strong>stoici</strong></span> 
     </span>
    </p>
   </div>
   <div class='ocr_carea' id='block_1_72' title="bbox 146 4029 1730 4103">
    <p class='ocr_par' dir='ltr' id='par_1_72' title="bbox 146 4029 1730 4103">
     <span class='ocr_line' id='line_1_72' title="bbox 146 4029 1730 4103; baseline 0.011 -23"><span class='ocrx_word' id='word_1_553' title='bbox 146 4029 277 4103; x_wconf 78' lang='lat' dir='ltr'><strong>nullo</strong></span> <span class='ocrx_word' id='word_1_554' title='bbox 299 4035 449 4087; x_wconf 87' lang='lat' dir='ltr'><strong>modo</strong></span> <span class='ocrx_word' id='word_1_555' title='bbox 479 4033 659 4087; x_wconf 85' lang='lat' dir='ltr'><strong>videre</strong></span> <span class='ocrx_word' id='word_1_556' title='bbox 678 4045 971 4103; x_wconf 85' lang='lat' dir='ltr'><strong>potuerunt.</strong></span> <span class='ocrx_word' id='word_1_557' title='bbox 1006 4036 1170 4092; x_wconf 86' lang='lat' dir='ltr'><strong>Stoici</strong></span> <span class='ocrx_word' id='word_1_558' title='bbox 1202 4029 1634 4096; x_wconf 33' lang='lat' dir='ltr'><strong>illam-rationem</strong></span> <span class='ocrx_word' id='word_1_559' title='bbox 1664 4045 1730 4098; x_wconf 73' lang='lat' dir='ltr'><strong>tle</strong></span> 
     </span>
    </p>
   </div>
   <div class='ocr_carea' id='block_1_73' title="bbox 145 4100 1731 4174">
    <p class='ocr_par' dir='ltr' id='par_1_73' title="bbox 145 4100 1731 4174">
     <span class='ocr_line' id='line_1_73' title="bbox 145 4100 1731 4174; baseline 0.011 -23"><span class='ocrx_word' id='word_1_560' title='bbox 145 4100 388 4174; x_wconf 73' lang='lat' dir='ltr'><strong>sapientia</strong></span> <span class='ocrx_word' id='word_1_561' title='bbox 417 4103 616 4159; x_wconf 87' lang='lat' dir='ltr'><strong>uullibi</strong></span> <span class='ocrx_word' id='word_1_562' title='bbox 649 4100 962 4174; x_wconf 81' lang='lat' dir='ltr'><strong>posuerunt,</strong></span> <span class='ocrx_word' id='word_1_563' title='bbox 995 4116 1047 4162; x_wconf 89' lang='lat' dir='ltr'><strong>et</strong></span> <span class='ocrx_word' id='word_1_564' title='bbox 1083 4108 1198 4174; x_wconf 87' lang='lat' dir='ltr'><strong>ipse</strong></span> <span class='ocrx_word' id='word_1_565' title='bbox 1247 4111 1552 4166; x_wconf 87' lang='lat' dir='ltr'><strong>Lactantius</strong></span> <span class='ocrx_word' id='word_1_566' title='bbox 1595 4114 1731 4168; x_wconf 87' lang='lat' dir='ltr'><strong>inl&#39;ra</strong></span> 
     </span>
    </p>
   </div>
   <div class='ocr_carea' id='block_1_74' title="bbox 144 4168 1733 4250">
    <p class='ocr_par' dir='ltr' id='par_1_74' title="bbox 144 4168 1733 4250">
     <span class='ocr_line' id='line_1_74' title="bbox 144 4168 1733 4250; baseline 0.011 -30"><span class='ocrx_word' id='word_1_567' title='bbox 144 4168 361 4250; x_wconf 67' lang='lat' dir='ltr'><strong>allirmat</strong></span> <span class='ocrx_word' id='word_1_568' title='bbox 381 4189 565 4243; x_wconf 88' lang='lat' dir='ltr'><strong>neque</strong></span> <span class='ocrx_word' id='word_1_569' title='bbox 600 4168 1049 4250; x_wconf 76' lang='lat' dir='ltr'><strong>Epicurum,nec</strong></span> <span class='ocrx_word' id='word_1_570' title='bbox 1081 4168 1248 4233; x_wconf 80' lang='lat' dir='ltr'><strong>alium</strong></span> <span class='ocrx_word' id='word_1_571' title='bbox 1278 4197 1597 4250; x_wconf 85' lang='lat' dir='ltr'><strong>quemquam</strong></span> <span class='ocrx_word' id='word_1_572' title='bbox 1632 4185 1733 4238; x_wconf 92' lang='lat' dir='ltr'><strong>hoc</strong></span> 
     </span>
    </p>
   </div>
   <div class='ocr_carea' id='block_1_75' title="bbox 145 4240 1729 4377">
    <p class='ocr_par' dir='ltr' id='par_1_75' title="bbox 145 4240 1729 4377">
     <span class='ocr_line' id='line_1_75' title="bbox 145 4240 1729 4377; baseline 0.011 -86"><span class='ocrx_word' id='word_1_573' title='bbox 145 4240 363 4308; x_wconf 89' lang='lat' dir='ltr'><strong>vidisse;</strong></span> <span class='ocrx_word' id='word_1_574' title='bbox 407 4240 542 4316; x_wconf 77' lang='lat' dir='ltr'><strong>ergo</strong></span> <span class='ocrx_word' id='word_1_575' title='bbox 588 4240 690 4301; x_wconf 77' lang='lat' dir='ltr'><strong>nec</strong></span> <span class='ocrx_word' id='word_1_576' title='bbox 714 4247 870 4303; x_wconf 89' lang='lat' dir='ltr'><strong>stoici</strong></span> <span class='ocrx_word' id='word_1_577' title='bbox 904 4240 1073 4303; x_wconf 21' lang='lat' dir='ltr'><strong>Villam</strong></span> <span class='ocrx_word' id='word_1_578' title='bbox 1117 4240 1378 4307; x_wconf 76' lang='lat' dir='ltr'><strong>rationem</strong></span> <span class='ocrx_word' id='word_1_579' title='bbox 1418 4240 1729 4377; x_wconf 53' lang='lat' dir='ltr'><strong>piÃ©suerunt.</strong></span> 
     </span>
     <span class='ocr_line' id='line_1_76' title="bbox 1504 4340 1589 4377; baseline 0 0"><span class='ocrx_word' id='word_1_580' title='bbox 1504 4340 1589 4377; x_wconf 67' lang='lat' dir='ltr'><strong>ou.</strong></span> 
     </span>
    </p>
   </div>
   <div class='ocr_carea' id='block_1_76' title="bbox 1504 4340 1589 4378">
    <p class='ocr_par' dir='ltr' id='par_1_76' title="bbox 1504 4340 1589 4378">
     <span class='ocr_line' id='line_1_77' title="bbox 1504 4340 1589 4378; baseline 0 0"><span class='ocrx_word' id='word_1_581' title='bbox 1504 4340 1589 4378; x_wconf 74' lang='grc' dir='ltr'><strong>Î—Î.</strong></span> 
     </span>
    </p>
   </div>
   <div class='ocr_carea' id='block_1_77' title="bbox 150 4383 1732 4459">
    <p class='ocr_par' dir='ltr' id='par_1_77' title="bbox 150 4383 1732 4459">
     <span class='ocr_line' id='line_1_78' title="bbox 150 4383 1732 4459; baseline 0.009 -24"><span class='ocrx_word' id='word_1_582' title='bbox 150 4384 165 4459; x_wconf 77' lang='lat'><strong>&#39;_</strong></span> <span class='ocrx_word' id='word_1_583' title='bbox 198 4383 263 4459; x_wconf 59' lang='lat' dir='ltr'><strong>Si</strong></span> <span class='ocrx_word' id='word_1_584' title='bbox 285 4386 463 4459; x_wconf 69' lang='lat' dir='ltr'><strong>nult_et</strong></span> <span class='ocrx_word' id='word_1_585' title='bbox 494 4388 860 4459; x_wconf 48' lang='lat' dir='ltr'><strong>potestanod.</strong></span> <span class='ocrx_word' id='word_1_586' title='bbox 892 4387 964 4443; x_wconf 84' lang='lat' dir='ltr'><strong>Ita</strong></span> <span class='ocrx_word' id='word_1_587' title='bbox 988 4389 1346 4459; x_wconf 89' lang='lat' dir='ltr'><strong>antiquissimi</strong></span> <span class='ocrx_word' id='word_1_588' title='bbox 1372 4407 1500 4448; x_wconf 90' lang='lat' dir='ltr'><strong>mss.</strong></span> <span class='ocrx_word' id='word_1_589' title='bbox 1532 4395 1732 4459; x_wconf 82' lang='lat' dir='ltr'><strong>lBoa.,</strong></span> 
     </span>
    </p>
   </div>
   <div class='ocr_carea' id='block_1_78' title="bbox 144 4451 1811 4542">
    <p class='ocr_par' dir='ltr' id='par_1_78' title="bbox 144 4451 1811 4542">
     <span class='ocr_line' id='line_1_79' title="bbox 144 4451 1811 4542; baseline 0.009 -35"><span class='ocrx_word' id='word_1_590' title='bbox 144 4451 543 4542; x_wconf 38' lang='lat' dir='ltr'><strong>illegio3Pu_t&#39;..,</strong></span> <span class='ocrx_word' id='word_1_591' title='bbox 592 4451 903 4542; x_wconf 8' lang='lat' dir='ltr'><strong>ijcolbe&#39;rt.</strong></span> <span class='ocrx_word' id='word_1_592' title='bbox 943 4469 999 4515; x_wconf 90' lang='lat' dir='ltr'><strong>et</strong></span> <span class='ocrx_word' id='word_1_593' title='bbox 1024 4451 1151 4542; x_wconf 56' lang='lat' dir='ltr'><strong>editi</strong></span> <span class='ocrx_word' id='word_1_594' title='bbox 1190 4463 1301 4542; x_wconf 70' lang='lat' dir='ltr'><strong>fere</strong></span> <span class='ocrx_word' id='word_1_595' title='bbox 1326 4477 1534 4542; x_wconf 78' lang='lat' dir='ltr'><strong>omnes.</strong></span> <span class='ocrx_word' id='word_1_596' title='bbox 1577 4451 1734 4542; x_wconf 52' lang='lat' dir='ltr'><strong>Iulli;</strong></span> <span class='ocrx_word' id='word_1_597' title='bbox 1758 4481 1811 4542; x_wconf 77' lang='grc' dir='ltr'><strong>Î¹)</strong></span> 
     </span>
    </p>
   </div>
   <div class='ocr_carea' id='block_1_79' title="bbox 140 4528 1731 4604">
    <p class='ocr_par' dir='ltr' id='par_1_79' title="bbox 140 4528 1731 4604">
     <span class='ocr_line' id='line_1_80' title="bbox 140 4528 1731 4604; baseline 0.011 -29"><span class='ocrx_word' id='word_1_598' title='bbox 140 4538 261 4604; x_wconf 65' lang='lat' dir='ltr'><strong>mss.</strong></span> <span class='ocrx_word' id='word_1_599' title='bbox 294 4540 402 4582; x_wconf 80' lang='lat' dir='ltr'><strong>rec.</strong></span> <span class='ocrx_word' id='word_1_600' title='bbox 426 4538 483 4583; x_wconf 89' lang='lat' dir='ltr'><strong>et</strong></span> <span class='ocrx_word' id='word_1_601' title='bbox 513 4529 796 4604; x_wconf 78' lang='lat' dir='ltr'><strong>impressis</strong></span> <span class='ocrx_word' id='word_1_602' title='bbox 823 4528 981 4585; x_wconf 91' lang='lat' dir='ltr'><strong>Rom.</strong></span> <span class='ocrx_word' id='word_1_603' title='bbox 1007 4538 1063 4585; x_wconf 87' lang='lat' dir='ltr'><strong>et</strong></span> <span class='ocrx_word' id='word_1_604' title='bbox 1081 4530 1329 4603; x_wconf 84' lang='lat' dir='ltr'><strong>Gymnic.</strong></span> <span class='ocrx_word' id='word_1_605' title='bbox 1355 4534 1579 4604; x_wconf 84' lang='lat' dir='ltr'><strong>legitur,</strong></span> <span class='ocrx_word' id='word_1_606' title='bbox 1614 4538 1659 4590; x_wconf 91' lang='lat' dir='ltr'><strong>si</strong></span> <span class='ocrx_word' id='word_1_607' title='bbox 1684 4552 1731 4592; x_wconf 83' lang='lat' dir='ltr'><strong>et</strong></span> 
     </span>
    </p>
   </div>
   <div class='ocr_carea' id='block_1_80' title="bbox 140 4597 725 4665">
    <p class='ocr_par' dir='ltr' id='par_1_80' title="bbox 140 4597 725 4665">
     <span class='ocr_line' id='line_1_81' title="bbox 140 4597 725 4665; baseline 0.009 -19"><span class='ocrx_word' id='word_1_608' title='bbox 140 4597 240 4648; x_wconf 73' lang='lat' dir='ltr'><strong>vult</strong></span> <span class='ocrx_word' id='word_1_609' title='bbox 266 4608 310 4651; x_wconf 87' lang='lat' dir='ltr'><strong>et</strong></span> <span class='ocrx_word' id='word_1_610' title='bbox 334 4608 531 4664; x_wconf 84' lang='lat' dir='ltr'><strong>potest,</strong></span> <span class='ocrx_word' id='word_1_611' title='bbox 566 4598 725 4665; x_wconf 86' lang='lat' dir='ltr'><strong>quod.</strong></span> 
     </span>
    </p>
   </div>
   <div class='ocr_carea' id='block_1_81' title="bbox 206 4666 1820 4747">
    <p class='ocr_par' dir='ltr' id='par_1_81' title="bbox 206 4666 1820 4747">
     <span class='ocr_line' id='line_1_82' title="bbox 206 4666 1820 4747; baseline 0.007 -27"><span class='ocrx_word' id='word_1_612' title='bbox 206 4666 349 4747; x_wconf 69' lang='lat' dir='ltr'><strong>Sicut</strong></span> <span class='ocrx_word' id='word_1_613' title='bbox 371 4670 585 4747; x_wconf 64' lang='lat' dir='ltr'><strong>edofui.</strong></span> <span class='ocrx_word' id='word_1_614' title='bbox 619 4669 1140 4747; x_wconf 77' lang='lat' dir='ltr'><strong>Ita__restitutnm_ex</strong></span> <span class='ocrx_word' id='word_1_615' title='bbox 1179 4675 1213 4728; x_wconf 72' lang='grc'><strong>4</strong></span> <span class='ocrx_word' id='word_1_616' title='bbox 1255 4673 1386 4747; x_wconf 84' lang='lat' dir='ltr'><strong>Reg.</strong></span> <span class='ocrx_word' id='word_1_617' title='bbox 1433 4675 1571 4747; x_wconf 85' lang='lat' dir='ltr'><strong>inter</strong></span> <span class='ocrx_word' id='word_1_618' title='bbox 1595 4692 1731 4747; x_wconf 88' lang='lat' dir='ltr'><strong>quos</strong></span> <span class='ocrx_word' id='word_1_619' title='bbox 1806 4710 1820 4731; x_wconf 71' lang='grc' dir='ltr'><strong>Ï</strong></span> 
     </span>
    </p>
   </div>
   <div class='ocr_carea' id='block_1_82' title="bbox 138 4739 1726 4811">
    <p class='ocr_par' dir='ltr' id='par_1_82' title="bbox 138 4739 1726 4811">
     <span class='ocr_line' id='line_1_83' title="bbox 138 4739 1726 4811; baseline 0.009 -22"><span class='ocrx_word' id='word_1_620' title='bbox 138 4746 213 4811; x_wconf 69' lang='lat' dir='ltr'><strong>est</strong></span> <span class='ocrx_word' id='word_1_621' title='bbox 256 4739 873 4811; x_wconf 25' lang='lat' dir='ltr'><strong>Regio-Putialiisque</strong></span> <span class='ocrx_word' id='word_1_622' title='bbox 910 4743 1126 4804; x_wconf 86' lang='lat' dir='ltr'><strong>multis,</strong></span> <span class='ocrx_word' id='word_1_623' title='bbox 1171 4739 1552 4800; x_wconf 63' lang='lat' dir='ltr'><strong>accedirntibus</strong></span> <span class='ocrx_word' id='word_1_624' title='bbox 1592 4739 1627 4800; x_wconf 68' lang='grc'>2</span> <span class='ocrx_word' id='word_1_625' title='bbox 1652 4750 1726 4804; x_wconf 88' lang='lat' dir='ltr'><strong>al.</strong></span> 
     </span>
    </p>
   </div>
   <div class='ocr_carea' id='block_1_83' title="bbox 138 4804 1731 4932">
    <p class='ocr_par' dir='ltr' id='par_1_83' title="bbox 138 4804 1731 4932">
     <span class='ocr_line' id='line_1_84' title="bbox 138 4804 1731 4932; baseline 0.011 -74"><span class='ocrx_word' id='word_1_626' title='bbox 138 4804 283 4932; x_wconf 56' lang='grc' dir='ltr'><strong>á¼“Ï…á½²..</strong></span> <span class='ocrx_word' id='word_1_627' title='bbox 313 4804 560 4893; x_wconf 51' lang='grc' dir='ltr'><strong>á½…Ï‚ÏÎ¿Î¹á½ºÎ·</strong></span> <span class='ocrx_word' id='word_1_628' title='bbox 590 4804 832 4866; x_wconf 82' lang='lat' dir='ltr'><strong>Clarum.</strong></span> <span class='ocrx_word' id='word_1_629' title='bbox 859 4823 913 4868; x_wconf 91' lang='lat' dir='ltr'><strong>et</strong></span> <span class='ocrx_word' id='word_1_630' title='bbox 939 4814 1027 4868; x_wconf 90' lang='lat' dir='ltr'><strong>ed.</strong></span> <span class='ocrx_word' id='word_1_631' title='bbox 1063 4814 1221 4869; x_wconf 90' lang='lat' dir='ltr'><strong>Rom.</strong></span> <span class='ocrx_word' id='word_1_632' title='bbox 1250 4816 1410 4880; x_wconf 77' lang='grc'><strong>1470.</strong></span> <span class='ocrx_word' id='word_1_633' title='bbox 1435 4818 1626 4887; x_wconf 90' lang='lat' dir='ltr'><strong>quibus</strong></span> <span class='ocrx_word' id='word_1_634' title='bbox 1646 4826 1731 4875; x_wconf 89' lang='lat' dir='ltr'><strong>est</strong></span> 
     </span>
     <span class='ocr_line' id='line_1_85' title="bbox 238 4896 376 4932; baseline 0 0"><span class='ocrx_word' id='word_1_635' title='bbox 238 4896 376 4932; x_wconf 69' lang='lat' dir='ltr'><strong>0N&quot;.</strong></span> 
     </span>
    </p>
   </div>
   <div class='ocr_carea' id='block_1_84' title="bbox 137 4883 376 4937">
    <p class='ocr_par' dir='ltr' id='par_1_84' title="bbox 137 4883 376 4937">
     <span class='ocr_line' id='line_1_86' title="bbox 137 4883 376 4937; baseline 0.025 -7"><span class='ocrx_word' id='word_1_636' title='bbox 137 4888 180 4931; x_wconf 87' lang='lat' dir='ltr'><strong>et</strong></span> <span class='ocrx_word' id='word_1_637' title='bbox 205 4883 376 4937; x_wconf 83' lang='lat' dir='ltr'><strong>docui.</strong></span> 
     </span>
    </p>
   </div>
   <div class='ocr_carea' id='block_1_85' title="bbox 202 4950 1727 5022">
    <p class='ocr_par' dir='ltr' id='par_1_85' title="bbox 202 4950 1727 5022">
     <span class='ocr_line' id='line_1_87' title="bbox 202 4950 1727 5022; baseline 0.007 -19"><span class='ocrx_word' id='word_1_638' title='bbox 202 4950 266 5003; x_wconf 80' lang='lat' dir='ltr'><strong>Et</strong></span> <span class='ocrx_word' id='word_1_639' title='bbox 285 4954 401 5019; x_wconf 83' lang='lat' dir='ltr'><strong>plus</strong></span> <span class='ocrx_word' id='word_1_640' title='bbox 430 4962 509 5007; x_wconf 87' lang='lat' dir='ltr'><strong>est</strong></span> <span class='ocrx_word' id='word_1_641' title='bbox 537 4951 676 5006; x_wconf 86' lang='lat' dir='ltr'><strong>boni.</strong></span> <span class='ocrx_word' id='word_1_642' title='bbox 727 4951 810 5008; x_wconf 82' lang='lat' dir='ltr'><strong>Ex</strong></span> <span class='ocrx_word' id='word_1_643' title='bbox 849 4953 1192 5022; x_wconf 84' lang='lat' dir='ltr'><strong>Regio-Put.,</strong></span> <span class='ocrx_word' id='word_1_644' title='bbox 1231 4957 1266 5010; x_wconf 82' lang='grc'><strong>5</strong></span> <span class='ocrx_word' id='word_1_645' title='bbox 1314 4956 1549 5012; x_wconf 88' lang='lat' dir='ltr'><strong>Colhert.</strong></span> <span class='ocrx_word' id='word_1_646' title='bbox 1579 4959 1727 5014; x_wconf 90' lang='lat' dir='ltr'><strong>aliis-</strong></span> 
     </span>
    </p>
   </div>
   <div class='ocr_carea' id='block_1_86' title="bbox 136 5023 1728 5098">
    <p class='ocr_par' dir='ltr' id='par_1_86' title="bbox 136 5023 1728 5098">
     <span class='ocr_line' id='line_1_88' title="bbox 136 5023 1728 5098; baseline 0.009 -25"><span class='ocrx_word' id='word_1_647' title='bbox 136 5034 232 5088; x_wconf 85' lang='lat' dir='ltr'><strong>que</strong></span> <span class='ocrx_word' id='word_1_648' title='bbox 254 5023 433 5098; x_wconf 83' lang='lat' dir='ltr'><strong>addidi</strong></span> <span class='ocrx_word' id='word_1_649' title='bbox 472 5033 702 5098; x_wconf 86' lang='lat' dir='ltr'><strong>est,_pro</strong></span> <span class='ocrx_word' id='word_1_650' title='bbox 728 5039 835 5093; x_wconf 89' lang='lat' dir='ltr'><strong>quo</strong></span> <span class='ocrx_word' id='word_1_651' title='bbox 877 5024 1073 5096; x_wconf 89' lang='lat' dir='ltr'><strong>legitur</strong></span> <span class='ocrx_word' id='word_1_652' title='bbox 1096 5036 1144 5081; x_wconf 87' lang='lat' dir='ltr'><strong>et</strong></span> <span class='ocrx_word' id='word_1_653' title='bbox 1167 5028 1220 5082; x_wconf 90' lang='lat' dir='ltr'><strong>in</strong></span> <span class='ocrx_word' id='word_1_654' title='bbox 1247 5027 1281 5084; x_wconf 84' lang='lat'><strong>6</strong></span> <span class='ocrx_word' id='word_1_655' title='bbox 1309 5030 1547 5098; x_wconf 85' lang='lat' dir='ltr'><strong>scriptis;</strong></span> <span class='ocrx_word' id='word_1_656' title='bbox 1574 5030 1728 5086; x_wconf 87' lang='lat' dir='ltr'><strong>deest</strong></span> 
     </span>
    </p>
   </div>
   <div class='ocr_carea' id='block_1_87' title="bbox 133 5094 654 5149">
    <p class='ocr_par' dir='ltr' id='par_1_87' title="bbox 133 5094 654 5149">
     <span class='ocr_line' id='line_1_89' title="bbox 133 5094 654 5149; baseline 0 -3"><span class='ocrx_word' id='word_1_657' title='bbox 133 5104 301 5146; x_wconf 85' lang='lat' dir='ltr'><strong>autem</strong></span> <span class='ocrx_word' id='word_1_658' title='bbox 330 5094 383 5149; x_wconf 92' lang='lat' dir='ltr'><strong>in</strong></span> <span class='ocrx_word' id='word_1_659' title='bbox 412 5094 654 5149; x_wconf 65' lang='lat' dir='ltr'><strong>caeteris.</strong></span> 
     </span>
    </p>
   </div>
   <div class='ocr_carea' id='block_1_88' title="bbox 201 5162 1036 5237">
    <p class='ocr_par' dir='ltr' id='par_1_88' title="bbox 201 5162 1036 5237">
     <span class='ocr_line' id='line_1_90' title="bbox 201 5162 1036 5237; baseline 0.006 -22"><span class='ocrx_word' id='word_1_660' title='bbox 201 5162 483 5237; x_wconf 71' lang='lat' dir='ltr'><strong>Â§apientia_</strong></span> <span class='ocrx_word' id='word_1_661' title='bbox 499 5165 639 5237; x_wconf 70' lang='lat' dir='ltr'><strong>enim</strong></span> <span class='ocrx_word' id='word_1_662' title='bbox 664 5163 814 5237; x_wconf 54' lang='lat' dir='ltr'><strong>facit.</strong></span> <span class='ocrx_word' id='word_1_663' title='bbox 846 5166 923 5221; x_wconf 87' lang='lat' dir='ltr'><strong>Ita</strong></span> <span class='ocrx_word' id='word_1_664' title='bbox 949 5166 1036 5237; x_wconf 84' lang='lat' dir='ltr'><strong>leg</strong></span> 
     </span>
    </p>
   </div>
   <div class='ocr_carea' id='block_1_89' title="bbox 133 5230 1725 5308">
    <p class='ocr_par' dir='ltr' id='par_1_89' title="bbox 133 5230 1725 5308">
     <span class='ocr_line' id='line_1_91' title="bbox 133 5230 1725 5308; baseline 0.008 -23"><span class='ocrx_word' id='word_1_665' title='bbox 133 5230 166 5285; x_wconf 77' lang='lat'><strong>2</strong></span> <span class='ocrx_word' id='word_1_666' title='bbox 194 5230 425 5302; x_wconf 83' lang='lat' dir='ltr'><strong>Bonon.,</strong></span> <span class='ocrx_word' id='word_1_667' title='bbox 456 5234 809 5308; x_wconf 53' lang='lat' dir='ltr'><strong>Regio-Pot&quot;</strong></span> <span class='ocrx_word' id='word_1_668' title='bbox 847 5230 1073 5305; x_wconf 71' lang='lat' dir='ltr'><strong>aliisque</strong></span> <span class='ocrx_word' id='word_1_669' title='bbox 1101 5238 1135 5291; x_wconf 71' lang='lat'><strong>2</strong></span> <span class='ocrx_word' id='word_1_670' title='bbox 1169 5238 1326 5308; x_wconf 85' lang='lat' dir='ltr'><strong>Reg.,</strong></span> <span class='ocrx_word' id='word_1_671' title='bbox 1354 5241 1387 5294; x_wconf 87' lang='grc'>6</span> <span class='ocrx_word' id='word_1_672' title='bbox 1414 5239 1567 5295; x_wconf 87' lang='lat' dir='ltr'><strong>Colh.</strong></span> <span class='ocrx_word' id='word_1_673' title='bbox 1604 5260 1725 5297; x_wconf 73' lang='lat' dir='ltr'><strong>sex-</strong></span> 
     </span>
    </p>
   </div>
   <div class='ocr_carea' id='block_1_90' title="bbox 132 5305 1720 5383">
    <p class='ocr_par' dir='ltr' id='par_1_90' title="bbox 132 5305 1720 5383">
     <span class='ocr_line' id='line_1_92' title="bbox 132 5305 1720 5383; baseline 0.007 -26"><span class='ocrx_word' id='word_1_674' title='bbox 132 5319 229 5371; x_wconf 85' lang='lat' dir='ltr'><strong>que</strong></span> <span class='ocrx_word' id='word_1_675' title='bbox 270 5308 391 5360; x_wconf 85' lang='lat' dir='ltr'><strong>aliis</strong></span> <span class='ocrx_word' id='word_1_676' title='bbox 430 5317 488 5362; x_wconf 91' lang='lat' dir='ltr'><strong>et.</strong></span> <span class='ocrx_word' id='word_1_677' title='bbox 523 5305 614 5359; x_wconf 88' lang='lat' dir='ltr'><strong>ed.</strong></span> <span class='ocrx_word' id='word_1_678' title='bbox 638 5306 821 5383; x_wconf 32' lang='lat' dir='ltr'><strong>_Be_tul..</strong></span> <span class='ocrx_word' id='word_1_679' title='bbox 855 5307 1014 5383; x_wconf 92' lang='lat' dir='ltr'><strong>ac</strong></span> <span class='ocrx_word' id='word_1_680' title='bbox 1055 5324 1158 5383; x_wconf 76' lang='lat' dir='ltr'><strong>non</strong></span> <span class='ocrx_word' id='word_1_681' title='bbox 1189 5305 1324 5383; x_wconf 65' lang='lat' dir='ltr'><strong>utin</strong></span> <span class='ocrx_word' id='word_1_682' title='bbox 1358 5328 1488 5365; x_wconf 87' lang='lat' dir='ltr'><strong>mss.</strong></span> <span class='ocrx_word' id='word_1_683' title='bbox 1521 5314 1554 5367; x_wconf 79' lang='grc'>5</span> <span class='ocrx_word' id='word_1_684' title='bbox 1583 5312 1720 5383; x_wconf 88' lang='lat' dir='ltr'><strong>Reg.</strong></span> 
     </span>
    </p>
   </div>
   <div class='ocr_carea' id='block_1_91' title="bbox 132 5375 1722 5447">
    <p class='ocr_par' dir='ltr' id='par_1_91' title="bbox 132 5375 1722 5447">
     <span class='ocr_line' id='line_1_93' title="bbox 132 5375 1722 5447; baseline 0.008 -21"><span class='ocrx_word' id='word_1_685' title='bbox 132 5388 235 5427; x_wconf 81' lang='lat' dir='ltr'><strong>ree.</strong></span> <span class='ocrx_word' id='word_1_686' title='bbox 264 5384 318 5430; x_wconf 85' lang='lat' dir='ltr'><strong>ct</strong></span> <span class='ocrx_word' id='word_1_687' title='bbox 343 5392 395 5432; x_wconf 74' lang='grc' dir='ltr'><strong>,Î¹Î·</strong></span> <span class='ocrx_word' id='word_1_688' title='bbox 427 5375 848 5447; x_wconf 88' lang='lat' dir='ltr'><strong>quamplurimis</strong></span> <span class='ocrx_word' id='word_1_689' title='bbox 878 5378 1057 5445; x_wconf 89' lang='lat' dir='ltr'><strong>editis,</strong></span> <span class='ocrx_word' id='word_1_690' title='bbox 1092 5379 1358 5446; x_wconf 86' lang='lat' dir='ltr'><strong>Sapientia</strong></span> <span class='ocrx_word' id='word_1_691' title='bbox 1386 5383 1558 5436; x_wconf 87' lang='lat' dir='ltr'><strong>etiam.</strong></span> <span class='ocrx_word' id='word_1_692' title='bbox 1587 5375 1722 5439; x_wconf 61' lang='lat' dir='ltr'><strong>Nain</strong></span> 
     </span>
    </p>
   </div>
   <div class='ocr_carea' id='block_1_92' title="bbox 131 5446 1719 5524">
    <p class='ocr_par' dir='ltr' id='par_1_92' title="bbox 131 5446 1719 5524">
     <span class='ocr_line' id='line_1_94' title="bbox 131 5446 1719 5524; baseline 0.01 -30"><span class='ocrx_word' id='word_1_693' title='bbox 131 5458 337 5524; x_wconf 29' lang='lat' dir='ltr'><strong>eatislum</strong></span> <span class='ocrx_word' id='word_1_694' title='bbox 356 5446 546 5512; x_wconf 77' lang='lat' dir='ltr'><strong>affert,</strong></span> <span class='ocrx_word' id='word_1_695' title='bbox 570 5461 666 5524; x_wconf 82' lang='lat' dir='ltr'><strong>cur</strong></span> <span class='ocrx_word' id='word_1_696' title='bbox 693 5448 747 5501; x_wconf 90' lang='lat' dir='ltr'><strong>in</strong></span> <span class='ocrx_word' id='word_1_697' title='bbox 769 5449 1029 5524; x_wconf 78' lang='lat' dir='ltr'><strong>sapientia</strong></span> <span class='ocrx_word' id='word_1_698' title='bbox 1048 5449 1165 5520; x_wconf 91' lang='lat' dir='ltr'><strong>plus</strong></span> <span class='ocrx_word' id='word_1_699' title='bbox 1194 5451 1265 5504; x_wconf 87' lang='lat' dir='ltr'><strong>sit</strong></span> <span class='ocrx_word' id='word_1_700' title='bbox 1290 5450 1414 5506; x_wconf 90' lang='lat' dir='ltr'><strong>boni</strong></span> <span class='ocrx_word' id='word_1_701' title='bbox 1442 5468 1503 5507; x_wconf 88' lang='lat' dir='ltr'><strong>ac</strong></span> <span class='ocrx_word' id='word_1_702' title='bbox 1520 5454 1688 5524; x_wconf 89' lang='lat' dir='ltr'><strong>jucun</strong></span> <span class='ocrx_word' id='word_1_703' title='bbox 1704 5486 1719 5498; x_wconf 90' lang='lat'><strong>-</strong></span> 
     </span>
    </p>
   </div>
   <div class='ocr_carea' id='block_1_93' title="bbox 131 5514 1503 5587">
    <p class='ocr_par' dir='ltr' id='par_1_93' title="bbox 131 5514 1503 5587">
     <span class='ocr_line' id='line_1_95' title="bbox 131 5514 1503 5587; baseline 0.008 -20"><span class='ocrx_word' id='word_1_704' title='bbox 131 5514 323 5587; x_wconf 62' lang='lat' dir='ltr'><strong>ditatis,</strong></span> <span class='ocrx_word' id='word_1_705' title='bbox 358 5532 541 5587; x_wconf 75' lang='lat' dir='ltr'><strong>neque</strong></span> <span class='ocrx_word' id='word_1_706' title='bbox 567 5517 743 5586; x_wconf 81' lang='lat' dir='ltr'><strong>placet</strong></span> <span class='ocrx_word' id='word_1_707' title='bbox 770 5514 857 5573; x_wconf 84' lang='lat' dir='ltr'><strong>hic</strong></span> <span class='ocrx_word' id='word_1_708' title='bbox 885 5528 941 5575; x_wconf 87' lang='lat' dir='ltr'><strong>et</strong></span> <span class='ocrx_word' id='word_1_709' title='bbox 963 5514 1153 5575; x_wconf 78' lang='lat' dir='ltr'><strong>iterum</strong></span> <span class='ocrx_word' id='word_1_710' title='bbox 1184 5535 1308 5576; x_wconf 88' lang='lat' dir='ltr'><strong>mox</strong></span> <span class='ocrx_word' id='word_1_711' title='bbox 1336 5524 1503 5577; x_wconf 88' lang='lat' dir='ltr'><strong>etiam.</strong></span> 
     </span>
    </p>
   </div>
   <div class='ocr_carea' id='block_1_94' title="bbox 197 5585 1717 5660">
    <p class='ocr_par' dir='ltr' id='par_1_94' title="bbox 197 5585 1717 5660">
     <span class='ocr_line' id='line_1_96' title="bbox 197 5585 1717 5660; baseline 0.007 -20"><span class='ocrx_word' id='word_1_712' title='bbox 197 5585 351 5660; x_wconf 73' lang='lat' dir='ltr'><strong>Cujus</strong></span> <span class='ocrx_word' id='word_1_713' title='bbox 379 5585 519 5660; x_wconf 68' lang='lat' dir='ltr'><strong>talio</strong></span> <span class='ocrx_word' id='word_1_714' title='bbox 534 5585 591 5641; x_wconf 80' lang='lat' dir='ltr'><strong>in</strong></span> <span class='ocrx_word' id='word_1_715' title='bbox 609 5589 927 5660; x_wconf 80' lang='lat' dir='ltr'><strong>sustinenda,</strong></span> <span class='ocrx_word' id='word_1_716' title='bbox 949 5600 1053 5646; x_wconf 84' lang='lat' dir='ltr'><strong>etc.</strong></span> <span class='ocrx_word' id='word_1_717' title='bbox 1084 5590 1524 5660; x_wconf 67' lang='lat' dir='ltr'><strong>Prmpositionem</strong></span> <span class='ocrx_word' id='word_1_718' title='bbox 1550 5596 1602 5648; x_wconf 88' lang='lat' dir='ltr'><strong>in</strong></span> <span class='ocrx_word' id='word_1_719' title='bbox 1624 5596 1717 5650; x_wconf 84' lang='lat' dir='ltr'><strong>ad-</strong></span> 
     </span>
    </p>
   </div>
   <div class='ocr_carea' id='block_1_95' title="bbox 128 5655 1712 5785">
    <p class='ocr_par' dir='ltr' id='par_1_95' title="bbox 128 5655 1712 5785">
     <span class='ocr_line' id='line_1_97' title="bbox 128 5655 1712 5738; baseline 0.006 -27"><span class='ocrx_word' id='word_1_720' title='bbox 128 5655 233 5713; x_wconf 89' lang='lat' dir='ltr'><strong>didi</strong></span> <span class='ocrx_word' id='word_1_721' title='bbox 256 5675 323 5715; x_wconf 80' lang='lat' dir='ltr'><strong>ex</strong></span> <span class='ocrx_word' id='word_1_722' title='bbox 341 5658 602 5714; x_wconf 90' lang='lat' dir='ltr'><strong>omnibus</strong></span> <span class='ocrx_word' id='word_1_723' title='bbox 626 5658 739 5715; x_wconf 89' lang='lat' dir='ltr'><strong>lere</strong></span> <span class='ocrx_word' id='word_1_724' title='bbox 764 5674 895 5715; x_wconf 89' lang='lat' dir='ltr'><strong>mss.</strong></span> <span class='ocrx_word' id='word_1_725' title='bbox 912 5655 978 5716; x_wconf 88' lang='lat' dir='ltr'><strong>et</strong></span> <span class='ocrx_word' id='word_1_726' title='bbox 1005 5664 1040 5717; x_wconf 85' lang='lat'><strong>6</strong></span> <span class='ocrx_word' id='word_1_727' title='bbox 1068 5655 1247 5719; x_wconf 78' lang='lat' dir='ltr'><strong>editis.</strong></span> <span class='ocrx_word' id='word_1_728' title='bbox 1281 5664 1447 5720; x_wconf 83' lang='lat' dir='ltr'><strong>Abest</strong></span> <span class='ocrx_word' id='word_1_729' title='bbox 1466 5680 1495 5719; x_wconf 91' lang='lat' dir='ltr'><strong>a</strong></span> <span class='ocrx_word' id='word_1_730' title='bbox 1525 5666 1559 5720; x_wconf 72' lang='grc'><strong>2</strong></span> <span class='ocrx_word' id='word_1_731' title='bbox 1580 5666 1712 5738; x_wconf 76' lang='lat' dir='ltr'><strong>Reg.</strong></span> 
     </span>
     <span class='ocr_line' id='line_1_98' title="bbox 129 5731 499 5785; baseline -0.003 -1"><span class='ocrx_word' id='word_1_732' title='bbox 129 5738 181 5784; x_wconf 87' lang='lat' dir='ltr'><strong>et</strong></span> <span class='ocrx_word' id='word_1_733' title='bbox 202 5732 414 5785; x_wconf 80' lang='lat' dir='ltr'><strong>excusis</strong></span> <span class='ocrx_word' id='word_1_734' title='bbox 441 5731 499 5785; x_wconf 88' lang='lat'><strong>8.</strong></span> 
     </span>
    </p>
   </div>
   <div class='ocr_carea' id='block_1_96' title="bbox 129 5732 499 5785">
    <p class='ocr_par' dir='ltr' id='par_1_96' title="bbox 129 5732 499 5785">
     <span class='ocr_line' id='line_1_99' title="bbox 129 5732 499 5785; baseline -0.003 -1"><span class='ocrx_word' id='word_1_735' title='bbox 129 5738 181 5784; x_wconf 87' lang='lat' dir='ltr'><strong>et</strong></span> <span class='ocrx_word' id='word_1_736' title='bbox 202 5732 414 5785; x_wconf 80' lang='lat' dir='ltr'><strong>excusis</strong></span> <span class='ocrx_word' id='word_1_737' title='bbox 441 5732 499 5785; x_wconf 88' lang='lat'><strong>8.</strong></span> 
     </span>
    </p>
   </div>
   <div class='ocr_carea' id='block_1_97' title="bbox 124 5798 1713 5879">
    <p class='ocr_par' dir='ltr' id='par_1_97' title="bbox 124 5798 1713 5879">
     <span class='ocr_line' id='line_1_100' title="bbox 124 5798 1713 5879; baseline 0.006 -25"><span class='ocrx_word' id='word_1_738' title='bbox 124 5850 139 5871; x_wconf 35' lang='grc' dir='ltr'>Î¹</span> <span class='ocrx_word' id='word_1_739' title='bbox 194 5798 352 5857; x_wconf 73' lang='lat' dir='ltr'><strong>Recto</strong></span> <span class='ocrx_word' id='word_1_740' title='bbox 401 5815 639 5872; x_wconf 81' lang='lat' dir='ltr'><strong>corpore.</strong></span> <span class='ocrx_word' id='word_1_741' title='bbox 680 5800 757 5857; x_wconf 88' lang='lat' dir='ltr'><strong>Ita</strong></span> <span class='ocrx_word' id='word_1_742' title='bbox 784 5801 1164 5873; x_wconf 89' lang='lat' dir='ltr'><strong>quamplurimi</strong></span> <span class='ocrx_word' id='word_1_743' title='bbox 1215 5818 1346 5861; x_wconf 90' lang='lat' dir='ltr'><strong>mss.</strong></span> <span class='ocrx_word' id='word_1_744' title='bbox 1391 5806 1530 5863; x_wconf 91' lang='lat' dir='ltr'><strong>inter</strong></span> <span class='ocrx_word' id='word_1_745' title='bbox 1576 5823 1713 5879; x_wconf 88' lang='lat' dir='ltr'><strong>quos</strong></span> 
     </span>
    </p>
   </div>
   <div class='ocr_carea' id='block_1_98' title="bbox 1039 5168 1720 5227">
    <p class='ocr_par' dir='ltr' id='par_1_98' title="bbox 1039 5168 1720 5227">
     <span class='ocr_line' id='line_1_101' title="bbox 1039 5168 1720 5227; baseline 0.012 -8"><span class='ocrx_word' id='word_1_746' title='bbox 1039 5182 1071 5219; x_wconf 91' lang='lat' dir='ltr'><strong>o</strong></span> <span class='ocrx_word' id='word_1_747' title='bbox 1101 5183 1165 5222; x_wconf 84' lang='lat' dir='ltr'><strong>ex</strong></span> <span class='ocrx_word' id='word_1_748' title='bbox 1187 5168 1561 5225; x_wconf 78' lang='lat' dir='ltr'><strong>vetustissimis</strong></span> <span class='ocrx_word' id='word_1_749' title='bbox 1591 5188 1720 5227; x_wconf 89' lang='lat' dir='ltr'><strong>mss.</strong></span> 
     </span>
    </p>
   </div>
   <div class='ocr_carea' id='block_1_99' title="bbox 1832 3551 3433 3637">
    <p class='ocr_par' dir='ltr' id='par_1_99' title="bbox 1832 3551 3433 3637">
     <span class='ocr_line' id='line_1_102' title="bbox 1832 3551 3433 3637; baseline 0.001 -31"><span class='ocrx_word' id='word_1_750' title='bbox 1832 3561 1960 3635; x_wconf 75' lang='lat' dir='ltr'><strong>sunt</strong></span> <span class='ocrx_word' id='word_1_751' title='bbox 1990 3554 2263 3637; x_wconf 77' lang='lat' dir='ltr'><strong>veterrimi</strong></span> <span class='ocrx_word' id='word_1_752' title='bbox 2296 3554 2502 3609; x_wconf 88' lang='lat' dir='ltr'><strong>Bonon.</strong></span> <span class='ocrx_word' id='word_1_753' title='bbox 2533 3561 2589 3609; x_wconf 88' lang='lat' dir='ltr'><strong>et</strong></span> <span class='ocrx_word' id='word_1_754' title='bbox 2616 3552 2750 3623; x_wconf 77' lang='lat' dir='ltr'><strong>Reg.</strong></span> <span class='ocrx_word' id='word_1_755' title='bbox 2780 3551 2852 3607; x_wconf 84' lang='lat' dir='ltr'><strong>At</strong></span> <span class='ocrx_word' id='word_1_756' title='bbox 2887 3552 2955 3606; x_wconf 69' lang='grc'><strong>14</strong></span> <span class='ocrx_word' id='word_1_757' title='bbox 2985 3566 3095 3606; x_wconf 89' lang='lat' dir='ltr'><strong>rec.</strong></span> <span class='ocrx_word' id='word_1_758' title='bbox 3125 3559 3181 3606; x_wconf 91' lang='lat' dir='ltr'><strong>et</strong></span> <span class='ocrx_word' id='word_1_759' title='bbox 3211 3551 3433 3607; x_wconf 90' lang='lat' dir='ltr'><strong>totidem</strong></span> 
     </span>
    </p>
   </div>
   <div class='ocr_carea' id='block_1_100' title="bbox 1832 3635 2569 3693">
    <p class='ocr_par' dir='ltr' id='par_1_100' title="bbox 1832 3635 2569 3693">
     <span class='ocr_line' id='line_1_103' title="bbox 1832 3635 2569 3693; baseline 0.004 -15"><span class='ocrx_word' id='word_1_760' title='bbox 1832 3635 2080 3693; x_wconf 78' lang='lat' dir='ltr'><strong>ImpreSSi</strong></span> <span class='ocrx_word' id='word_1_761' title='bbox 2098 3666 2113 3690; x_wconf 92' lang='lat'><strong>,</strong></span> <span class='ocrx_word' id='word_1_762' title='bbox 2145 3635 2312 3680; x_wconf 87' lang='lat' dir='ltr'><strong>rectus</strong></span> <span class='ocrx_word' id='word_1_763' title='bbox 2337 3641 2569 3693; x_wconf 85' lang='lat' dir='ltr'><strong>corpore.</strong></span> 
     </span>
    </p>
   </div>
   <div class='ocr_carea' id='block_1_101' title="bbox 1904 3714 3434 3784">
    <p class='ocr_par' dir='ltr' id='par_1_101' title="bbox 1904 3714 3434 3784">
     <span class='ocr_line' id='line_1_104' title="bbox 1904 3714 3434 3784; baseline 0.001 -15"><span class='ocrx_word' id='word_1_764' title='bbox 1904 3716 2133 3784; x_wconf 80' lang='lat' dir='ltr'><strong>Ideoque</strong></span> <span class='ocrx_word' id='word_1_765' title='bbox 2159 3717 2259 3781; x_wconf 83' lang='lat' dir='ltr'><strong>illi,</strong></span> <span class='ocrx_word' id='word_1_766' title='bbox 2285 3730 2391 3772; x_wconf 90' lang='lat' dir='ltr'><strong>etc.</strong></span> <span class='ocrx_word' id='word_1_767' title='bbox 2420 3718 2477 3771; x_wconf 89' lang='lat' dir='ltr'><strong>In</strong></span> <span class='ocrx_word' id='word_1_768' title='bbox 2502 3732 2633 3772; x_wconf 89' lang='lat' dir='ltr'><strong>mss.</strong></span> <span class='ocrx_word' id='word_1_769' title='bbox 2663 3717 2687 3771; x_wconf 88' lang='grc'><strong>1</strong></span> <span class='ocrx_word' id='word_1_770' title='bbox 2712 3716 2858 3784; x_wconf 89' lang='lat' dir='ltr'><strong>Lips.</strong></span> <span class='ocrx_word' id='word_1_771' title='bbox 2885 3714 3112 3781; x_wconf 75' lang='lat' dir='ltr'><strong>Ideoque</strong></span> <span class='ocrx_word' id='word_1_772' title='bbox 3128 3714 3207 3767; x_wconf 89' lang='lat' dir='ltr'><strong>illi</strong></span> <span class='ocrx_word' id='word_1_773' title='bbox 3225 3716 3434 3770; x_wconf 89' lang='lat' dir='ltr'><strong>titulum</strong></span> 
     </span>
    </p>
   </div>
   <div class='ocr_carea' id='block_1_102' title="bbox 1834 3785 3422 3856">
    <p class='ocr_par' dir='ltr' id='par_1_102' title="bbox 1834 3785 3422 3856">
     <span class='ocr_line' id='line_1_105' title="bbox 1834 3785 3422 3856; baseline 0 -17"><span class='ocrx_word' id='word_1_774' title='bbox 1834 3796 2032 3840; x_wconf 86' lang='lat' dir='ltr'><strong>tantum</strong></span> <span class='ocrx_word' id='word_1_775' title='bbox 2057 3789 2284 3841; x_wconf 81' lang='lat' dir='ltr'><strong>honoris.</strong></span> <span class='ocrx_word' id='word_1_776' title='bbox 2305 3788 2363 3843; x_wconf 89' lang='lat' dir='ltr'><strong>In</strong></span> <span class='ocrx_word' id='word_1_777' title='bbox 2396 3790 2545 3843; x_wconf 93' lang='lat' dir='ltr'><strong>nullo</strong></span> <span class='ocrx_word' id='word_1_778' title='bbox 2573 3788 2697 3853; x_wconf 89' lang='lat' dir='ltr'><strong>alio,</strong></span> <span class='ocrx_word' id='word_1_779' title='bbox 2721 3786 2862 3856; x_wconf 90' lang='lat' dir='ltr'><strong>quod</strong></span> <span class='ocrx_word' id='word_1_780' title='bbox 2889 3786 3079 3850; x_wconf 85' lang='lat' dir='ltr'><strong>sciam,</strong></span> <span class='ocrx_word' id='word_1_781' title='bbox 3106 3785 3176 3838; x_wconf 90' lang='lat' dir='ltr'><strong>ita</strong></span> <span class='ocrx_word' id='word_1_782' title='bbox 3208 3785 3422 3854; x_wconf 87' lang='lat' dir='ltr'><strong>legitur,</strong></span> 
     </span>
    </p>
   </div>
   <div class='ocr_carea' id='block_1_103' title="bbox 1833 3857 2652 3924">
    <p class='ocr_par' dir='ltr' id='par_1_103' title="bbox 1833 3857 2652 3924">
     <span class='ocr_line' id='line_1_106' title="bbox 1833 3857 2652 3924; baseline 0.001 -13"><span class='ocrx_word' id='word_1_783' title='bbox 1833 3857 2064 3924; x_wconf 90' lang='lat' dir='ltr'><strong>ideoque</strong></span> <span class='ocrx_word' id='word_1_784' title='bbox 2090 3857 2219 3913; x_wconf 90' lang='lat' dir='ltr'><strong>nihil</strong></span> <span class='ocrx_word' id='word_1_785' title='bbox 2252 3869 2461 3913; x_wconf 91' lang='lat' dir='ltr'><strong>mutare</strong></span> <span class='ocrx_word' id='word_1_786' title='bbox 2487 3857 2652 3912; x_wconf 87' lang='lat' dir='ltr'><strong>volui.</strong></span> 
     </span>
    </p>
   </div>
   <div class='ocr_carea' id='block_1_104' title="bbox 1911 3925 3428 3990">
    <p class='ocr_par' dir='ltr' id='par_1_104' title="bbox 1911 3925 3428 3990">
     <span class='ocr_line' id='line_1_107' title="bbox 1911 3925 3428 3990; baseline -0.001 -10"><span class='ocrx_word' id='word_1_787' title='bbox 1911 3928 2097 3981; x_wconf 81' lang='lat' dir='ltr'><strong>Rerum</strong></span> <span class='ocrx_word' id='word_1_788' title='bbox 2123 3929 2350 3981; x_wconf 86' lang='lat' dir='ltr'><strong>omnium</strong></span> <span class='ocrx_word' id='word_1_789' title='bbox 2387 3929 2754 3981; x_wconf 85' lang='lat' dir='ltr'><strong>dominaretur.</strong></span> <span class='ocrx_word' id='word_1_790' title='bbox 2792 3926 2895 3980; x_wconf 77' lang='lat' dir='ltr'><strong>Per</strong></span> <span class='ocrx_word' id='word_1_791' title='bbox 2922 3925 3310 3990; x_wconf 78' lang='lat' dir='ltr'><strong>Grmcismum;</strong></span> <span class='ocrx_word' id='word_1_792' title='bbox 3341 3926 3428 3980; x_wconf 83' lang='lat' dir='ltr'><strong>iu-</strong></span> 
     </span>
    </p>
   </div>
   <div class='ocr_carea' id='block_1_105' title="bbox 1835 3996 3426 4065">
    <p class='ocr_par' dir='ltr' id='par_1_105' title="bbox 1835 3996 3426 4065">
     <span class='ocr_line' id='line_1_108' title="bbox 1835 3996 3426 4065; baseline 0.001 -15"><span class='ocrx_word' id='word_1_793' title='bbox 1835 3998 2018 4053; x_wconf 87' lang='lat' dir='ltr'><strong>solens</strong></span> <span class='ocrx_word' id='word_1_794' title='bbox 2041 3998 2185 4053; x_wconf 87' lang='lat' dir='ltr'><strong>enim</strong></span> <span class='ocrx_word' id='word_1_795' title='bbox 2215 4000 2543 4053; x_wconf 90' lang='lat' dir='ltr'><strong>constructio</strong></span> <span class='ocrx_word' id='word_1_796' title='bbox 2574 3998 2829 4051; x_wconf 82' lang='lat' dir='ltr'><strong>dominari</strong></span> <span class='ocrx_word' id='word_1_797' title='bbox 2849 4012 2970 4050; x_wconf 90' lang='lat' dir='ltr'><strong>cum</strong></span> <span class='ocrx_word' id='word_1_798' title='bbox 2992 3996 3244 4065; x_wconf 81' lang='lat' dir='ltr'><strong>gignendi</strong></span> <span class='ocrx_word' id='word_1_799' title='bbox 3275 4010 3426 4051; x_wconf 86' lang='lat' dir='ltr'><strong>casu.</strong></span> 
     </span>
    </p>
   </div>
   <div class='ocr_carea' id='block_1_106' title="bbox 1835 4068 3425 4140">
    <p class='ocr_par' dir='ltr' id='par_1_106' title="bbox 1835 4068 3425 4140">
     <span class='ocr_line' id='line_1_109' title="bbox 1835 4068 3425 4140; baseline 0.001 -19"><span class='ocrx_word' id='word_1_800' title='bbox 1835 4068 1990 4137; x_wconf 81' lang='lat' dir='ltr'><strong>Apud</strong></span> <span class='ocrx_word' id='word_1_801' title='bbox 2020 4068 2337 4124; x_wconf 88' lang='lat' dir='ltr'><strong>Ciceronem</strong></span> <span class='ocrx_word' id='word_1_802' title='bbox 2360 4070 2599 4140; x_wconf 89' lang='lat' dir='ltr'><strong>jungitur</strong></span> <span class='ocrx_word' id='word_1_803' title='bbox 2623 4079 2818 4139; x_wconf 81' lang='lat' dir='ltr'><strong>quarto</strong></span> <span class='ocrx_word' id='word_1_804' title='bbox 2846 4068 2929 4123; x_wconf 92' lang='lat' dir='ltr'><strong>vel</strong></span> <span class='ocrx_word' id='word_1_805' title='bbox 2955 4077 3108 4122; x_wconf 79' lang='lat' dir='ltr'><strong>sexto</strong></span> <span class='ocrx_word' id='word_1_806' title='bbox 3136 4069 3282 4121; x_wconf 90' lang='lat' dir='ltr'><strong>casui</strong></span> <span class='ocrx_word' id='word_1_807' title='bbox 3303 4083 3425 4122; x_wconf 89' lang='lat' dir='ltr'><strong>cum</strong></span> 
     </span>
    </p>
   </div>
   <div class='ocr_carea' id='block_1_107' title="bbox 1837 4140 2318 4207">
    <p class='ocr_par' dir='ltr' id='par_1_107' title="bbox 1837 4140 2318 4207">
     <span class='ocr_line' id='line_1_110' title="bbox 1837 4140 2318 4207; baseline 0.008 -17"><span class='ocrx_word' id='word_1_808' title='bbox 1837 4140 2219 4207; x_wconf 65' lang='lat' dir='ltr'><strong>praepositione</strong></span> <span class='ocrx_word' id='word_1_809' title='bbox 2244 4141 2318 4195; x_wconf 89' lang='lat' dir='ltr'><strong>in.</strong></span> 
     </span>
    </p>
   </div>
   <div class='ocr_carea' id='block_1_108' title="bbox 1912 4230 3418 4302">
    <p class='ocr_par' dir='ltr' id='par_1_108' title="bbox 1912 4230 3418 4302">
     <span class='ocr_line' id='line_1_111' title="bbox 1912 4230 3418 4302; baseline -0.003 -16"><span class='ocrx_word' id='word_1_810' title='bbox 1912 4230 2097 4302; x_wconf 83' lang='lat' dir='ltr'><strong>Utique</strong></span> <span class='ocrx_word' id='word_1_811' title='bbox 2125 4234 2469 4300; x_wconf 87' lang='lat' dir='ltr'><strong>justissimum</strong></span> <span class='ocrx_word' id='word_1_812' title='bbox 2503 4241 2573 4287; x_wconf 89' lang='lat' dir='ltr'><strong>est</strong></span> <span class='ocrx_word' id='word_1_813' title='bbox 2601 4242 2646 4286; x_wconf 87' lang='lat' dir='ltr'><strong>et</strong></span> <span class='ocrx_word' id='word_1_814' title='bbox 2686 4248 2797 4285; x_wconf 90' lang='lat' dir='ltr'><strong>eum</strong></span> <span class='ocrx_word' id='word_1_815' title='bbox 2825 4231 2911 4301; x_wconf 81' lang='lat' dir='ltr'><strong>qui</strong></span> <span class='ocrx_word' id='word_1_816' title='bbox 2941 4239 3083 4284; x_wconf 84' lang='lat' dir='ltr'><strong>tanta</strong></span> <span class='ocrx_word' id='word_1_817' title='bbox 3107 4230 3418 4302; x_wconf 78' lang='lat' dir='ltr'><strong>prtestiterit,</strong></span> 
     </span>
    </p>
   </div>
   <div class='ocr_carea' id='block_1_109' title="bbox 1838 4301 3422 4373">
    <p class='ocr_par' dir='ltr' id='par_1_109' title="bbox 1838 4301 3422 4373">
     <span class='ocr_line' id='line_1_112' title="bbox 1838 4301 3422 4373; baseline -0.001 -18"><span class='ocrx_word' id='word_1_818' title='bbox 1838 4301 2077 4373; x_wconf 67' lang='lat' dir='ltr'><strong>emareet</strong></span> <span class='ocrx_word' id='word_1_819' title='bbox 2107 4304 2381 4369; x_wconf 85' lang='lat' dir='ltr'><strong>hominem,</strong></span> <span class='ocrx_word' id='word_1_820' title='bbox 2410 4304 2494 4373; x_wconf 84' lang='lat' dir='ltr'><strong>qui</strong></span> <span class='ocrx_word' id='word_1_821' title='bbox 2522 4304 2605 4357; x_wconf 87' lang='lat' dir='ltr'><strong>sit.</strong></span> <span class='ocrx_word' id='word_1_822' title='bbox 2626 4303 2717 4357; x_wconf 88' lang='lat' dir='ltr'><strong>Sic</strong></span> <span class='ocrx_word' id='word_1_823' title='bbox 2738 4304 2864 4373; x_wconf 80' lang='lat' dir='ltr'><strong>lego</strong></span> <span class='ocrx_word' id='word_1_824' title='bbox 2880 4311 2932 4355; x_wconf 89' lang='lat' dir='ltr'><strong>et</strong></span> <span class='ocrx_word' id='word_1_825' title='bbox 2949 4301 3186 4373; x_wconf 65' lang='lat' dir='ltr'><strong>emendo</strong></span> <span class='ocrx_word' id='word_1_826' title='bbox 3208 4315 3422 4373; x_wconf 77' lang='lat' dir='ltr'><strong>exuiss.</strong></span> 
     </span>
    </p>
   </div>
   <div class='ocr_carea' id='block_1_110' title="bbox 1840 4370 3427 4442">
    <p class='ocr_par' dir='ltr' id='par_1_110' title="bbox 1840 4370 3427 4442">
     <span class='ocr_line' id='line_1_113' title="bbox 1840 4370 3427 4442; baseline -0.001 -17"><span class='ocrx_word' id='word_1_827' title='bbox 1840 4371 2179 4442; x_wconf 79' lang='lat' dir='ltr'><strong>Regio-PaL,</strong></span> <span class='ocrx_word' id='word_1_828' title='bbox 2206 4373 2242 4426; x_wconf 75' lang='grc'><strong>2</strong></span> <span class='ocrx_word' id='word_1_829' title='bbox 2269 4370 2673 4436; x_wconf 81' lang='lat' dir='ltr'><strong>Bonon.,&#39;lâ€˜ax..</strong></span> <span class='ocrx_word' id='word_1_830' title='bbox 2705 4370 2850 4430; x_wconf 62' lang='lat' dir='ltr'><strong>Eml.</strong></span> <span class='ocrx_word' id='word_1_831' title='bbox 2885 4373 2907 4426; x_wconf 85' lang='grc'><strong>1</strong></span> <span class='ocrx_word' id='word_1_832' title='bbox 2939 4370 3120 4434; x_wconf 85' lang='lat' dir='ltr'><strong>Colh.,</strong></span> <span class='ocrx_word' id='word_1_833' title='bbox 3148 4371 3287 4440; x_wconf 86' lang='lat' dir='ltr'><strong>quod</strong></span> <span class='ocrx_word' id='word_1_834' title='bbox 3310 4387 3427 4425; x_wconf 87' lang='lat' dir='ltr'><strong>rec-</strong></span> 
     </span>
    </p>
   </div>
   <div class='ocr_carea' id='block_1_111' title="bbox 1841 4442 3427 4522">
    <p class='ocr_par' dir='ltr' id='par_1_111' title="bbox 1841 4442 3427 4522">
     <span class='ocr_line' id='line_1_114' title="bbox 1841 4442 3427 4522; baseline 0 -27"><span class='ocrx_word' id='word_1_835' title='bbox 1841 4443 1947 4522; x_wconf 61' lang='lat' dir='ltr'><strong>tius</strong></span> <span class='ocrx_word' id='word_1_836' title='bbox 1978 4455 2031 4499; x_wconf 88' lang='lat' dir='ltr'><strong>et</strong></span> <span class='ocrx_word' id='word_1_837' title='bbox 2062 4445 2244 4522; x_wconf 81' lang='lat' dir='ltr'><strong>purius</strong></span> <span class='ocrx_word' id='word_1_838' title='bbox 2269 4454 2372 4522; x_wconf 77' lang='lat' dir='ltr'><strong>est,</strong></span> <span class='ocrx_word' id='word_1_839' title='bbox 2404 4461 2561 4522; x_wconf 81' lang='lat' dir='ltr'><strong>quam</strong></span> <span class='ocrx_word' id='word_1_840' title='bbox 2589 4485 2603 4506; x_wconf 92' lang='lat'><strong>,</strong></span> <span class='ocrx_word' id='word_1_841' title='bbox 2660 4442 2844 4522; x_wconf 78' lang='lat' dir='ltr'><strong>Utique</strong></span> <span class='ocrx_word' id='word_1_842' title='bbox 2884 4443 3216 4522; x_wconf 81' lang='lat' dir='ltr'><strong>iustissimum</strong></span> <span class='ocrx_word' id='word_1_843' title='bbox 3262 4453 3334 4522; x_wconf 67' lang='lat' dir='ltr'><strong>est</strong></span> <span class='ocrx_word' id='word_1_844' title='bbox 3380 4451 3427 4495; x_wconf 91' lang='lat' dir='ltr'><strong>et</strong></span> 
     </span>
    </p>
   </div>
   <div class='ocr_carea' id='block_1_112' title="bbox 1838 4512 3425 4584">
    <p class='ocr_par' dir='ltr' id='par_1_112' title="bbox 1838 4512 3425 4584">
     <span class='ocr_line' id='line_1_115' title="bbox 1838 4512 3425 4584; baseline 0.001 -19"><span class='ocrx_word' id='word_1_845' title='bbox 1838 4512 2004 4567; x_wconf 84' lang='lat' dir='ltr'><strong>Deum</strong></span> <span class='ocrx_word' id='word_1_846' title='bbox 2046 4516 2243 4580; x_wconf 84' lang='lat' dir='ltr'><strong>colere,</strong></span> <span class='ocrx_word' id='word_1_847' title='bbox 2285 4516 2514 4569; x_wconf 84' lang='lat' dir='ltr'><strong>videlicet</strong></span> <span class='ocrx_word' id='word_1_848' title='bbox 2557 4531 2670 4568; x_wconf 88' lang='lat' dir='ltr'><strong>eum</strong></span> <span class='ocrx_word' id='word_1_849' title='bbox 2720 4515 2806 4584; x_wconf 84' lang='lat' dir='ltr'><strong>qui</strong></span> <span class='ocrx_word' id='word_1_850' title='bbox 2853 4521 2992 4565; x_wconf 80' lang='lat' dir='ltr'><strong>tanta</strong></span> <span class='ocrx_word' id='word_1_851' title='bbox 3037 4513 3324 4581; x_wconf 67' lang='lat' dir='ltr'><strong>praestiterit</strong></span> <span class='ocrx_word' id='word_1_852' title='bbox 3378 4522 3425 4566; x_wconf 87' lang='lat' dir='ltr'><strong>et</strong></span> 
     </span>
    </p>
   </div>
   <div class='ocr_carea' id='block_1_113' title="bbox 1834 4584 3421 4654">
    <p class='ocr_par' dir='ltr' id='par_1_113' title="bbox 1834 4584 3421 4654">
     <span class='ocr_line' id='line_1_116' title="bbox 1834 4584 3421 4654; baseline 0.001 -20"><span class='ocrx_word' id='word_1_853' title='bbox 1834 4600 2008 4654; x_wconf 70' lang='lat' dir='ltr'><strong>amare</strong></span> <span class='ocrx_word' id='word_1_854' title='bbox 2059 4585 2331 4650; x_wconf 87' lang='lat' dir='ltr'><strong>hominem,</strong></span> <span class='ocrx_word' id='word_1_855' title='bbox 2363 4596 2496 4650; x_wconf 88' lang='lat' dir='ltr'><strong>etc.,</strong></span> <span class='ocrx_word' id='word_1_856' title='bbox 2528 4585 2667 4653; x_wconf 89' lang='lat' dir='ltr'><strong>quod</strong></span> <span class='ocrx_word' id='word_1_857' title='bbox 2690 4587 2924 4654; x_wconf 82' lang='lat' dir='ltr'><strong>glossam</strong></span> <span class='ocrx_word' id='word_1_858' title='bbox 2951 4586 3109 4649; x_wconf 84' lang='lat' dir='ltr'><strong>sapit,</strong></span> <span class='ocrx_word' id='word_1_859' title='bbox 3144 4593 3201 4636; x_wconf 92' lang='lat' dir='ltr'><strong>ut</strong></span> <span class='ocrx_word' id='word_1_860' title='bbox 3233 4584 3283 4635; x_wconf 91' lang='lat' dir='ltr'><strong>in</strong></span> <span class='ocrx_word' id='word_1_861' title='bbox 3319 4598 3421 4637; x_wconf 90' lang='lat' dir='ltr'><strong>ms.</strong></span> 
     </span>
    </p>
   </div>
   <div class='ocr_carea' id='block_1_114' title="bbox 1833 4652 3424 4723">
    <p class='ocr_par' dir='ltr' id='par_1_114' title="bbox 1833 4652 3424 4723">
     <span class='ocr_line' id='line_1_117' title="bbox 1833 4652 3424 4723; baseline 0.001 -16"><span class='ocrx_word' id='word_1_862' title='bbox 1833 4652 1997 4711; x_wconf 85' lang='lat' dir='ltr'><strong>Cane.</strong></span> <span class='ocrx_word' id='word_1_863' title='bbox 2035 4657 2084 4709; x_wconf 94' lang='lat' dir='ltr'><strong>in</strong></span> <span class='ocrx_word' id='word_1_864' title='bbox 2123 4656 2157 4709; x_wconf 77' lang='grc'>5</span> <span class='ocrx_word' id='word_1_865' title='bbox 2185 4657 2373 4723; x_wconf 89' lang='lat' dir='ltr'><strong>editis,</strong></span> <span class='ocrx_word' id='word_1_866' title='bbox 2430 4652 2778 4721; x_wconf 50' lang='lat' dir='ltr'><strong>prwstititfin</strong></span> <span class='ocrx_word' id='word_1_867' title='bbox 2808 4654 2842 4709; x_wconf 82' lang='grc'><strong>5</strong></span> <span class='ocrx_word' id='word_1_868' title='bbox 2884 4654 3142 4722; x_wconf 83' lang='lat' dir='ltr'><strong>vulgatis,</strong></span> <span class='ocrx_word' id='word_1_869' title='bbox 3191 4654 3424 4720; x_wconf 85' lang='lat' dir='ltr'><strong>demptis</strong></span> 
     </span>
    </p>
   </div>
   <div class='ocr_carea' id='block_1_115' title="bbox 1833 4723 3418 4803">
    <p class='ocr_par' dir='ltr' id='par_1_115' title="bbox 1833 4723 3418 4803">
     <span class='ocr_line' id='line_1_118' title="bbox 1833 4723 3418 4803; baseline -0.003 -24"><span class='ocrx_word' id='word_1_870' title='bbox 1833 4726 2322 4803; x_wconf 71' lang='lat' dir='ltr'><strong>conjunctionibus.</strong></span> <span class='ocrx_word' id='word_1_871' title='bbox 2346 4731 2370 4780; x_wconf 87' lang='grc'><strong>1</strong></span> <span class='ocrx_word' id='word_1_872' title='bbox 2398 4726 2617 4803; x_wconf 74' lang='lat' dir='ltr'><strong>Reg.._2</strong></span> <span class='ocrx_word' id='word_1_873' title='bbox 2637 4724 2790 4779; x_wconf 89' lang='lat' dir='ltr'><strong>Colh.</strong></span> <span class='ocrx_word' id='word_1_874' title='bbox 2809 4733 2862 4777; x_wconf 91' lang='lat' dir='ltr'><strong>et</strong></span> <span class='ocrx_word' id='word_1_875' title='bbox 2885 4724 3076 4803; x_wconf 58' lang='grc' dir='ltr'><strong>Î²á¿†Î¼Î±.</strong></span> <span class='ocrx_word' id='word_1_876' title='bbox 3100 4734 3153 4803; x_wconf 79' lang='lat' dir='ltr'><strong>ut</strong></span> <span class='ocrx_word' id='word_1_877' title='bbox 3171 4723 3220 4803; x_wconf 76' lang='lat' dir='ltr'><strong>in</strong></span> <span class='ocrx_word' id='word_1_878' title='bbox 3236 4732 3418 4803; x_wconf 41' lang='lat' dir='ltr'><strong>.tcxtu,</strong></span> 
     </span>
    </p>
   </div>
   <div class='ocr_carea' id='block_1_116' title="bbox 1833 4793 3425 4865">
    <p class='ocr_par' dir='ltr' id='par_1_116' title="bbox 1833 4793 3425 4865">
     <span class='ocr_line' id='line_1_119' title="bbox 1833 4793 3425 4865; baseline -0.002 -18"><span class='ocrx_word' id='word_1_879' title='bbox 1833 4793 1943 4865; x_wconf 81' lang='lat' dir='ltr'><strong>nisi</strong></span> <span class='ocrx_word' id='word_1_880' title='bbox 1956 4795 2097 4865; x_wconf 87' lang='lat' dir='ltr'><strong>quod</strong></span> <span class='ocrx_word' id='word_1_881' title='bbox 2128 4812 2225 4865; x_wconf 91' lang='lat' dir='ltr'><strong>pro</strong></span> <span class='ocrx_word' id='word_1_882' title='bbox 2251 4807 2296 4849; x_wconf 88' lang='lat' dir='ltr'><strong>et</strong></span> <span class='ocrx_word' id='word_1_883' title='bbox 2324 4813 2456 4859; x_wconf 85' lang='lat' dir='ltr'><strong>eum,</strong></span> <span class='ocrx_word' id='word_1_884' title='bbox 2485 4793 2686 4850; x_wconf 79' lang='lat' dir='ltr'><strong>habent</strong></span> <span class='ocrx_word' id='word_1_885' title='bbox 2707 4812 2820 4848; x_wconf 89' lang='lat' dir='ltr'><strong>eum</strong></span> <span class='ocrx_word' id='word_1_886' title='bbox 2848 4793 3099 4854; x_wconf 64' lang='lat' dir='ltr'><strong>videlicet;</strong></span> <span class='ocrx_word' id='word_1_887' title='bbox 3131 4796 3152 4845; x_wconf 88' lang='grc'><strong>1</strong></span> <span class='ocrx_word' id='word_1_888' title='bbox 3189 4793 3335 4865; x_wconf 77' lang='lat' dir='ltr'><strong>Lips.</strong></span> <span class='ocrx_word' id='word_1_889' title='bbox 3368 4804 3425 4847; x_wconf 87' lang='lat' dir='ltr'><strong>et</strong></span> 
     </span>
    </p>
   </div>
   <div class='ocr_carea' id='block_1_117' title="bbox 1831 4864 3421 4943">
    <p class='ocr_par' dir='ltr' id='par_1_117' title="bbox 1831 4864 3421 4943">
     <span class='ocr_line' id='line_1_120' title="bbox 1831 4864 3421 4943; baseline -0.003 -24"><span class='ocrx_word' id='word_1_890' title='bbox 1831 4864 1866 4919; x_wconf 85' lang='lat'><strong>5</strong></span> <span class='ocrx_word' id='word_1_891' title='bbox 1896 4864 2179 4935; x_wconf 84' lang='lat' dir='ltr'><strong>impressi,</strong></span> <span class='ocrx_word' id='word_1_892' title='bbox 2228 4878 2274 4919; x_wconf 90' lang='lat' dir='ltr'><strong>et</strong></span> <span class='ocrx_word' id='word_1_893' title='bbox 2302 4867 2468 4921; x_wconf 90' lang='lat' dir='ltr'><strong>Deum</strong></span> <span class='ocrx_word' id='word_1_894' title='bbox 2514 4868 2676 4943; x_wconf 70' lang='lat' dir='ltr'><strong>colere</strong></span> <span class='ocrx_word' id='word_1_895' title='bbox 2711 4866 2801 4943; x_wconf 66' lang='lat' dir='ltr'><strong>qui</strong></span> <span class='ocrx_word' id='word_1_896' title='bbox 2849 4873 2990 4943; x_wconf 65' lang='lat' dir='ltr'><strong>tanta</strong></span> <span class='ocrx_word' id='word_1_897' title='bbox 3035 4864 3325 4943; x_wconf 62' lang='lat' dir='ltr'><strong>praestiterit</strong></span> <span class='ocrx_word' id='word_1_898' title='bbox 3371 4873 3421 4915; x_wconf 87' lang='lat' dir='ltr'><strong>et</strong></span> 
     </span>
    </p>
   </div>
   <div class='ocr_carea' id='block_1_118' title="bbox 1829 4932 3421 5007">
    <p class='ocr_par' dir='ltr' id='par_1_118' title="bbox 1829 4932 3421 5007">
     <span class='ocr_line' id='line_1_121' title="bbox 1829 4932 3421 5007; baseline -0.001 -19"><span class='ocrx_word' id='word_1_899' title='bbox 1829 4932 2004 4990; x_wconf 82' lang='lat' dir='ltr'><strong>amare</strong></span> <span class='ocrx_word' id='word_1_900' title='bbox 2026 4938 2279 4991; x_wconf 85' lang='lat' dir='ltr'><strong>hominem</strong></span> <span class='ocrx_word' id='word_1_901' title='bbox 2302 4941 2407 5007; x_wconf 88' lang='lat' dir='ltr'><strong>qui,</strong></span> <span class='ocrx_word' id='word_1_902' title='bbox 2432 4947 2537 4992; x_wconf 83' lang='lat' dir='ltr'><strong>etc.</strong></span> <span class='ocrx_word' id='word_1_903' title='bbox 2560 4936 2692 4989; x_wconf 87' lang='lat' dir='ltr'><strong>Vide</strong></span> <span class='ocrx_word' id='word_1_904' title='bbox 2721 4933 2881 5007; x_wconf 72' lang='lat' dir='ltr'><strong>infra,</strong></span> <span class='ocrx_word' id='word_1_905' title='bbox 2910 4932 3071 5007; x_wconf 73' lang='lat' dir='ltr'><strong>Deum</strong></span> <span class='ocrx_word' id='word_1_906' title='bbox 3099 4944 3146 4985; x_wconf 88' lang='lat' dir='ltr'><strong>et</strong></span> <span class='ocrx_word' id='word_1_907' title='bbox 3166 4933 3421 5007; x_wconf 86' lang='lat' dir='ltr'><strong>hominem</strong></span> 
     </span>
    </p>
   </div>
   <div class='ocr_carea' id='block_1_119' title="bbox 1829 5005 3414 5078">
    <p class='ocr_par' dir='ltr' id='par_1_119' title="bbox 1829 5005 3414 5078">
     <span class='ocr_line' id='line_1_122' title="bbox 1829 5005 3414 5078; baseline -0.002 -18"><span class='ocrx_word' id='word_1_908' title='bbox 1829 5022 1977 5061; x_wconf 88' lang='lat' dir='ltr'><strong>caros</strong></span> <span class='ocrx_word' id='word_1_909' title='bbox 2006 5005 2418 5061; x_wconf 76' lang='lat' dir='ltr'><strong>habereâ€”Eum</strong></span> <span class='ocrx_word' id='word_1_910' title='bbox 2444 5009 2683 5078; x_wconf 78' lang='lat' dir='ltr'><strong>quitmita</strong></span> <span class='ocrx_word' id='word_1_911' title='bbox 2711 5005 3020 5078; x_wconf 47' lang='lat' dir='ltr'><strong>pgwstiterit.</strong></span> <span class='ocrx_word' id='word_1_912' title='bbox 3048 5020 3222 5078; x_wconf 74' lang='lat' dir='ltr'><strong>(tntan</strong></span> <span class='ocrx_word' id='word_1_913' title='bbox 3248 5014 3294 5056; x_wconf 85' lang='lat' dir='ltr'><strong>et</strong></span> <span class='ocrx_word' id='word_1_914' title='bbox 3320 5006 3414 5078; x_wconf 81' lang='lat' dir='ltr'><strong>ho-</strong></span> 
     </span>
    </p>
   </div>
   <div class='ocr_carea' id='block_1_120' title="bbox 1829 5073 3414 5145">
    <p class='ocr_par' dir='ltr' id='par_1_120' title="bbox 1829 5073 3414 5145">
     <span class='ocr_line' id='line_1_123' title="bbox 1829 5073 3414 5145; baseline -0.002 -16"><span class='ocrx_word' id='word_1_915' title='bbox 1829 5079 2034 5132; x_wconf 88' lang='lat' dir='ltr'><strong>minem.</strong></span> <span class='ocrx_word' id='word_1_916' title='bbox 2074 5078 2237 5133; x_wconf 88' lang='lat' dir='ltr'><strong>Valde</strong></span> <span class='ocrx_word' id='word_1_917' title='bbox 2273 5073 2523 5145; x_wconf 59' lang='lat' dir='ltr'><strong>antiqu&#39;us</strong></span> <span class='ocrx_word' id='word_1_918' title='bbox 2549 5078 2715 5131; x_wconf 84' lang='lat' dir='ltr'><strong>codex</strong></span> <span class='ocrx_word' id='word_1_919' title='bbox 2746 5074 2929 5139; x_wconf 79' lang='lat' dir='ltr'><strong>Cauri,</strong></span> <span class='ocrx_word' id='word_1_920' title='bbox 2960 5073 3150 5139; x_wconf 83' lang='lat' dir='ltr'><strong>Fasit.,</strong></span> <span class='ocrx_word' id='word_1_921' title='bbox 3184 5074 3414 5144; x_wconf 59' lang='lat' dir='ltr'><strong>Grypln,</strong></span> 
     </span>
    </p>
   </div>
   <div class='ocr_carea' id='block_1_121' title="bbox 1827 5145 3412 5214">
    <p class='ocr_par' dir='ltr' id='par_1_121' title="bbox 1827 5145 3412 5214">
     <span class='ocr_line' id='line_1_124' title="bbox 1827 5145 3412 5214; baseline -0.001 -13"><span class='ocrx_word' id='word_1_922' title='bbox 1827 5146 2018 5209; x_wconf 82' lang='lat' dir='ltr'><strong>antt.,</strong></span> <span class='ocrx_word' id='word_1_923' title='bbox 2039 5146 2476 5214; x_wconf 89' lang='lat' dir='ltr'><strong>Betul.,Walch.,</strong></span> <span class='ocrx_word' id='word_1_924' title='bbox 2502 5147 2800 5202; x_wconf 74' lang='lat' dir='ltr'><strong>Heumann.</strong></span> <span class='ocrx_word' id='word_1_925' title='bbox 2834 5145 3232 5202; x_wconf 80' lang='lat' dir='ltr'><strong>:Justissimntn</strong></span> <span class='ocrx_word' id='word_1_926' title='bbox 3260 5155 3343 5198; x_wconf 82' lang='lat' dir='ltr'><strong>est</strong></span> <span class='ocrx_word' id='word_1_927' title='bbox 3365 5154 3412 5200; x_wconf 85' lang='lat' dir='ltr'><strong>et</strong></span> 
     </span>
    </p>
   </div>
   <div class='ocr_carea' id='block_1_122' title="bbox 1829 5216 3417 5298">
    <p class='ocr_par' dir='ltr' id='par_1_122' title="bbox 1829 5216 3417 5298">
     <span class='ocr_line' id='line_1_125' title="bbox 1829 5216 3417 5298; baseline -0.001 -28"><span class='ocrx_word' id='word_1_928' title='bbox 1829 5218 1994 5273; x_wconf 84' lang='lat' dir='ltr'><strong>Deum</strong></span> <span class='ocrx_word' id='word_1_929' title='bbox 2028 5221 2227 5279; x_wconf 86' lang='lat' dir='ltr'><strong>colere.</strong></span> <span class='ocrx_word' id='word_1_930' title='bbox 2262 5219 2513 5298; x_wconf 65' lang='lat' dir='ltr'><strong>videlicet</strong></span> <span class='ocrx_word' id='word_1_931' title='bbox 2538 5234 2696 5298; x_wconf 71' lang='lat' dir='ltr'><strong>eum,</strong></span> <span class='ocrx_word' id='word_1_932' title='bbox 2735 5217 2818 5287; x_wconf 87' lang='lat' dir='ltr'><strong>qni</strong></span> <span class='ocrx_word' id='word_1_933' title='bbox 2857 5225 2998 5298; x_wconf 78' lang='lat' dir='ltr'><strong>tanta</strong></span> <span class='ocrx_word' id='word_1_934' title='bbox 3030 5216 3338 5298; x_wconf 70' lang='lat' dir='ltr'><strong>prtestiterit,</strong></span> <span class='ocrx_word' id='word_1_935' title='bbox 3371 5225 3417 5268; x_wconf 88' lang='lat' dir='ltr'><strong>et</strong></span> 
     </span>
    </p>
   </div>
   <div class='ocr_carea' id='block_1_123' title="bbox 1825 5290 3414 5356">
    <p class='ocr_par' dir='ltr' id='par_1_123' title="bbox 1825 5290 3414 5356">
     <span class='ocr_line' id='line_1_126' title="bbox 1825 5290 3414 5356; baseline -0.003 -15"><span class='ocrx_word' id='word_1_936' title='bbox 1825 5305 2000 5342; x_wconf 84' lang='lat' dir='ltr'><strong>amare</strong></span> <span class='ocrx_word' id='word_1_937' title='bbox 2025 5293 2298 5344; x_wconf 86' lang='lat' dir='ltr'><strong>hominem.</strong></span> <span class='ocrx_word' id='word_1_938' title='bbox 2349 5290 2496 5345; x_wconf 88' lang='lat' dir='ltr'><strong>Ilanc</strong></span> <span class='ocrx_word' id='word_1_939' title='bbox 2538 5290 2822 5344; x_wconf 76' lang='lat' dir='ltr'><strong>lcetiooem</strong></span> <span class='ocrx_word' id='word_1_940' title='bbox 2876 5297 3001 5356; x_wconf 87' lang='lat' dir='ltr'><strong>puto</strong></span> <span class='ocrx_word' id='word_1_941' title='bbox 3039 5290 3414 5349; x_wconf 83' lang='lat' dir='ltr'><strong>verissimam,</strong></span> 
     </span>
    </p>
   </div>
   <div class='ocr_carea' id='block_1_124' title="bbox 1823 5356 3416 5427">
    <p class='ocr_par' dir='ltr' id='par_1_124' title="bbox 1823 5356 3416 5427">
     <span class='ocr_line' id='line_1_127' title="bbox 1823 5356 3416 5427; baseline -0.002 -16"><span class='ocrx_word' id='word_1_942' title='bbox 1823 5361 2155 5427; x_wconf 79' lang='lat' dir='ltr'><strong>verbnmque</strong></span> <span class='ocrx_word' id='word_1_943' title='bbox 2182 5363 2347 5415; x_wconf 87' lang='lat' dir='ltr'><strong>colere</strong></span> <span class='ocrx_word' id='word_1_944' title='bbox 2376 5372 2458 5415; x_wconf 87' lang='lat' dir='ltr'><strong>est</strong></span> <span class='ocrx_word' id='word_1_945' title='bbox 2485 5360 2869 5422; x_wconf 83' lang='lat' dir='ltr'><strong>necessarium;</strong></span> <span class='ocrx_word' id='word_1_946' title='bbox 2902 5372 3022 5427; x_wconf 85' lang='lat' dir='ltr'><strong>nam</strong></span> <span class='ocrx_word' id='word_1_947' title='bbox 3052 5356 3154 5409; x_wconf 87' lang='lat' dir='ltr'><strong>hoc</strong></span> <span class='ocrx_word' id='word_1_948' title='bbox 3179 5357 3296 5425; x_wconf 89' lang='lat' dir='ltr'><strong>ipso</strong></span> <span class='ocrx_word' id='word_1_949' title='bbox 3317 5372 3416 5409; x_wconf 87' lang='lat' dir='ltr'><strong>mt-</strong></span> 
     </span>
    </p>
   </div>
   <div class='ocr_carea' id='block_1_125' title="bbox 1824 5426 3415 5507">
    <p class='ocr_par' dir='ltr' id='par_1_125' title="bbox 1824 5426 3415 5507">
     <span class='ocr_line' id='line_1_128' title="bbox 1824 5426 3415 5507; baseline -0.003 -25"><span class='ocrx_word' id='word_1_950' title='bbox 1824 5444 1977 5485; x_wconf 89' lang='lat' dir='ltr'><strong>mero</strong></span> <span class='ocrx_word' id='word_1_951' title='bbox 2004 5426 2137 5484; x_wconf 70' lang='lat' dir='ltr'><strong>disit</strong></span> <span class='ocrx_word' id='word_1_952' title='bbox 2167 5449 2181 5486; x_wconf 89' lang='lat'>:</span> <span class='ocrx_word' id='word_1_953' title='bbox 2213 5432 2362 5507; x_wconf 72' lang='lat' dir='ltr'><strong>Deus</strong></span> <span class='ocrx_word' id='word_1_954' title='bbox 2382 5430 2653 5507; x_wconf 83' lang='lat' dir='ltr'><strong>hominem</strong></span> <span class='ocrx_word' id='word_1_955' title='bbox 2685 5444 2840 5484; x_wconf 89' lang='lat' dir='ltr'><strong>suum</strong></span> <span class='ocrx_word' id='word_1_956' title='bbox 2873 5426 3038 5507; x_wconf 73' lang='lat' dir='ltr'><strong>voluit</strong></span> <span class='ocrx_word' id='word_1_957' title='bbox 3082 5426 3415 5507; x_wconf 47' lang='lat' dir='ltr'><strong>essenenlto-</strong></span> 
     </span>
    </p>
   </div>
   <div class='ocr_carea' id='block_1_126' title="bbox 1821 5496 3410 5567">
    <p class='ocr_par' dir='ltr' id='par_1_126' title="bbox 1821 5496 3410 5567">
     <span class='ocr_line' id='line_1_129' title="bbox 1821 5496 3410 5567; baseline -0.001 -15"><span class='ocrx_word' id='word_1_958' title='bbox 1821 5516 1961 5566; x_wconf 88' lang='lat' dir='ltr'><strong>rem;</strong></span> <span class='ocrx_word' id='word_1_959' title='bbox 2001 5510 2056 5555; x_wconf 88' lang='lat' dir='ltr'><strong>et</strong></span> <span class='ocrx_word' id='word_1_960' title='bbox 2102 5502 2273 5567; x_wconf 82' lang='lat' dir='ltr'><strong>infra,</strong></span> <span class='ocrx_word' id='word_1_961' title='bbox 2321 5500 2486 5556; x_wconf 88' lang='lat' dir='ltr'><strong>Deum</strong></span> <span class='ocrx_word' id='word_1_962' title='bbox 2528 5502 2847 5555; x_wconf 86' lang='lat' dir='ltr'><strong>honorare...</strong></span> <span class='ocrx_word' id='word_1_963' title='bbox 2882 5496 3138 5551; x_wconf 87' lang='lat' dir='ltr'><strong>hominem</strong></span> <span class='ocrx_word' id='word_1_964' title='bbox 3177 5497 3410 5566; x_wconf 83' lang='lat' dir='ltr'><strong>diligere.</strong></span> 
     </span>
    </p>
   </div>
   <div class='ocr_carea' id='block_1_127' title="bbox 1820 5571 2395 5640">
    <p class='ocr_par' dir='ltr' id='par_1_127' title="bbox 1820 5571 2395 5640">
     <span class='ocr_line' id='line_1_130' title="bbox 1820 5571 2395 5640; baseline 0.005 -16"><span class='ocrx_word' id='word_1_965' title='bbox 1820 5571 1999 5638; x_wconf 85' lang='lat' dir='ltr'><strong>Conl.,</strong></span> <span class='ocrx_word' id='word_1_966' title='bbox 2023 5586 2142 5640; x_wconf 91' lang='lat' dir='ltr'><strong>cap.</strong></span> <span class='ocrx_word' id='word_1_967' title='bbox 2174 5573 2228 5628; x_wconf 90' lang='lat'><strong>6.</strong></span> <span class='ocrx_word' id='word_1_968' title='bbox 2262 5573 2395 5627; x_wconf 71' lang='lat' dir='ltr'><strong>Bon.</strong></span> 
     </span>
    </p>
   </div>
   <div class='ocr_carea' id='block_1_128' title="bbox 1893 5661 3412 5738">
    <p class='ocr_par' dir='ltr' id='par_1_128' title="bbox 1893 5661 3412 5738">
     <span class='ocr_line' id='line_1_131' title="bbox 1893 5661 3412 5738; baseline -0.001 -19"><span class='ocrx_word' id='word_1_969' title='bbox 1893 5665 2041 5738; x_wconf 82' lang='lat' dir='ltr'><strong>Unde</strong></span> <span class='ocrx_word' id='word_1_970' title='bbox 2081 5668 2400 5738; x_wconf 82' lang='lat' dir='ltr'><strong>intelligitur.</strong></span> <span class='ocrx_word' id='word_1_971' title='bbox 2433 5667 2558 5721; x_wconf 87' lang='lat' dir='ltr'><strong>Mss.</strong></span> <span class='ocrx_word' id='word_1_972' title='bbox 2589 5666 2625 5720; x_wconf 73' lang='lat'>2</span> <span class='ocrx_word' id='word_1_973' title='bbox 2654 5666 2858 5738; x_wconf 82' lang='lat' dir='ltr'><strong>Bonon.</strong></span> <span class='ocrx_word' id='word_1_974' title='bbox 2889 5703 2905 5729; x_wconf 96' lang='lat'><strong>,</strong></span> <span class='ocrx_word' id='word_1_975' title='bbox 2950 5662 2977 5717; x_wconf 90' lang='grc'><strong>1</strong></span> <span class='ocrx_word' id='word_1_976' title='bbox 3030 5661 3166 5733; x_wconf 84' lang='lat' dir='ltr'><strong>Reg.</strong></span> <span class='ocrx_word' id='word_1_977' title='bbox 3204 5678 3342 5725; x_wconf 87' lang='lat' dir='ltr'><strong>rec.,</strong></span> <span class='ocrx_word' id='word_1_978' title='bbox 3374 5664 3412 5717; x_wconf 75' lang='lat'><strong>2</strong></span> 
     </span>
    </p>
   </div>
   <div class='ocr_carea' id='block_1_129' title="bbox 1817 5734 3016 5810">
    <p class='ocr_par' dir='ltr' id='par_1_129' title="bbox 1817 5734 3016 5810">
     <span class='ocr_line' id='line_1_132' title="bbox 1817 5734 3016 5810; baseline -0.005 -17"><span class='ocrx_word' id='word_1_979' title='bbox 1817 5737 2081 5810; x_wconf 71' lang='lat' dir='ltr'><strong>Colhert.,</strong></span> <span class='ocrx_word' id='word_1_980' title='bbox 2112 5734 2272 5801; x_wconf 50' lang='lat' dir='ltr'><strong>Taxf,</strong></span> <span class='ocrx_word' id='word_1_981' title='bbox 2303 5738 2507 5800; x_wconf 82' lang='lat' dir='ltr'><strong>Baluz.,</strong></span> <span class='ocrx_word' id='word_1_982' title='bbox 2541 5734 2891 5810; x_wconf 63' lang='lat' dir='ltr'><strong>intelligimus.</strong></span> <span class='ocrx_word' id='word_1_983' title='bbox 3008 5803 3016 5810; x_wconf 25' lang='grc' dir='ltr'><strong><em>Ï…</em></strong></span> 
     </span>
    </p>
   </div>
   <div class='ocr_carea' id='block_1_130' title="bbox 1850 5806 3409 5887">
    <p class='ocr_par' dir='ltr' id='par_1_130' title="bbox 1850 5806 3409 5887">
     <span class='ocr_line' id='line_1_133' title="bbox 1850 5806 3409 5887; baseline -0.002 -24"><span class='ocrx_word' id='word_1_984' title='bbox 1850 5866 1865 5875; x_wconf 35' lang='grc' dir='ltr'><strong><em>á½·</em></strong></span> <span class='ocrx_word' id='word_1_985' title='bbox 1894 5808 2076 5881; x_wconf 83' lang='lat' dir='ltr'><strong>Omnes</strong></span> <span class='ocrx_word' id='word_1_986' title='bbox 2129 5810 2353 5884; x_wconf 80' lang='lat' dir='ltr'><strong>homines</strong></span> <span class='ocrx_word' id='word_1_987' title='bbox 2403 5824 2507 5870; x_wconf 77' lang='lat' dir='ltr'><strong>esse</strong></span> <span class='ocrx_word' id='word_1_988' title='bbox 2528 5809 2714 5880; x_wconf 84' lang='lat' dir='ltr'><strong>jttslos.</strong></span> <span class='ocrx_word' id='word_1_989' title='bbox 2750 5806 2822 5861; x_wconf 72' lang='lat' dir='ltr'><strong>Ex</strong></span> <span class='ocrx_word' id='word_1_990' title='bbox 2877 5806 3125 5859; x_wconf 74' lang='lat' dir='ltr'><strong>omnibus</strong></span> <span class='ocrx_word' id='word_1_991' title='bbox 3182 5820 3313 5887; x_wconf 69' lang='lat' dir='ltr'><strong>mss.</strong></span> <span class='ocrx_word' id='word_1_992' title='bbox 3355 5815 3409 5860; x_wconf 91' lang='lat' dir='ltr'><strong>et</strong></span> 
     </span>
    </p>
   </div>
  </div>
