3970 6316
215 290 307 348 138

1501 284 1709 349 LIBER
1748 284 1839 351 DE
1877 285 1997 351 IRA
2035 286 2166 349 DEI.

3370 286 3474 347 126

210 421 351 480 posse
363 407 429 464 ab
446 402 529 464 his
550 374 776 479 injurias
794 407 1136 483 propulsare.
1166 406 1341 483 liabet
1362 408 1522 481 igitur
1546 420 1766 467 causam
1790 408 1847 470 Α
1873 388 1990 476 tus,
2021 408 2111 481 qui
2137 421 2246 464 non
2276 406 2473 469 cadunt
2496 408 2551 467 in
2580 408 2747 475 Deum
2769 451 2785 479 ,
2821 415 2880 465 ut
2908 406 3076 479 libido
3095 449 3111 477 ,
3142 407 3325 475 timor,
3355 362 3475 463 ava-

210 499 505 565 miserandi;
557 513 659 558 nec
684 500 830 561 enim
877 508 985 561 tam
1015 501 1239 559 immitis
1268 510 1354 558 est
1385 500 1771 573 hominumque

209 600 553 662 contemptor,
587 601 645 646 ut
668 592 931 649 auxilium
959 592 1325 655 laborantibus
1353 591 1602 662 deneget.
1631 592 1764 647 Item

200 684 415 757 plurimi,
444 683 633 753 quibus
658 699 975 754 persuasum
1003 697 1085 742 est
1114 686 1226 741 Deo
1250 686 1463 758 placere
1481 687 1767 756 justitiam,

203 792 406 847 eumque
427 776 515 848 qui
541 778 612 832 sit
635 776 890 833 dominus
915 794 979 834 uc
998 793 1197 849 parens
1222 780 1481 845 omnium,
1507 794 1769 834 veneran-

206 877 307 933 tur,
331 876 382 921 et
404 868 649 938 precibus
671 868 907 925 assiduis
938 884 1002 926 ac
1028 869 1399 940 frequentibus
1427 871 1565 926 votis
1587 911 1602 936 ,
1626 870 1768 926 dona

204 969 250 1017 et
264 958 516 1019 sacriﬁcia
540 958 797 1026 oberunt,
818 975 1015 1021 nomen
1035 961 1153 1032 ejus
1175 960 1417 1017 laudibus
1436 976 1765 1032 prosequun-

200 1062 305 1121 tur,
321 1052 472 1122 juslis
498 1068 560 1108 ac
586 1052 747 1117 bonis
797 1055 1053 1125 operibus
1079 1054 1348 1113 demereri
1376 1072 1495 1115 eum
1522 1056 1767 1110 laboran-

196 1151 284 1198 tes.
313 1143 446 1214 Ergo
474 1152 555 1199 est
573 1185 588 1210 ,
617 1155 836 1216 propter
855 1146 996 1217 quod
1030 1147 1167 1207 Deus
1187 1156 1241 1203 et
1265 1148 1462 1217 possit,
1495 1156 1548 1202 et
1572 1142 1766 1207 debeat

194 1235 477 1305 gratiﬁcari.
520 1234 658 1295 Nam
688 1222 755 1294 si
789 1237 920 1293 nihil
972 1247 1056 1297 est
1086 1247 1194 1294 tam
1247 1240 1578 1295 conveniens
1608 1236 1758 1308 Deo,

192 1339 334 1393 quam
359 1325 713 1385 beneﬁcentia
734 1371 749 1394 ,
780 1328 914 1385 nihil
944 1340 1123 1387 autem
1158 1340 1264 1384 tam
1292 1330 1528 1399 alienum
1551 1371 1565 1396 ,
1599 1346 1761 1401 quam

189 1428 240 1472 nt
282 1420 348 1474 sit
392 1420 635 1490 ingratus
669 1438 682 1473 :
735 1436 959 1477 necesse
993 1432 1078 1477 est
1120 1431 1178 1477 ut
1203 1422 1396 1479 ciliciis
1434 1424 1760 1493 Optimorum

186 1520 451 1581 sancteque
488 1512 783 1569 viventium
827 1523 1049 1586 praestet
1076 1514 1313 1585 aliquid,
1341 1530 1405 1569 ac
1431 1515 1602 1571 vicem
1631 1515 1760 1569 red-

186 1600 292 1667 dat,
315 1618 382 1659 ne
406 1602 599 1661 subeat
627 1604 818 1675 ingrati
850 1604 1063 1676 culpam
1088 1646 1100 1671 ,
1132 1621 1250 1674 qua:
1277 1616 1359 1659 est
1380 1600 1538 1665 etiam
1561 1604 1761 1660 homini

182 1693 469 1755 criminosa.
519 1693 725 1751 Contra
751 1708 932 1759 autem
964 1706 1088 1752 sunt
1116 1698 1203 1751 alii
1238 1695 1527 1761 facinerosi
1558 1684 1619 1752 iet
1659 1713 1756 1753 ne-

1878 498 2023 563 ritia,
2055 512 2295 566 moaror,
2328 497 2546 565 invidia,
2577 497 2724 554 omni
2748 512 2971 570 prorsus
2999 496 3195 555 allecto
3224 510 3348 553 eum
3380 508 3474 551 va-

1872 604 1997 644 care
2022 588 2299 644 dixerunt.
2331 588 2423 643 His
2453 590 2596 645 enim
2626 597 2815 655 vacat,
2847 589 2970 659 quia
3009 589 3263 643 vitiorum
3302 588 3468 641 allec-

1873 690 1956 736 tus
2005 691 2132 736 sunt
2166 698 2177 738 τ
2205 696 2301 737 eos
2325 691 2504 737 autem
2530 724 2546 748 ,
2595 681 2688 752 qui
2712 691 2839 737 sunt
2867 684 3110 750 virtutis,
3146 681 3199 735 id
3230 690 3347 744 est,
3384 681 3470 735 ira

1872 774 1923 831 in
1975 775 2147 829 malos
2169 817 2184 842 ,
2237 775 2434 831 caritas
2461 776 2514 831 in
2542 776 2747 844 bonos,
2780 776 3054 831 miseratio
3092 778 3151 830 in
3199 774 3467 841 afﬂictos,

1868 867 2120 936 quoniam
2150 861 2334 922 divina
2382 876 2649 938 potestate
2691 878 2817 922 sunt
2844 868 3033 939 digna,
3090 868 3337 938 proprios
3361 909 3375 932 ,
3409 875 3465 922 et

1863 955 2072 1024 justos,
2121 967 2175 1013 et
2220 974 2377 1013 veros
2426 958 2610 1014 habet.
2659 959 2790 1027 Qua:
2822 959 3063 1028 profecto
3104 958 3206 1014 nisi
3239 958 3462 1026 habeat,

1862 1046 2103 1101 humana
2154 1049 2258 1103 vita
2305 1034 2832 1121 turbabiturpatque
2862 1048 2927 1104 ad
2958 1059 3161 1104 tantam
3189 1051 3464 1105 conlusio-

1868 1161 1989 1200 nem
2018 1145 2267 1202 deveniet
2296 1156 2466 1202 status
2496 1162 2696 1211 rerum,
2732 1155 2790 1202 ut
2821 1146 3144 1217 contemptis
3166 1146 3462 1215 superatis-

1866 1253 1971 1309 que
2006 1236 2214 1309 legilms
2236 1280 2251 1306 ,
2309 1239 2424 1295 Sola
2453 1248 2639 1309 regnet
2663 1238 2885 1295 audacia
2911 1281 2926 1306 ,
2969 1251 3025 1294 ut
3062 1254 3219 1294 nemo
3238 1240 3469 1310 denique

1877 1336 2025 1383 tutus
2043 1344 2162 1383 esse
2185 1329 2376 1399 possit,
2398 1330 2497 1385 nisi
2519 1330 2610 1402 qui
2642 1331 2843 1386 viribus
2874 1331 3185 1400 praevaleat.
3213 1329 3291 1384 Ita
3316 1331 3468 1400 quasi

1863 1420 2136 1475 communi
2173 1419 2459 1476 latrocinio
2482 1431 2622 1477 terra
2649 1422 2824 1477 omnis
2852 1420 3287 1493 depopulabitur.
3312 1422 3466 1479 Nunc

1862 1525 1996 1565 vero
2018 1512 2273 1583 quoniam
2313 1520 2369 1567 et
2408 1513 2538 1569 mali
2578 1524 2790 1584 pteuam
2823 1556 2838 1579 ,
2869 1524 2924 1570 et
2946 1514 3075 1587 boni
3106 1516 3328 1587 gratiam
3351 1558 3365 1579 ,
3398 1524 3455 1571 et

1860 1601 2045 1656 afﬂicti
2075 1617 2231 1681 opem
2263 1613 2516 1673 sperant;
2545 1615 2599 1659 et
2624 1604 2911 1661 virtutibus
2936 1606 3086 1662 locus
3109 1592 3193 1661 est
3212 1648 3227 1672 ,
3258 1614 3311 1662 et
3339 1621 3461 1662 sce-

1861 1693 1969 1753 lera
1997 1694 2201 1748 rariora
2223 1706 2368 1749 sunt.
2407 1695 2622 1750 Atenim
2656 1697 2969 1770 plerumque
2990 1705 3044 1752 et
3069 1698 3312 1751 scelerati
3343 1697 3463 1753 feli-

183 1784 305 1850 larii,
336 1786 421 1856 qui
445 1786 766 1861 libidinibus
793 1789 972 1847 omnia
994 1790 1256 1860 polluant,
1285 1790 1525 1845 caedibus
1548 1798 1763 1857 vexent,
1796 1796 1844 1857 Β
1871 1787 2045 1841 ciorcs
2089 1796 2214 1843 sunt
2235 1831 2249 1854 ,
2285 1797 2338 1843 et
2381 1789 2505 1843 boni
2539 1789 2848 1845 miseriores
2868 1832 2883 1856 ,
2928 1799 2978 1844 et
3004 1789 3131 1859 justi
3160 1789 3227 1844 ab
3251 1790 3464 1860 injustis

179 1874 436 1945 lraudeut,
466 1880 713 1947 rapiant,
736 1879 1043 1950 perjurent;
1074 1895 1170 1937 nec
1194 1880 1627 1952 consanguineis,
1661 1896 1761 1935 nec

179 1968 461 2036 parentibus
493 1954 757 2039 parcant;
789 1970 937 2043 leges
965 1978 1021 2025 et
1047 1971 1220 2040 ipsum
1251 1970 1415 2025 etiam
1457 1971 1624 2043 Deum
1657 1986 1757 2031 ne-

174 2056 373 2129 gligant.

237 2151 395 2211 llabet
422 2151 589 2223 igitur
618 2153 693 2211 ira
710 2152 770 2209 in
795 2152 907 2209 Deo
928 2154 1227 2210 materiam.
1253 2153 1370 2221 Non
1392 2164 1477 2211 est
1505 2153 1647 2210 enim
1673 2154 1754 2211 fas

174 2260 309 2312 eum,
340 2228 461 2299 cum,
505 2244 634 2301 talia
667 2243 782 2299 ﬁeri
821 2245 1035 2311 videat,
1068 2260 1175 2300 non
1210 2246 1450 2311 moveri,
1484 2256 1538 2302 et
1566 2246 1749 2301 insur-

173 2351 286 2406 gere
317 2336 381 2391 ad
410 2335 675 2397 ultionem
707 2337 1095 2392 sceleratorum
1116 2379 1131 2405 ,
1161 2348 1214 2393 et
1241 2337 1524 2407 pestiferos
1550 2354 1751 2393 nocen-

174 2436 339 2497 tesque
371 2427 594 2495 dclere,
627 2437 686 2489 ut
722 2427 882 2483 bonis
932 2429 1183 2489 omnibus
1210 2430 1457 2484 consulat
1484 2447 1499 2483 :
1533 2428 1669 2485 adeo
1697 2438 1753 2486 et

171 2518 217 2573 in
239 2520 341 2588 ipsa
360 2521 435 2575 ira
456 2521 604 2575 inest
628 2522 685 2575 et
703 2521 1045 2591 gratiﬁcatio.
1075 2522 1257 2576 luauia
1286 2538 1414 2593 ergo
1437 2532 1491 2578 et
1513 2521 1645 2578 falsa
1669 2540 1754 2579 re-

176 2611 431 2680 periuntur
473 2622 833 2683 argumenta,
865 2614 951 2668 vel
977 2629 1201 2681 eormn,
1254 2616 1383 2685 qui,
1428 2630 1550 2670 cum
1591 2616 1751 2671 irasci

174 2702 320 2759 Deum
348 2704 568 2769 nolunt,
602 2704 894 2775 gratiﬁcari
914 2704 1133 2771 volunt,
1164 2704 1377 2781 quiane
1402 2704 1505 2760 hoc
1535 2706 1749 2777 quidem

168 2793 271 2848 ﬁeri
309 2796 423 2849 sine
466 2797 545 2851 ira
594 2804 804 2864 poterit;
840 2795 924 2850 vel
969 2810 1191 2861 eorum,
1224 2795 1313 2866 qui
1338 2797 1538 2852 nullum
1586 2797 1750 2853 animi

167 2893 349 2941 motum
371 2901 491 2942 esse
516 2888 575 2941 in
612 2887 720 2941 Deo
750 2896 958 2956 puum.
998 2888 1068 2942 Et
1089 2888 1214 2958 quia
1243 2897 1369 2943 sunt
1390 2889 1553 2959 aliqui
1585 2888 1747 2945 (ισυο-

1869 1880 2093 1951 impune
2138 1891 2421 1937 vexantur.
2463 1876 2938 1939 Considerabimus
2983 1890 3167 1955 postea
3190 1923 3204 1948 ,
3234 1898 3331 1937 cur
3360 1883 3463 1939 ista

1869 1972 2021 2028 ﬁant.
2082 1973 2297 2029 Interim
2327 1975 2395 2030 de
2438 1975 2514 2029 ira
2560 1972 2918 2047 explicemus,
2972 1991 3040 2039 an
3072 1975 3142 2031 sit
3178 1976 3357 2046 aliqua
3405 1976 3460 2031 in

1865 2064 2009 2131 Deo;
2032 2074 2211 2122 utrum
2243 2064 2377 2121 nihil
2407 2076 2560 2125 curet
2576 2070 2798 2127 omnino
2823 2110 2839 2137 ,
2869 2082 2970 2123 nec
2995 2075 3274 2122 moveatur
3298 2066 3363 2121 ad
3395 2080 3460 2123 ea

1861 2173 1981 2227 quae
2009 2158 2170 2233 impie
2188 2167 2468 2230 geruntur.

2440 2312 2670 2371 CAPUT
2713 2314 2873 2371 XVII.

2350 2452 2429 2523 De
2456 2454 2589 2522 Deo,
2627 2471 2750 2512 cura
2785 2464 2830 2511 et
2857 2455 2955 2515 ira.

1928 2612 2091 2677 Deus,
2126 2612 2301 2682 inquit
2330 2611 2611 2682 Epicurus,
2645 2612 2777 2667 nihil
2819 2620 3006 2678 curat;
3040 2614 3242 2669 nullam
3285 2615 3447 2686 igitur

1855 2702 2017 2758 habet
2048 2712 2386 2772 potestatem.
2411 2702 2614 2759 Curare
2650 2704 2792 2758 enim
2823 2718 3047 2759 necesse
3073 2714 3156 2759 est
3185 2720 3329 2771 eum,
3361 2708 3454 2777 qui

1854 2796 2016 2852 habet
2052 2805 2407 2867 potestatem;
2448 2796 2534 2851 vel
2575 2796 2620 2851 si
2656 2795 2841 2861 habet,
2882 2807 2937 2852 et
2976 2808 3082 2851 non
3120 2797 3305 2865 utitur,
3333 2812 3454 2869 quas

1857 2899 2001 2947 tanta
2044 2904 2208 2947 causa
2248 2900 2356 2957 est,
2398 2898 2456 2944 ut
2495 2891 2569 2954 ei,
2613 2905 2718 2945 non
2762 2889 2938 2944 dicam
2983 2896 3229 2947 nostrum
3258 2906 3457 2965 genus,

1485 3024 1842 3083 VARIORUM
1894 3023 2125 3082 NOTIE.

227 3161 295 3215 Ab
321 3163 401 3241 bis
416 3164 649 3241 iniurias
677 3164 1001 3241 propulsare.
1036 3163 1111 3218 [tu
1146 3164 1430 3241 emendavi
1455 3181 1525 3241 ei:
1560 3181 1697 3241 mss.
1721 3166 1757 3241 2
1785 3167 1830 3231 C
1862 3164 2599 3241 confundunturpprmterea
2632 3163 2687 3219 in
2720 3162 2885 3241 priori
2912 3162 3156 3220 membro
3198 3162 3409 3222 dixerat
3436 3182 3453 3224 :

164 3230 348 3286 Bomm.
380 3236 405 3288 ί
464 3235 608 3301 Reg.
659 3230 722 3288 ac
774 3230 868 3290 sex
897 3235 1019 3291 aliis
1059 3244 1114 3290 et
1150 3235 1284 3291 edit.
1308 3236 1378 3291 ls.
1403 3236 1543 3303 Alii,
1584 3239 1649 3293 ab
1676 3238 1755 3293 Isis

161 3302 348 3372 injuriis
376 3308 710 3376 prapulsare.

224 3393 382 3469 liabet
423 3397 594 3469 igitur
637 3414 864 3451 causam.
900 3395 995 3451 Ms.
1024 3399 1051 3452 1
1092 3397 1224 3451 Bon.
1255 3400 1423 3469 nntiq.
1465 3410 1517 3454 et
1554 3401 1587 3453 6
1623 3402 1752 3459 edit.

162 3464 467 3541 inteijiciuni
507 3468 701 3533 Deus,
732 3469 874 3539 quod
916 3484 946 3522 a
980 3471 1194 3524 caneris
1226 3464 1400 3524 abest:
1430 3470 1489 3524 in
1522 3472 1667 3541 Lips.
1696 3482 1756 3527 et

159 3536 234 3589 ed.
259 3538 448 3593 Cellar.
485 3556 738 3592 caussas.

223 3606 325 3662 Nec
365 3611 501 3682 enirn
529 3621 648 3682 tam
676 3610 887 3664 imiititis
910 3621 984 3664 est
1006 3611 1371 3679 licininumque
1405 3621 1741 3682 contemptor.

162 3676 239 3730 Sic
262 3690 364 3733 vet.
410 3680 543 3751 edit.
586 3681 745 3734 Rom.
780 3690 836 3736 et
870 3682 1123 3751 Gymnic.
1162 3676 1295 3736 cum
1330 3683 1581 3737 omnibus
1606 3676 1742 3739 'mss.

156 3757 338 3811 preter
366 3753 399 3805 5
422 3750 674 3806 Coibcrt.
707 3767 738 3805 a
769 3750 1143 3822 quilrus'abest
1169 3754 1480 3822 coniunctio
1508 3771 1605 3823 que
1634 3763 1692 3809 ut
1715 3770 1744 3808 a

154 3823 348 3876 cmteris
377 3823 689 3893 impressis.

214 3909 278 3965 Et
307 3914 544 3982 precibus
572 3914 814 3968 assiduis.
840 3913 913 3968 Its
938 3927 1061 3969 cum
1084 3914 1363 3970 ed.Betul.
1392 3924 1444 3971 et
1467 3914 1536 3969 is.
1565 3916 1744 3971 cuncti

152 3997 291 4057 suos,
323 3985 573 4057 demptis
610 3986 646 4040 ὃ
684 4000 790 4042 ree.
836 3985 1032 4055 antibus
1057 3995 1141 4041 est
1168 4003 1284 4041 cum
1310 3986 1543 4057 precibus
1564 4028 1579 4052 ,
1613 3997 1668 4043 ut
1693 3987 1745 4041 in

154 4054 366 4123 vulgatis
387 4054 630 4111 cancris.

215 4143 509 4215 Pcrjurent.
558 4146 638 4201 ita
682 4161 875 4201 omnes
926 4146 1037 4201 fere
1081 4161 1212 4201 mss.
1256 4146 1314 4201 In
1364 4148 1400 4201 2
1454 4147 1659 4202 Bonan.
1713 4149 1747 4201 2

155 4213 274 4284 Reg.
308 4213 418 4270 rec.
442 4229 503 4273 et
534 4219 560 4273 1
593 4216 743 4286 Lips.
767 4228 850 4272 est
872 4219 1197 4287 pejerent.—
1222 4218 1311 4274 Sic
1333 4234 1542 4285 quoque
1572 4219 1747 4274 Bttne-

150 4300 284 4339 mau.
311 4288 563 4357 Rapina,
586 4292 838 4358 pejorcnt.
864 4286 1045 4342 γει-ιιι»
1086 4289 1437 4357 frequentiori
1468 4305 1612 4345 usus.
1637 4289 1745 4344 Sed

144 4365 310 4411 tanien
332 4370 390 4413 et
414 4360 701 4423 Horatius,
735 4360 826 4413 lib.
859 4376 897 4414 ιι
934 4359 1049 4415 Sat.
1083 4361 1137 4425 ει,
1158 4376 1299 4415 vers.
1333 4360 1457 4414 127.

228 4471 279 4521 Si
301 4474 506 4537 quidvis
530 4475 654 4525 satis
673 4479 768 4535 est,
792 4475 1034 4539 periuras,
1057 4476 1290 4539 surripis,
1316 4474 1497 4525 aufers.
1525 4474 1662 4527 Cena.
1687 4506 1745 4516 —
1771 4476 1825 4539 ι)

147 4574 433 4648 Perjurent.
468 4577 600 4632 llznc
619 4579 942 4648 estiantiqua
972 4580 1258 4648 scriptura,
1280 4594 1440 4647 qtiam
1459 4594 1522 4631 ex
1554 4578 1742 4635 Plauto

142 4654 192 4697 et
212 4647 327 4701 Lic.
356 4649 455 4704 lib.
492 4664 550 4705 ιιι
596 4649 665 4701 de
691 4647 926 4714 Ofﬁciis,
950 4647 1192 4717 θαρρῶ),
1228 4650 1570 4703 commendat
1600 4651 1739 4704 Cur-

140 4718 328 4791 tius__atl
357 4719 586 4774 Sallust.
610 4718 1000 4791 Jugurth.,cap
1030 4722 1115 4784 Η,
1135 4721 1190 4787 4,
1214 4718 1401 4791 confer
1420 4718 1735 4779 Lambinum

139 4787 213 4863 ad
229 4788 513 4863 Horatium
547 4806 619 4855 ιι,
646 4790 760 4853 Sat.
786 4791 851 4857 5,
887 4806 939 4845 v.
967 4787 1103 4857 1'27;
1151 4790 1479 4860 reliquorum
1512 4794 1738 4863 pejerent

141 4858 403 4915 usitatius.
440 4861 582 4915 Bon.

202 4929 449 5003 Adeoet
480 4933 541 5003 in
589 4934 721 5002 ipsa.
778 4931 866 5003 Sic
920 4931 1136 5003 reposui
1192 4947 1257 4986 ex
1309 4931 1487 5003 antiq.
1536 4930 1735 5003 Regio-

140 4997 276 5073 [διιιη
316 5001 364 5073 2
398 5002 478 5073 al.
508 4997 676 5073 Reg”
722 5003 756 5056 2
782 5001 960 5066 Colb.,
983 4997 1317 5073 'Clar0tn._et
1338 5002 1423 5056 cd.
1443 4997 1649 5057 'Cellar'.
1677 5002 1733 5057 ln

133 5069 187 5120 “2|
219 5072 440 5146 scriptis
460 5069 765 5146 _rec.;inest
786 5074 1201 5146 gratiﬁcatio;in
1224 5071 1267 5146 ,2
1295 5086 1403 5146 rec.
1436 5082 1507 5126 est
1534 5074 1734 5141 gratiﬁ-

134 5143 280 5193 catio.
304 5140 362 5196 lii
408 5140 833 5211 Lipsiensibus',
884 5140 985 5198 non
1010 5147 1176 5210 inest;
1221 5140 1332 5199 in?
1358 5145 1430 5198 al.
1462 5140 1598 5211 rec.,
1627 5160 1732 5198 non

134 5222 201 5263 (δι
218 5228 562 5284 ,'_u.'rmnque
587 5216 743 5270 male.
1662 5233 1666 5237 '

205 5282 425 5338 Nolunt.
456 5282 819 5339 Heumanuus
852 5285 979 5354 legit
1007 5287 1191 5340 nolint.

203 5354 408 5419 Quia...
463 5367 652 5425 potest.
707 5356 835 5410 Haec
882 5366 1005 5411 octo
1054 5356 1217 5411 verba
1260 5355 1531 5411 eradenda
1577 5366 1729 5427 putat

134 5421 486 5497 ileumaunus
512 5426 661 5481 velut
687 5428 976 5497 glossema.

203 5494 303 5548 Eos
320 5507 517 5563 autem,
546 5498 633 5564 qui
652 5494 771 5552 sint
796 5498 1012 5562 virmtis,
1044 5499 1100 5551 id
1127 5510 1220 5563 est,
1250 5499 1399 5552 ira...
1430 5499 1721 5552 cltaritas...

134 5567 406 5621 miseratio.
428 5568 507 5620 na
532 5583 724 5621 (mines
738 5569 925 5636 scripti
949 5570 1205 5639 aditique.
1227 5571 1349 5622 Mihi
1374 5585 1441 5622 tte
1460 5579 1543 5622 ιοι
1567 5585 1727 5624 Voces

130 5650 495 5705 corrigantur,
532 5639 743 5693 duabus
774 5640 965 5693 litteris
994 5642 1230 5701 mutatis,
1260 5641 1543 5710 legendum
1572 5642 1722 5695 vitle-

131 5718 244 5762 tur:
270 5709 378 5764 Eos
404 5719 605 5779 autem,
628 5710 712 5779 qui
726 5720 844 5765 sunt
861 5710 1079 5776 virtutis,
1102 5721 1158 5765 ut
1173 5721 1246 5766 est
1266 5709 1412 5766 ira...
1428 5712 1720 5766 charitas...

118 5779 397 5836 miseratio.
440 5778 514 5836 Ut
546 5790 599 5835 ct
622 5778 680 5836 id
706 5779 954 5837 ductibus
982 5796 1166 5852 parum
1191 5778 1464 5850 differunt,
1496 5790 1552 5838 et
1579 5796 1723 5854 saepe

1865 3237 1933 3293 Ut
1962 3237 2187 3290 libido...
2216 3236 2431 3291 invidia.
2466 3235 2599 3291 BUN.

1933 3306 2125 3380 Digna.
2170 3308 2311 3380 Lege
2340 3307 2507 3380 digni,
2544 3308 2621 3359 ait
2646 3305 3028 3380 Heumannus,
3058 3306 3451 3380 subaudiendo,

1857 3350 3042 3450 arata}?:sig;.f"ij.;;;.;;.1;;;;
3058 3350 3452 3450 ῖᾶἄιῖιῖῗᾶἓξὶἓιῖ

1862 3449 2181 3503 subauditur
2229 3452 2370 3504 enim
2424 3447 2660 3513 affectus.
2714 3446 2859 3501 Nihil
2904 3446 3153 3517 corrigo:
3201 3446 3453 3506 neutrum

1854 3522 2013 3589 digna
2050 3519 2269 3589 respicit
2309 3533 2472 3575 voces
2497 3520 2645 3583 ira...
2674 3520 2969 3589 Maritus“:
3002 3519 3280 3589 miseratio.
3312 3519 3447 3576 Fre-

1856 3587 2214 3660 quentissime
2259 3591 2329 3644 ita
2362 3598 2612 3649 neutrum
2653 3587 3066 3660 sequitur.7Lib.
3101 3604 3156 3644 ιιι
3192 3588 3452 3655 lnstitut.,

1853 3658 1901 3715 (ἱ.
1936 3662 1999 3715 ll
2032 3679 2045 3715 :
2077 3660 2219 3715 Num
2249 3661 2665 3730 uoluptatem}...
2696 3658 2899 3730 divitias
2913 3659 3007 3730 .9...
3045 3660 3360 3730 potestates?
3387 3662 3453 3714 At

1846 3748 1914 3786 cu
1945 3732 2219 3803 fragilia...
2252 3728 2518 3803 caduca...
2548 3728 2690 3803 Nam
2732 3729 2950 3803 gloriam
2967 3728 3058 3783 ?...
3091 3729 3449 3803 ζιοηᾳνᾳιιιῖ...

1853 3796 2148 3871 "tentorium
2180 3802 2443 3856 nominis?
2484 3799 2548 3854 At
2584 3801 2691 3855 licet:
2720 3796 2962 3871 omnia...
2999 3796 3186 3871 posita.
3216 3799 3337 3854 Lib.
3371 3818 3446 3868 Vl,

1854 3887 1904 3927 c.
1940 3873 1974 3926 5
2003 3869 2018 3925 Ξ
2050 3872 2297 3939 Desidiae,
2331 3872 2548 3937 inertia,
2591 3869 2815 3927 luxuriae
2851 3886 2906 3924 se
2935 3869 3161 3938 uadere,
3185 3887 3302 3940 quia
3326 3889 3448 3929 sua-

1854 3944 2003 3996 via...
2038 3944 2289 3997 uidentur.
2320 3943 2455 3997 BUN.

1930 4013 2055 4081 Quae
2075 4016 2322 4083 profecto.
2340 4013 2482 4069 idem
2509 4011 2638 4080 legit
2657 4026 2784 4083 gnos
2801 4013 3050 4083 proiecto,
3073 4011 3449 4069 subattdicndo

1852 4080 2091 4149 aﬂ‘éctns.
2120 4080 2189 4125 -ὲ
2216 4083 2346 4152 Qui:
2374 4087 2624 4154 profecto.
2658 4080 2727 4141 Et
2758 4080 2850 4154 hic
2886 4080 3234 4154 Heumannus
3280 4087 3451 4139 corri-

1852 4155 1944 4223 git,
1983 4156 2120 4219 Quos
2161 4151 2411 4225 profecto,
2449 4151 2655 4211 scilicet
2695 4153 2940 4225 allectus:
2997 4151 3103 4207 Sed
3146 4155 3237 4224 qui
3268 4155 3447 4225 priora

1847 4226 1997 4280 salva
2027 4223 2332 4294 cognoscet,
2366 4240 2464 4280 nec
2492 4226 2609 4279 haec
2628 4223 2879 4294 corriget.
2908 4223 3041 4294 Bun.

1926 4292 2352 4367 Depop'ulabitur.
2400 4296 2643 4367 Passive.
2698 4292 2899 4351 Confer
2939 4293 3331 4366 Heusingerum
3377 4298 3445 4353 ad

1853 4366 2140 4422 chhner.
2172 4366 2437 4423 ileilenol.
2468 4366 2606 4427 Ben.

1924 4438 2169 4507 Sperattl.
2203 4439 2335 4491 Cum
2376 4435 2732 4499 verbumhoc
2759 4435 2919 4491 etiam
2961 4433 3029 4507 ad
3067 4434 3262 4503 priora,
3311 4439 3438 4492 mali

1850 4506 2073 4573 pugnam,
2107 4512 2390 4576 pertineat,
2419 4517 2473 4562 et
2513 4507 2782 4576 signiﬁcet
2809 4520 2953 4576 szepe
2982 4506 3175 4576 timere,
3209 4509 3439 4572 credere,

1848 4581 1967 4631 vide
1990 4575 2212 4646 Quintil.
2245 4579 2335 4634 lib.
2367 4593 2458 4632 vin
2484 4575 2680 4639 lns’tiL,
2710 4592 2760 4630 c.
2788 4576 2851 4646 ,2.
2898 4575 3029 4641 Vide
3069 4586 3121 4631 et
3158 4576 3339 4633 Davis.
3374 4581 3440 4633 ad

1845 4637 2067 4715 Epitfc.
2099 4651 2167 4704 65
2198 4667 2209 4701 :
2242 4649 2407 4719 Spera
2433 4658 2482 4703 et
2520 4647 2610 4702 tibi
2649 4637 2882 4705 accidere
2915 4638 3084 4718 posse,
3125 4648 3264 4715 quod
3292 4650 3442 4705 alteri

1798 4712 1807 4719 ’
1842 4712 2011 4772 vilicus
2041 4712 2303 4774 accidisse.
2336 4720 2467 4774 Bon.

1915 4789 2133 4855 Impune
2162 4798 2424 4845 vexantur.
2455 4788 2669 4843 Scilicet
2694 4778 3018 4854 ad'tempus.
3050 4785 3288 4842 Oil‘endit
3322 4805 3427 4847 vox

1839 4860 2045 4929 impune
2074 4862 2240 4923 alios;
2268 4861 2389 4914 hinc
2423 4862 2472 4913 in
2498 4859 2644 4928 Lips.
2674 4859 2709 4910 2
2737 4867 2790 4912 et
2808 4856 2868 4920 5,
2902 4865 2983 4909 est
3010 4858 3396 4929 gmissaLBtnv.

1910 4925 2013 4984 Cur
2038 4934 2133 4984 ista
2155 4933 2304 4998 ﬁant.
2340 4931 2367 4985 ‘l
2392 4925 2577 4997 Colb.,
2600 4928 2704 4983 Cur
2724 4929 2796 4982 ita
2816 4929 2978 4996 ﬁant;
3010 4925 3129 4981 Ern.
3162 4939 3216 4983 et
3239 4927 3431 5000 Brun.,

1836 5015 1927 5055 cur
1952 5003 2022 5056 ita
2052 5003 2166 5069 ﬁat.
2508 5024 2513 5031 ·

1912 5072 2115 5127 Utrum.
2141 5072 2406 5131 Heuman,
2439 5070 2594 5142 legit,
2601 5084 2684 5142 ian
2711 5084 2850 5125 vero.

1910 5143 2037 5210 Quae
2072 5153 2212 5197 tanta
2256 5156 2411 5196 causa
2448 5139 2541 5196 esi.
2582 5141 2666 5196 Ex
2705 5156 2836 5196 mss.
2887 5139 3180 5211 Reg..Pttt.
3206 5150 3260 5196 et
3287 5143 3323 5197 '5
3351 5144 3426 5197 al.

1834 5213 1965 5283 Reg.
2001 5214 2389 5283 Lipsiensibus,
2436 5214 2469 5267 4
2506 5210 2748 5283 Coibert.
2787 5210 3015 5280 aliisque
3057 5212 3298 5281 pluribus
3336 5231 3429 5268 ex-

1828 5282 2019 5352 punxi,
2056 5296 2111 5338 ut
2140 5285 2344 5346 inutile,
2373 5282 2783 5355 rbfnegligendi,
2823 5282 2965 5355 quod
3000 5296 3084 5337 est
3129 5284 3181 5337 in
3213 5284 3248 5337 4
3290 5299 3425 5341 mss.

1832 5370 1943 5409 rec.
1976 5366 2031 5410 et
2058 5357 2125 5410 15
2152 5357 2306 5408 editis
2329 5371 2343 5421 ;
2368 5356 2418 5407 in
2446 5354 2479 5408 5
2504 5353 2740 5425 scriptis,
2766 5354 3117 5425 negligentitr;
3148 5355 3199 5407 in
3230 5355 3422 5421 trilms,

1829 5435 2001 5479 :mt'tc.
2046 5457 2117 5466 —-
2146 5426 2369 5481 Bttnem.
2419 5441 2548 5479 vero
2575 5423 2718 5478 addit
2743 5423 2973 5496 verbum
3019 5425 3335 5496 negligcndi,
3368 5437 3426 5480 et

1831 5506 2009 5549 notam
2035 5511 2346 5568 sequentem
2376 5496 2705 5568 exhibctzj—
2728 5494 2859 5568 Qua:
2878 5504 3019 5549 tanta
3032 5504 3104 5568 est
3131 5494 3423 5565 negligcndi

1829 5581 2002 5620 causa.
2031 5565 2225 5622 'I‘lioin.
2260 5568 2311 5620 in
2340 5582 2508 5637 marg.
2542 5583 2605 5619 ex
2636 5565 2771 5637 lion.
2803 5566 2949 5617 citat.
2981 5582 2992 5615 :
3028 5565 3156 5637 Qua:
3182 5576 3324 5619 tanta
3348 5579 3424 5622 est

1828 5640 2145 5709 negligentia:
2198 5654 2386 5702 causa;
2414 5708 2419 5709 γ
2443 5635 2666 5709 eamque
2723 5636 3042 5709 lectionem
3070 5635 3422 5709 ileuniannus

1827 5706 1981 5762 vocai
2009 5711 2380 5763 rectissimam.
2408 5708 2616 5761 Lubens
2637 5720 2913 5774 sequerer,
2945 5706 3045 5759 nisi
3074 5706 3317 5763 obstaret
3340 5723 3422 5763 re-

1826 5780 2033 5835 centior
2075 5781 2299 5836 collator
2328 5778 2685 5835 Bononiensis
2715 5775 2917 5833 codicis
2945 5776 3136 5848 lsmus,
3166 5779 3258 5851 qui
3292 5778 3420 5857 legit
