3970 6330
527 333 629 392 I27

1868 327 2052 388 FIRM.
2095 326 2464 386 LACTANTII

3729 303 3843 368 £28

525 450 621 507 sed
649 451 810 508 etiam
836 447 1064 508 mundus
1089 449 1204 520 ipse
1223 448 1294 504 sit
1325 447 1490 505 vilis?
1518 447 1666 515 ideo,
1693 451 1885 521 inquit,
1922 450 2102 505 incor-
2129 451 2184 510 Α
2209 447 2322 502 sive
2359 447 2674 510 humanam,
2713 441 2828 498 sive
2863 437 3100 496 divinam
3121 477 3137 504 ,
3164 432 3479 492 acerbitatis
3507 437 3563 488 ct
3595 429 3844 486 malitia:

527 553 721 614 ruptus
747 554 828 599 est
861 559 925 598 ac
953 543 1160 608 beatus,
1195 542 1318 612 quia
1347 557 1564 613 semper
1594 543 1826 614 quietus.
1852 543 1951 598 Cui
1983 557 2110 612 ergo

527 633 920 688 administratio
951 641 1216 687 tantarum
1261 647 1440 687 rerum
1471 633 1654 698 cessit,
1696 632 1742 686 si
1777 631 1894 686 haec
1932 647 1962 684 a
2003 632 2112 686 Deo

529 724 884 794 negligantur,
917 739 1036 793 quae
1057 721 1302 778 videmus
1330 724 1538 780 ratione
1559 739 1763 778 summa
1793 723 2112 794 gubernari?

523 825 616 868 aut
639 814 857 885 quietus
884 829 1005 869 esse
1030 814 1301 885 quomodo
1332 825 1528 885 potest,
1555 815 1642 884 qui
1672 815 1800 869 vivit
1823 824 1876 870 et
1905 814 2111 870 sentit?

526 905 658 960 Nam
697 905 850 976 quies
889 914 982 960 aut
1017 907 1192 960 somni
1227 921 1317 962 res
1345 915 1448 972 est,
1489 914 1582 961 aut
1625 906 1834 961 mortis.
1867 905 1971 962 Sed
2013 920 2115 962 nec

524 1013 748 1054 somnus
793 997 953 1054 habet
989 999 1245 1070 quietem.
1289 998 1422 1054 Nam
1463 1013 1584 1054 cum
1628 999 1865 1069 soporati
1905 1013 2112 1066 sumus,

525 1105 724 1160 corpus
772 1090 988 1160 quidem
1029 1089 1278 1160 quiescit,
1319 1089 1532 1145 animus
1572 1098 1746 1145 tamen
1793 1089 2116 1160 irrequietus

527 1182 756 1252 agitatur
787 1199 803 1236 :
841 1181 1102 1252 imagines
1127 1181 1250 1248 sibi,
1283 1196 1416 1250 quas
1445 1191 1635 1236 cernat
1661 1181 1898 1250 efﬁngit,
1929 1191 1987 1235 ut
2015 1196 2114 1236 na-

535 1271 790 1327 turalemt
807 1287 962 1326 suum
1014 1281 1216 1326 motum
1257 1280 1508 1326 exerceat
1545 1271 1804 1326 varietate
1842 1271 2112 1334 visorum;

534 1371 832 1433 avocatque
851 1377 910 1419 se
931 1378 961 1417 a
988 1362 1155 1429 falsis,
1179 1363 1304 1417 dum
1335 1363 1570 1418 membra
1592 1371 1924 1429 saturentur,
1954 1378 2017 1418 ac
2039 1363 2117 1417 vi-

525 1469 711 1526 gorem
735 1455 948 1524 capiant
974 1454 1042 1510 de
1069 1455 1268 1525 quiete.
1297 1453 1459 1522 Quies
1484 1455 1644 1525 igitur
1673 1455 1999 1524 sempiterna
2029 1469 2116 1510 so-

531 1548 636 1602 lius
664 1547 852 1602 mortis
879 1556 984 1604 est.
1015 1547 1074 1602 Si
1119 1554 1300 1602 autem
1339 1561 1488 1602 mors
1529 1546 1694 1600 Deum
1735 1561 1841 1600 non
1881 1545 2115 1616 attingit,

535 1638 677 1694 Deus
703 1637 863 1708 igitur
890 1653 1163 1708 nunquam
1184 1638 1396 1708 quietus
1425 1647 1526 1693 est.
1554 1638 1650 1692 Dei
1677 1650 1808 1692 vero
1837 1637 1978 1692 actio
1997 1650 2118 1706 quae

529 1739 704 1800 potest
726 1743 868 1792 esse,
901 1729 1005 1784 nisi
1036 1729 1219 1784 mundi
1247 1727 1677 1784 administratio?
1705 1729 1762 1784 Si
1786 1742 1914 1783 vero
1933 1726 2118 1783 mundi

529 1837 713 1877 curam
755 1822 914 1890 gerit,
950 1829 1104 1877 curat
1132 1821 1292 1892 igitur
1335 1821 1610 1876 hominum
1655 1819 1817 1875 vitam
1862 1819 2023 1886 Deus,
2054 1833 2118 1874 ac
2144 1821 2194 1881 B

535 1912 870 1983 singulorum
903 1921 1055 1968 actus
1097 1911 1492 1979 animadvertit,
1521 1926 1722 1982 eosque
1762 1910 2032 1982 sapientes
2055 1923 2120 1967 ac

536 2002 708 2058 bonos
735 2018 856 2058 esse
881 2003 1172 2058 desiderat.
1203 2002 1330 2058 Htec
1354 2011 1432 2057 est
1457 1985 1710 2058 voluntas
1739 2003 1856 2067 Dei,
1891 2002 2006 2057 haec
2033 2001 2118 2055 di-

530 2093 652 2148 vina
682 2093 799 2158 lex;
825 2108 985 2164 quam
1013 2093 1104 2164 qui
1127 2093 1388 2163 sequitur,
1412 2094 1502 2162 qui
1529 2094 1800 2157 observat,
1827 2093 1939 2149 Deo
1960 2108 2118 2150 carus

535 2192 640 2239 est.
665 2181 898 2238 Necesse
917 2191 996 2238 est
1021 2183 1202 2254 igitur,
1224 2191 1280 2238 ut
1296 2183 1375 2238 ira
1401 2191 1678 2238 moveatur
1693 2183 1950 2238 adversus
1968 2198 2112 2252 eum,

535 2275 626 2344 qui
650 2275 788 2329 hanc
811 2283 1067 2329 atternam
1097 2275 1439 2344 divinamque
1468 2275 1662 2344 legem,
1694 2284 1786 2330 aut
1813 2274 2114 2340 violaverit,

535 2377 629 2422 aut
649 2369 934 2437 spreverit.
963 2367 1020 2423 Si
1038 2376 1213 2428 nocet,
1244 2367 1609 2438 inquit,alicui
1632 2368 1791 2434 Deus,
1807 2367 1920 2438 jam
1947 2367 2118 2424 bonus

533 2472 643 2514 non
661 2468 782 2526 est.
800 2457 920 2516 Non
953 2459 1147 2530 exiguo
1176 2459 1431 2515 falluntur
1459 2474 1667 2526 errore,
1705 2460 1796 2530 qui
1833 2473 2114 2516 censuram

2214 538 2429 592 nomine
2457 535 2737 598 infamant,
2777 541 3026 602 putantes
3065 535 3352 584 nocentem
3388 523 3498 581 dici
3533 531 3838 594 oportere,

2212 627 2304 697 qui
2331 635 2588 682 nocentes
2613 623 2778 678 afﬁcit
2808 635 2985 692 poena.
3010 619 3164 686 Quod
3190 619 3236 673 si
3275 626 3381 684 εει,
3413 623 3688 671 nocentes
3731 611 3843 681 igi-

2216 730 2302 775 tur
2333 720 2480 790 leges
2501 718 2784 782 habemus,
2809 729 2929 786 quae
2961 711 3306 784 peccantibus
3329 707 3599 778 supplicia
3623 717 3845 760 sanxe-

2213 819 2367 876 runt;
2403 818 2662 864 nocentes
2689 805 2922 876 iudices,
2961 804 3052 875 qui
3094 802 3302 859 scelere
3337 799 3621 856 convictos
3664 810 3843 866 paena

2214 904 2406 974 capitis
2427 901 2688 957 afficiunt.
2714 897 2866 968 Quod
2897 899 2943 954 si
2973 905 3030 952 et
3049 897 3139 952 lex
3166 895 3309 966 iusta
3344 903 3452 959 est,
3483 907 3612 962 qua:
3639 899 3699 946 et
3730 905 3842 945 nov

2215 995 2359 1054 centi
2386 995 2573 1050 tribuit
2599 993 2741 1064 quod
2768 999 3024 1057 meretur,
3054 999 3110 1046 et
3124 989 3288 1060 iudex
3317 988 3530 1058 integer
3551 980 3620 1042 ac
3649 985 3845 1040 bonus

2217 1087 2434 1154 dicitur,
2463 1101 2584 1142 cum
2615 1084 2755 1140 male
2785 1084 2922 1138 facta
2953 1081 3190 1136 vindicat
3219 1079 3512 1152 (bonorum
3550 1077 3709 1132 enim
3749 1089 3844 1129 sa-

2215 1179 2382 1235 lutem
2411 1176 2672 1240 custodit,
2700 1175 2790 1245 qui
2820 1174 2994 1229 malos
3021 1170 3220 1244 punit),
3253 1185 3386 1242 ergo
3413 1178 3472 1226 et
3500 1169 3673 1234 Deus,
3703 1181 3844 1222 cum

2217 1269 2371 1324 malis
2399 1269 2572 1332 obest,
2601 1280 2806 1322 nocens
2829 1280 2938 1321 non
2968 1273 3086 1328 est;
3120 1263 3236 1332 ipse
3263 1272 3446 1318 autem
3476 1270 3564 1317 est
3590 1273 3843 1324 nocens,

2217 1363 2306 1434 qui
2331 1371 2424 1416 aut
2451 1359 2723 1416 innocenti
2751 1365 2930 1426 nocet,
2960 1367 3053 1412 aut
3083 1355 3300 1412 nocenti
3329 1355 3524 1426 parcit,
3556 1359 3618 1408 ut
3651 1351 3844 1422 pluri-

2217 1453 2322 1508 bus
2352 1460 2562 1507 noceat.

2288 1546 2445 1602 Libet
2464 1558 2706 1615 quaerere
2725 1545 2794 1600 ab
2811 1544 2896 1608 iis,
2920 1543 3010 1614 qui
3032 1543 3200 1598 Deum
3226 1541 3429 1597 faciunt
3447 1539 3837 1606 immobilem,

2219 1638 2265 1694 si
2291 1639 2412 1708 quis
2442 1637 2636 1692 habeat
2659 1651 2796 1704 rem,
2823 1636 3065 1701 domum,
3095 1634 3378 1701 familiam,
3406 1635 3672 1704 servique
3703 1632 3842 1702 ejus

2221 1736 2630 1784 contemnentes
2663 1725 2977 1798 patientiam
3005 1725 3247 1789 domini,
3279 1724 3462 1780 omnia
3501 1723 3848 1789 invaserint,

2221 1819 2322 1890 ipsi
2354 1818 2511 1874 bonis
2537 1818 2656 1886 ejus
2683 1816 2950 1882 fruantur,
2981 1817 3130 1886 ipsos
3171 1816 3374 1872 familia
3404 1816 3527 1886 ejus
3563 1815 3851 1881 honoret,

2221 1909 2472 1965 dominus
2500 1916 2678 1964 autem
2695 1916 3073 1963 contemnatur
3093 1907 3162 1962 ab
3190 1905 3462 1972 omnibus,
3482 1905 3853 1970 derideatur,

2221 2001 2590 2071 relinquatur:
2618 2010 2868 2054 utrumne
2895 1999 3110 2070 sapiens
3137 2013 3260 2055 esse
3287 1999 3482 2069 possit,
3512 1998 3609 2068 qui
3637 2007 3857 2054 contu-

2220 2093 2414 2148 melias
2442 2107 2548 2147 non
2575 2091 2831 2158 vindicet,
2859 2092 3080 2162 suisque
3106 2091 3271 2147 rebus
3300 2105 3397 2147 eos
3424 2089 3634 2160 perfrui
3663 2090 3858 2159 patia-

2222 2191 2328 2247 tur,
2364 2183 2415 2238 in
2443 2197 2578 2254 quos
2612 2183 2806 2238 habeat
2847 2183 3206 2253 potestatem?
3232 2181 3366 2250 Quae
3401 2189 3556 2237 tanta
3603 2181 3663 2236 in
3693 2197 3855 2251 quo-

2221 2291 2382 2346 quam
2427 2283 2602 2346 potest
2636 2275 2892 2345 patientia
2930 2274 3197 2344 reperiri?
3236 2275 3283 2330 si
3323 2283 3509 2330 tamen
3552 2273 3841 2344 patientia

2222 2365 2546 2421 nominanda
2581 2375 2684 2431 est,
2729 2377 2784 2420 et
2825 2379 2930 2420 non
2971 2375 3160 2436 stupor
3196 2365 3420 2436 quidam
3457 2365 3846 2420 insensibilis.

2223 2457 2329 2514 Sed
2359 2456 2514 2512 facile
2541 2465 2625 2512 est
2651 2455 2795 2512 ferre
2834 2464 3223 2526 contemptum.
3255 2454 3397 2524 Quid
3436 2455 3486 2512 si
3531 2454 3676 2509 ﬁant
3729 2455 3860 2520 illa,

1878 2601 2239 2659 VARIORUM
2277 2600 2508 2658 ΝΟΤᾸΕ.

531 2744 588 2801 in
617 2743 824 2800 Bonon.
869 2751 926 2799 et
950 2741 1086 2798 Tax.
1127 2741 1254 2808 Qua:
1292 2749 1450 2796 tanta:
1495 2741 1798 2812 negligente
1837 2757 1992 2795 causa
2023 2749 2116 2794 est.

612 2833 761 2890 Vilis.
793 2833 910 2888 Lib.
944 2849 1017 2888 vn
1042 2833 1394 2898 Institution.,
1420 2846 1470 2902 c.
1501 2832 1573 2886 22
1599 2849 1612 2885 :
1640 2830 1840 2902 Calui...
1866 2832 1994 2902 justi
2017 2840 2121 2884 tam

535 2905 659 3028 files
686 2905 990 3028 Igtbeantur.
1028 2903 1200 2959 'lacit.
1237 2903 1330 2957 lib.
1361 2918 1379 2958 ι
1423 2901 1618 2957 Annal.
1649 2901 1721 2958 40
1750 2920 1766 2958 :
1797 2901 1998 2960 Si'uilis
2023 2902 2124 2972 ipsi

557 2991 668 3028 aus.
745 2990 832 3028 un.

537 2976 668 3030 laus.
698 2976 832 3030 BUN.

609 3044 706 3099 Cui
741 3061 859 3115 ergo
884 3043 1260 3115 administratio
1283 3053 1544 3115 tantarum
1572 3059 1761 3097 rerum.
1785 3041 1875 3115 Sic
1903 3044 1954 3098 in
1987 3057 2118 3115 mss.

535 3113 963 3184 omnibus'lego,
993 3123 1048 3168 et
1084 3115 1139 3168 in
1165 3113 1324 3168 editis
1355 3123 1462 3184 vet.
1503 3113 1660 3167 Rom.
1703 3123 1761 3168 et
1795 3113 1942 3168 Crat.
1985 3113 2122 3169 Vide

537 3185 676 3240 infra
705 3183 897 3239 mundi
919 3184 1314 3238 administratio.
1357 3183 1416 3238 In
1457 3185 1668 3240 caeteris
1707 3185 1984 3254 impressis
2015 3194 2117 3252 est,

539 3255 634 3310 Cui
662 3272 780 3326 ergo
807 3255 1132 3310 ministratio.
1153 3289 1162 3298 ρ

614 3347 826 3422 Tamen.
855 3348 947 3422 Sic
984 3363 1112 3404 mss.
1144 3348 1419 3406 Tltomasii
1450 3367 1464 3404 :
1493 3349 1582 3404 alii
1605 3349 1786 3420 plures
1815 3350 2000 3422 legunt
2025 3367 2122 3406 au-

543 3427 664 3484 tem,
689 3421 866 3474 minus
891 3420 1050 3476 bene.

610 3509 900 3579 Avocatque
929 3527 984 3564 se
1009 3527 1039 3562 a
1065 3510 1230 3580 falsis.
1262 3511 1351 3567 Sic
1375 3513 1750 3566 vetustissimae
1777 3512 2040 3567 editiones
2070 3522 2126 3568 et

541 3597 674 3652 mss.
697 3581 734 3635 2
752 3596 863 3652 rec.
889 3591 945 3636 et
969 3581 1118 3634 multi
1150 3581 1314 3644 editi,
1348 3582 1528 3652 falsis;
1555 3583 1590 3636 2
1614 3583 1684 3636 al.
1709 3597 1844 3643 rec.,
1869 3584 1932 3636 de
1956 3584 2120 3652 falsis.

539 3679 611 3692 --
637 3651 854 3722 Legitur
882 3662 1153 3722 auocatque
1195 3667 1250 3705 se
1292 3652 1440 3721 falsis
1482 3652 1620 3719 apud
1664 3653 2024 3716 Bunemanu.,
2067 3654 2121 3708 in

541 3721 785 3791 hancque
831 3721 1128 3776 variantem
1182 3731 1361 3776 notam
1411 3735 1724 3790 sequentem
1773 3723 2012 3777 exhibet.
2052 3753 2123 3764 --

539 3791 825 3873 Avocatque
862 3808 916 3845 se
956 3791 1126 3916 βριθὺ.
1178 3791 1354 3846 Reim.
1406 3807 1590 3876 prave,
1641 3795 1962 3874 Advocatque
2000 3809 2054 3847 se
2089 3811 2124 3848 a

543 3861 726 3916 falsis:
768 3862 924 3916 quue
1003 3877 1300 3916 eumannus
1341 3861 1580 3916 defendit
1613 3873 1668 3916 et
1706 3873 1958 3916 exnontt.
1991 3865 2123 3916 Aua-

541 3861 726 3930 falsis;
768 3862 924 3929 idque
956 3861 1300 3916 Heumannns
1341 3861 1580 3918 defendit
1613 3873 1668 3918 et
1706 3861 1958 3930 exponit,
1991 3865 2123 3917 Aua-

539 3940 620 3984 cal
648 3948 701 3986 se
739 3949 770 3983 a
813 3932 956 3998 falsis
993 3933 1321 4000 imaginibus,
1349 3933 1404 3986 id
1431 3944 1527 3994 est,
1556 3935 1808 3988 somniare
1845 3943 2024 3987 cessat.
2057 3938 2124 3990 Αι

541 4000 727 4067 Gotlt.,
757 4001 1002 4066 Mcrton.,
1041 3999 1238 4056 C.’C.C.
1266 4001 1444 4064 Rost.,
1481 4003 1612 4058 Ven.
1647 4006 1806 4069 1471,
1835 4005 1994 4070 1495,
2027 4005 2118 4070 97,

505 4080 512 4085 ’
541 4069 713 4125 Paris.
743 4072 882 4126 1515
906 4081 960 4126 ει
984 4070 1268 4134 Cellarius,
1296 4071 1580 4140 Avocatque
1605 4081 1659 4127 se
1679 4074 1843 4141 falsis.
1867 4069 2122 4141 Quatlec-

543 4141 619 4212 t_i_o
655 4151 737 4195 est
777 4141 1136 4212 unicerecta.
1179 4141 1374 4195 Noster
1415 4143 1606 4196 iterum
1649 4143 1716 4198 de
1753 4143 1894 4212 Opif.
1926 4159 1975 4198 c.
2007 4145 2074 4198 18
2105 4163 2119 4198 :

546 4209 616 4264 Ut
644 4227 784 4265 mens
813 4227 901 4278 per
928 4210 1064 4264 diem
1089 4213 1218 4269 veris
1256 4211 1528 4266 visionibus
1551 4209 1813 4280 avocatur,
1846 4231 1909 4268 ne
1937 4215 2121 4268 obdor-

541 4282 706 4355 miat;
724 4282 794 4355 ita
817 4281 963 4350 falsis
995 4290 1155 4355 nocte
1177 4281 1403 4350 (scilicet
1437 4283 1716 4355 avocatur)
1753 4302 1816 4339 ne
1843 4287 2120 4352 excitetur;

541 4359 598 4424 et
639 4351 834 4405 ibidem
883 4362 1008 4424 ante
1057 4368 1071 4404 :
1123 4352 1376 4424 Avocatur
1409 4368 1529 4422 ergo
1570 4351 1769 4424 (mens)
1809 4351 2116 4421 simulacris,

541 4422 968 4517 depereant-enini:
1011 4437 1201 4517 sapore.
1230 4423 1443 4517 irrigata
1483 4422 1790 4517 uegetenlur.
1830 4426 1922 4507 Est
1953 4426 2122 4507 igitur
2143 4455 2198 4517 D

542 4504 736 4546 sensus
783 4492 1088 4554 verborum,
1147 4501 1204 4546 ut
1246 4493 1436 4548 iterum
1489 4492 1616 4549 ibid.
1675 4494 1822 4550 Mens
1871 4492 2120 4550 uisionum

541 4561 846 4632 imaginibus
870 4572 1118 4629 occupata
1146 4573 1370 4628 tenetur;
1398 4573 1452 4617 et
1477 4572 1681 4632 postea,
1712 4565 1857 4620 Mens
1887 4568 1954 4620 ad
1991 4583 2118 4620 con-

544 4633 861 4701 templandas
880 4634 1126 4704 imagines
1145 4635 1209 4687 ab
1238 4635 1515 4688 intentione
1539 4637 1840 4690 traducitur.
1875 4637 2008 4692 Buu.

625 4721 859 4796 Vigorem
883 4725 1090 4796 capiant
1118 4725 1182 4778 de
1205 4725 1384 4789 quiete.
1406 4725 1560 4792 Quies
1581 4727 2113 4796 igitur.‘Thomasins,

541 4809 722 4866 capere
748 4794 972 4866 uigorem
991 4795 1054 4848 de
1073 4796 1254 4864 quiete,
1284 4796 1475 4866 inquit,
1507 4794 1662 4850 latine
1686 4813 1786 4852 non
1805 4801 2009 4855 dicitur.
2033 4794 2118 4856 Ea:

541 4865 620 4917 Itis
649 4874 819 4938 autem
846 4865 1077 4938 denique
1104 4881 1164 4921 re
1191 4867 1343 4938 facile
1362 4865 1530 4938 potuit
1569 4867 1679 4932 ﬁeri
1707 4868 1774 4922 de
1807 4872 2004 4938 quiete,
2034 4873 2118 4925 cui

539 4935 876 5010 postmodum
905 4934 1083 4988 addita
1116 4934 1202 5010 est
1223 4936 1378 5010 dictio
1416 4937 1594 5010 igitur,
1633 4947 1686 4990 ut
1721 4934 1904 5010 aliquis
1945 4934 2120 4996 sensus

542 5004 1064 5082 eliceretur.§_equo[
1076 5005 1420 5082 nihilominus
1445 5004 1927 5082 legionem_Gotlt..
1944 5011 2116 5082 Lips.,

542 5073 798 5150 Rei_mm.,
828 5073 1680 5150 I_Jl_tr.,Gauc._,_Anglic.,_Rost.,
1699 5079 1831 5135 Ven.
1852 5083 1982 5137 1471
2001 5073 2114 5150 ξ’ῖῖ,

545 5145 824 5218 utriusque
841 5144 1040 5218 78,90,
1061 5146 1152 5210 93,
1179 5147 1268 5218 9_'l,
1291 5144 1453 5218 Pier.,
1483 5144 1697 5212 Parrlt.,
1721 5150 1917 5217 Paris,
1941 5144 2116 5218 Junt.,

544 5214 686 5291 aldi,
719 5213 892 5279 Crat.,
918 5213 1144 5291 Cymn.,
1186 5215 1333 5291 Fas,
1359 5217 1600 5291 _Gryph.,
1634 5221 1820 5291 To_rn.,
1869 5213 2114 5291 Betuleii,

555 5281 788 5364 l’igorem
813 5281 1106 5364 capiantde
1129 5281 1326 5364 quiete.»
1345 5281 1499 5364 Quies
1525 5281 1684 5364 igitur
1706 5281 1904 5362 (Emm.
1941 5281 2116 5364 ergo):

545 5354 676 5421 Quis
695 5355 836 5409 enim
858 5354 1171 5422 simpliciter
1189 5357 1404 5421 dixerit,
1435 5354 1658 5412 membra
1683 5354 1924 5425 saturari,
1953 5354 2119 5417 ac'vi-

543 5439 727 5493 gorem
769 5439 1120 5504 capere_,_no_n
1150 5427 1354 5504 addito,
1385 5428 1525 5504 unde
1550 5439 1858 5486 saturentur
1885 5447 1948 5488 ac
1977 5433 2122 5504 vigo-

543 5507 658 5547 rem
690 5495 943 5572 capiant?
961 5495 1156 5572 Verba,
1181 5496 1322 5572 Dum
1347 5497 1570 5572 membra
1593 5507 1882 5572 saturentur
1904 5520 1966 5557 ac
1981 5495 2120 5572 υἱῇοο

545 5579 651 5644 rent
668 5566 883 5644 (capiant
909 5567 972 5620 de
993 5569 1178 5644 quiete,
1205 5567 1345 5622 idem
1375 5567 1582 5644 dicunt,
1609 5570 1748 5638 quod
1777 5571 1866 5627 illa
1890 5575 1956 5628 de
1975 5566 2120 5644 Opif.

548 5635 700 5710 9'18
736 5637 969 5710 :_Donec
1003 5639 1225 5691 membra
1266 5654 1447 5704 sopore
1480 5635 1692 5709 irrigata
1725 5635 2040 5710 vegelentur,2
2068 5651 2124 5699 et

547 5701 708 5782 infra,
742 5702 1022 5782 Postquam
1049 5724 1184 5760 mens
1205 5711 1272 5760 ad
1302 5701 1720 5776 contemplandas
1743 5701 1986 5782 imagines
2015 5701 2124 5767 ένα-

553 5772 704 5827 ducta
725 5784 815 5840 est,
845 5784 964 5830 tunc
989 5776 1193 5831 demum
1217 5793 1402 5848 corpus
1432 5772 1577 5835 omne
1604 5772 1869 5838 resolvitur"
1895 5787 1946 5840 in
1982 5785 2124 5856 quie-

2149 3080 2195 3143 C

2222 2747 2340 2791 tem.
2368 2737 2568 2790 Plinius
2591 2735 2683 2790 lib.
2708 2749 2836 2790 χχιιι
2861 2732 2926 2788 ll.
2949 2731 3016 2787 N.
3041 2746 3089 2786 c.
3115 2732 3180 2786 ιε
3205 2729 3335 2786 Oleo
3355 2727 3595 2784 mollitur
3623 2743 3860 2796 corpus,

2222 2809 2444 2878 uigorem
2471 2817 2518 2860 et
2554 2806 2710 2878 robur
2737 2805 2942 2878 accipit.
2975 2802 3055 2878 D_e
3077 2803 3243 2872 quiete
3265 2802 3440 2878 valet,
3458 2815 3525 2878 ea;
3551 2801 3763 2869 quiete,
3794 2814 3864 2852 ea:

2221 2870 2626 2948 so'poreLmore
2676 2870 2957 2948 Lactantio
3012 2870 3329 2948 frequenti.“
3349 2870 3441 2925 ubi
3487 2870 3574 2932 de,
3627 2884 3740 2948 pro
3795 2884 3865 2921 ea:

2225 2939 2510 3016 ponit.7Uti
2555 2961 2684 3002 vero
2713 2961 2894 3015 capere
2934 2939 3182 3016 fructum,
3216 2942 3531 3016 utilitatem,
3575 2939 3863 3016 volupta-

2229 3011 2335 3072 tem
2361 3034 2426 3072 ex
2456 3033 2516 3072 re
2553 3011 2785 3077 dicituri
2827 3017 2904 3069 sic
2932 3015 3095 3068 latine
3123 3013 3228 3067 dici
3259 3027 3442 3080 capere
3481 3011 3729 3080 uigorem
3767 3013 3860 3076 de,

2230 3089 2312 3142 vel
2343 3104 2406 3142 ex
2430 3105 2486 3142 re
2507 3129 2520 3152 ,
2554 3087 2684 3141 nihil
2715 3085 2956 3155 impedit.
2987 3085 3118 3139 BUN.
3147 3111 3220 3124 —
3248 3081 3472 3155 capiant
3518 3081 3585 3155 de
3629 3082 3858 3155 quiete.

2229 3160 2385 3222 Quies
2411 3151 2571 3228 igitur
2587 3151 2931 3228 sempiterna.
2953 3155 3059 3228 _Sic
3087 3153 3304 3228 reposui
3329 3167 3396 3206 ex
3427 3151 3676 3228 antiquis
3695 3167 3856 3228 lnss.

2225 3221 2540 3297 Reg-PBL,
2571 3221 2760 3286 Caucl.
2791 3227 2865 3282 al.
2888 3227 2922 3280 4
2948 3225 3104 3297 Reg,
3128 3221 3163 3278 6
3187 3223 3456 3297 Colbcrt.,
3487 3221 3858 3297 Ultr_.,_Em.,

2226 3290 2416 3365 Brom,
2449 3290 2632 3353 multis
2658 3297 2817 3352 editis
2861 3305 2915 3351 ct
2944 3298 2963 3348 l
2995 3290 3269 3356 Clarom.,
3305 3293 3409 3347 nisi
3433 3363 3442 3365 _
3465 3291 3618 3365 quod
3674 3290 3863 3365 habet

2225 3361 2416 3438 capiat.
2444 3369 2470 3422 1
2498 3367 2858 3438 Bon.Antiq.,
2881 3365 3168 3438 Cant.__etb
3195 3363 3448 3432 impressi
3467 3361 3718 3432 capiant.
3749 3361 3866 3416 De-

2227 3435 2378 3510 nique
2417 3440 2614 3508 requies
2650 3437 2985 3510 sempiterna.
3027 3435 3179 3490 Hanc
3233 3443 3415 3490 tamen
3470 3447 3667 3489 veram
3723 3448 3864 3489 esse

2225 3508 2548 3577 scripturam
2576 3509 2848 3564 existimat
2877 3508 3245 3562 Heumannus.

2298 3599 2360 3655 Si
2386 3611 2548 3664 nocet,
2573 3599 2766 3668 inquit,
2791 3599 2948 3654 alicui
2978 3597 3136 3651 Deus.
3168 3596 3340 3652 Abest
3379 3595 3551 3668 inquit
3583 3611 3618 3650 a
3653 3611 3866 3668 quam-

2226 3669 2469 3738 plurimis
2497 3671 2710 3740 scriptis
2746 3678 2802 3740 et
2827 3669 3106 3740 impressis
3137 3685 3151 3720 :
3192 3676 3249 3722 at
3281 3675 3431 3740 extat
3459 3667 3516 3740 in
3559 3667 3860 3740 antiquis-

2224 3735 2374 3810 simis
2405 3755 2537 3796 mss.
2568 3735 2920 3810 Regio-PaL,
2945 3741 2971 3794 1
3005 3738 3212 3794 Βοηοη.
3248 3745 3304 3794 ει
3345 3735 3508 3794 editis
3551 3735 3860 3810 Gyminic.,

2223 3808 2318 3876 Is.,
2343 3811 2509 3876 Gall.,
2533 3808 2730 3882 Thys.,
2757 3808 2951 3880 Spark.

2294 3901 2595 3956 Acerbilatis
2624 3910 2670 3955 et
2690 3901 2922 3955 malitiae.
2948 3899 3099 3954 Hand
3127 3899 3866 3970 secusivetcrrimiRegio-

2223 3971 2342 4026 Put.
2366 3984 2424 4042 et
2448 3973 2480 4042 1
2531 3972 2764 4034 Βοηοη..
2802 3971 2926 4026 edd.
2955 3970 3240 4037 Thomas.,
3279 3969 3378 4036 Is.,
3411 3966 3633 4041 Thys.,'
3665 3966 3864 4042 Gall.,

2225 4041 2417 4113 Spark.
2445 4041 2505 4097 In
2532 4042 2649 4096 aliis
2673 4043 2830 4097 deest
2854 4051 2900 4096 et
2922 4042 3152 4096 malitiae.

2297 4133 2397 4200 Qui
2439 4137 2626 4188 scelere
2658 4135 2932 4204 convictos.
2963 4133 3040 4188 Ita
3067 4133 3287 4204 restitui
3302 4147 3370 4189 ex
3401 4135 3862 4204 quamplurimis

2221 4203 2382 4258 editis
2421 4213 2475 4260 et
2503 4203 2753 4258 omnibus
2797 4218 2926 4258 mss.
2977 4214 3170 4272 praeter
3201 4205 3226 4259 1
3263 4203 3399 4273 Reg.
3424 4203 3537 4260 ’cui
3567 4203 3663 4260 est
3716 4222 3863 4262 cor-

2221 4283 2381 4340 rupte
2409 4275 2730 4342 coniunctos,
2757 4287 2856 4344 pro
2881 4275 3152 4328 conuictos.
3182 4274 3240 4328 lu
3275 4273 3528 4344 pluribus
3555 4275 3741 4332 editis
3771 4287 3867 4332 est

2223 4345 2470 4406 convicto,
2497 4344 3060 4402 mendose—Scelere
3085 4345 3398 4398 conuinctos.
3422 4344 3603 4399 Paris.
3635 4347 3870 4403 Scelere

2229 4415 2501 4468 conuictos.
2525 4413 2678 4469 Cant.
2708 4414 2890 4477 editio,
2927 4415 3129 4470 Scelere
3159 4415 3411 4482 convicto,
3447 4417 3676 4471 vitiose.
3711 4421 3868 4473 Sue-

2224 4484 2355 4538 tonii
2383 4495 2486 4549 est,
2510 4495 2568 4540 ut
2593 4485 2788 4540 Lexica
2810 4485 3071 4551 iudicant,
3095 4486 3148 4540 in
3169 4485 3409 4552 Nerone,
3430 4500 3483 4542 c.
3508 4487 3606 4542 51.
3633 4487 3868 4544 Scelere

2219 4555 2500 4610 conuictus.
2528 4555 2658 4610 BUN.

2292 4645 2414 4715 Ipse
2451 4659 2622 4702 autem
2660 4657 2754 4702 est.
2803 4647 2876 4703 At
2911 4647 3210 4702 Bnneman.
3252 4647 3312 4702 Is
3347 4657 3523 4702 autem
3565 4661 3670 4703 est.
3715 4651 3868 4706 editi

2221 4731 2432 4789 omnes.
2475 4719 2596 4789 Ipse
2625 4728 2793 4772 autent
2817 4728 2909 4773 est.
2945 4719 3152 4772 Bonon.
3181 4716 3240 4789 is
3257 4728 3334 4772 est
3358 4729 3557 4772 autem.
3596 4720 3864 4777 Reimm.

2219 4786 2279 4842 ls
2305 4793 2477 4842 autem
2503 4786 2594 4842 est.
2627 4789 2799 4843 Etiam
2834 4789 3147 4843 Heumanno
3177 4787 3233 4844 Is
3258 4797 3470 4844 rectum
3501 4799 3614 4847 est.
3652 4792 3810 4847 BUN.

2291 4858 2435 4912 Libet
2461 4874 2704 4926 quiet-ere.
2735 4859 3223 4930 Mauuscriptorum
3268 4869 3354 4915 est
3388 4869 3446 4914 et
3482 4861 3518 4915 9
3549 4871 3671 4918 vet.
3706 4863 3864 4920 edit.

2219 4928 2278 4984 In
2309 4930 2340 4982 7
2367 4930 2594 4998 vulgatis
2621 4941 2707 4985 est
2735 4929 2896 4984 Licet.

2289 5019 2628 5091 Immobilem.
2667 5021 2796 5091 Cap.
2837 5019 2909 5074 22
2951 5037 2965 5073 :
3011 5019 3180 5075 Deum
3227 5021 3427 5090 faciunt
3477 5023 3863 5080 immobilem.

2218 5087 2374 5144 Conf.
2409 5101 2519 5145 not.
2548 5091 2586 5145 l.
2613 5107 2686 5154 vt,
2714 5087 2767 5146 εἰ
2795 5092 2862 5146 17
2895 5107 2909 5143 :
2939 5091 3020 5145 Ad
3046 5087 3357 5147 immobilem
3378 5101 3668 5163 stuporem
3699 5113 3869 5152 men-

2217 5163 2281 5215 tis
2311 5163 2598 5230 perducere.
2624 5163 2759 5218 Bon.

2294 5254 2478 5326 Omnia
2494 5256 2785 5326 invaserint.
2810 5257 2876 5308 At
2895 5255 3030 5309 Bon.
3048 5253 3200 5326 addit
3213 5257 3351 5326 ejus,
3369 5256 3534 5326 etsic
3553 5260 3868 5316 rationem

2218 5325 2397 5399 reddit
2413 5343 2503 5399 =_-_-
2525 5325 3148 5399 οιηηίαβὶαείηυαεεενέιξιο
3166 5325 3464 5399 531403;?-
3480 5367 3493 5391 .
3512 5329 3549 5384 5
3563 5327 3870 5399 Reimm..

2221 5395 2396 5467 Rost.,
2430 5396 2564 5467 Ven.
2599 5397 2759 5467 1472,
2791 5405 3014 5467 utraque
3039 5395 3130 5457 78.
3163 5397 3253 5461 95,
3279 5397 3372 5461 97,
3399 5397 3582 5460 Pier.,
3610 5395 3866 5467 Parrh.,

2220 5465 2626 5544 Paris.,_lun_t.,
2668 5466 2824 5544 Isaeo,
2869 5466 3186 5544 Heumanno
3222 5467 3689 5544 scribo,-_0mnia
3739 5465 3870 5544 ejus

2217 5537 2514 5618 invaserint.
2529 5536 2736 5618 Caeteri
2764 5538 2876 5608 ejus
2904 5537 3279 5608 neglexerunt.
3314 5537 3518 5596 Studio
3551 5541 3703 5598 illud
3739 5536 3870 5618 ejus

2222 5616 2304 5660 ter
2332 5609 2564 5676 repetiit.
2597 5608 2729 5664 Bon.
3059 5641 3069 5648 -

2225 5791 2236 5801 .
2298 5717 2522 5802 Perfrui.
2555 5721 2723 5802 ltiaipr
2752 5724 2830 5778 vis
2857 5723 3233 5796 incomposito
3259 5708 3558 5786 subinnuit
3584 5744 3870 5796 securam

2222 5794 2611 5860 impunitatem.
2640 5794 2772 5849 Bun.
