3970 6352
180 327 266 387 129
1439 316 1641 375 LIBER
1676 317 1763 374 DE
1804 316 1921 370 lllA
1963 314 2094 369 DEI.

3312 317 3415 374 130

172 453 271 513 qnte
304 450 330 490 a
353 433 593 488 Cicerone
633 428 924 484 dicuntur?
956 448 975 480 ‹
1018 419 1228 484 Etenim
1273 447 1477 501 quacro,
1510 435 1554 487 si
1594 434 1715 504 quis
1740 434 1795 495 Α
1822 432 1902 485 lra
1935 429 2257 501 composuit.
2292 448 2310 481 ι
2342 430 2422 485 lra
2452 440 2553 497 est,
2580 433 2773 502 inquit,
2801 432 3065 503 cupiditas
3093 435 3417 491 ulciscenda:

172 525 506 603 paterfamilias
541 519 729 575 liberis
770 520 883 575 suis
924 536 955 575 a
995 536 1156 576 servo
1200 523 1519 590 interiectis,
1551 540 1721 581 uxore

171 620 337 683 occisa,
366 614 568 669 incensa
592 611 779 678 domo,
804 610 1128 682 supplicium
1156 612 1225 668 de
1249 627 1408 670 servo
1428 629 1538 670 non
1558 630 1719 686 quam

169 710 450 769 acerrimum
478 704 805 775 sumpserit;
833 712 1016 760 utrum
1049 704 1098 760 is
1136 706 1378 764 clemens
1409 721 1471 763 ac
1511 706 1721 763 miseri-

168 817 290 871 cors,
313 816 375 855 an
400 796 720 853 inhumanus
740 806 796 851 et
820 796 1226 853 crudelissimus
1247 812 1370 855 esse
1395 799 1674 855 rideatur?
1693 818 1712 853 ι

170 893 298 963 Quod
327 892 367 948 si
396 888 656 961 ejusmodi
710 888 1037 945 facinoribus
1078 888 1360 961 ignoscere
1392 890 1721 947 crudelitatis

168 998 238 1047 est
268 986 427 1059 potius
467 996 629 1054 quam
673 981 920 1051 pietatis;
974 996 1083 1037 non
1124 989 1208 1037 est
1246 996 1375 1053 ergo
1413 983 1625 1039 virtutis
1664 983 1718 1038 in

168 1085 281 1151 Deo,
304 1080 363 1137 ad
386 1094 466 1147 ea,
495 1092 616 1149 quae
643 1076 844 1145 injuste
875 1075 1039 1144 ﬁunt,
1072 1092 1178 1131 non
1207 1077 1556 1132 commoveri.
1585 1076 1719 1133 Nam

165 1173 365 1233 mundus
399 1181 645 1241 tanquam
692 1167 786 1223 Dei
827 1166 1021 1223 domus
1070 1176 1171 1234 est,
1215 1178 1273 1225 et
1315 1166 1565 1224 homines
1606 1177 1723 1223 tan-

165 1281 298 1339 quam
324 1263 453 1321 servi
479 1279 493 1316 :
521 1261 717 1333 quibus
737 1260 784 1315 si
810 1260 1043 1316 ludibrio
1070 1262 1143 1315 sit
1172 1274 1367 1316 nomen
1384 1260 1522 1330 ejus,
1549 1261 1721 1331 qualis

160 1366 238 1412 aut
282 1360 462 1426 quanta
506 1350 763 1421 patientia
807 1359 912 1416 est,
943 1358 1003 1405 ut
1039 1348 1341 1405 honoribus
1384 1350 1496 1415 suis
1539 1348 1726 1419 cedat,

161 1462 301 1520 prava
329 1454 381 1502 et
410 1444 589 1516 iniqua
621 1443 739 1500 ﬁeri
765 1442 968 1507 videat,
1000 1451 1056 1497 et
1080 1458 1189 1497 non
1220 1442 1546 1512 indignetur,
1575 1441 1721 1512 quod

156 1537 403 1611 proprium
448 1544 502 1590 et
541 1534 789 1590 naturale
833 1542 916 1589 est
947 1532 1018 1598 ei,
1067 1532 1154 1588 cui
1200 1542 1418 1603 peccata
1459 1548 1565 1587 non
1608 1532 1723 1602 pla-

1822 522 2051 592 injuriae.
2082 522 2210 587 Alii,
2241 531 2299 576 ut
2327 523 2407 577 ait
2448 522 2772 579 Posidonius
2793 566 2808 590 ,
2850 525 3116 597 cupiditas
3162 527 3420 597 puniendi

1818 613 1957 682 ejus,
1990 627 2145 683 aquo
2166 619 2218 667 te
2247 611 2428 682 inique
2449 621 2606 682 putes
2633 614 2844 669 laesum.
2876 633 2896 667 ι
2918 615 3147 684 Quidam
3178 618 3251 672 ita
3280 617 3417 672 deii-

1820 706 2037 762 nierunt
2060 724 2073 760 :
2096 725 2115 759 (
2133 705 2216 760 Ira
2241 712 2325 761 est
2345 706 2585 762 incitatio
2605 706 2770 763 animi
2799 707 2867 763 ad
2894 709 3199 765 nocendum
3226 710 3280 766 ei
3302 711 3418 781 qui,

1822 806 1915 853 aut
1939 798 2144 863 nocuit,
2176 806 2270 852 aut
2300 811 2499 853 nocere
2542 797 2732 853 voluit.
2768 817 2789 852 ι
2826 800 3130 857 Aristotelis
3174 800 3420 857 deﬁnitio

1820 905 1931 945 non
1962 889 2188 943 multum
2210 903 2242 942 a
2266 898 2449 944 nostra
2472 889 2644 944 abest.
2672 888 2764 944 Ait
2786 891 2930 946 enim
2960 892 3094 947 iram
3125 906 3248 948 esse
3267 893 3421 963 cupi-

1819 980 2043 1036 ditatem
2066 979 2266 1034 doloris
2287 979 2639 1049 rependendi.
2663 980 2791 1035 Htec
2812 988 2896 1036 est
2914 982 3015 1047 ira,
3034 981 3102 1037 de
3128 996 3231 1053 qua
3258 998 3421 1054 supc-

1820 1073 1934 1128 rius
1963 1071 2232 1139 diximus,
2270 1069 2502 1141 injusta;
2554 1088 2675 1143 quae
2723 1073 2889 1129 etiam
2941 1074 3106 1128 mutis
3146 1076 3289 1131 inest
3321 1094 3334 1130 :
3362 1078 3417 1132 in

1820 1164 2042 1220 homine
2067 1179 2196 1220 vero
2212 1163 2511 1219 cohibenda
2542 1174 2646 1229 est,
2679 1180 2748 1220 ne
2777 1163 2845 1218 ad
2872 1163 3097 1235 aliquod
3114 1152 3418 1224 maximum

1820 1257 2023 1311 malum
2047 1256 2294 1326 prosiliat
2321 1272 2419 1327 per
2443 1255 2703 1312 furorem.
2736 1256 2863 1313 Haec
2892 1258 2946 1311 in
3001 1257 3120 1314 Deo
3146 1273 3268 1316 esse
3311 1276 3419 1318 non

1820 1360 2021 1422 potest,
2053 1353 2177 1423 quia
2217 1352 2493 1408 illaesibilis
2523 1361 2640 1418 est;
2684 1353 2739 1408 in
2771 1352 2989 1410 homine
3029 1364 3245 1421 autem,
3298 1356 3421 1425 quia

1820 1440 2025 1513 fragilis
2054 1451 2159 1510 est,
2190 1443 2486 1499 invenitur.
2516 1443 2686 1499 Inurit
2710 1444 2857 1500 enim
2880 1445 3030 1500 lmsio
3057 1445 3336 1511 dolorem;
3367 1462 3425 1504 et.

1820 1534 1978 1591 dolor
1998 1536 2127 1591 facit
2157 1537 2378 1592 ultionis
2408 1537 2777 1608 cupiditatem.
2816 1537 2919 1594 Ubi
2948 1547 3033 1593 est
3060 1553 3190 1610 ergo
3220 1540 3311 1594 illa
3340 1532 3439 1595 ira?

157 1629 326 1686 ceant?
352 1626 510 1684 Irasci
549 1642 684 1697 ergo
720 1625 946 1681 rationis
970 1632 1083 1691 est;
1116 1624 1433 1680 auferuntur
1455 1626 1600 1681 enim
1627 1625 1722 1681 de-
1816 1626 1960 1697 justa
1990 1629 2251 1685 adversus
2278 1629 2689 1701 delinquentes?
2725 1646 2845 1700 quae
2872 1631 3055 1701 utique
3082 1647 3188 1686 non
3213 1640 3299 1686 est
3324 1646 3413 1687 cu-

156 1722 292 1788 licta,
318 1728 370 1775 et
414 1718 736 1774 refraenatur
765 1715 1012 1783 licentia,
1050 1716 1196 1788 quod
1236 1717 1420 1787 utique
1449 1716 1593 1786 juste
1629 1731 1721 1772 sa-

157 1812 439 1883 pienterque
469 1808 549 1864 lit.

211 1904 306 1961 Sed
351 1904 512 1959 Stoici
569 1916 678 1958 non
724 1901 973 1957 viderunt
1009 1915 1131 1956 esse
1166 1899 1456 1957 discrimen
1498 1902 1633 1958 recti
1662 1909 1719 1958 et

153 1998 314 2071 pravi;
342 2012 457 2054 esse
483 1998 622 2053 iram
643 1996 843 2067 justam
876 2004 931 2052 et
974 1995 1226 2066 injustam
1254 2014 1267 2050 :
1295 2005 1350 2052 et
1386 1998 1509 2068 quia
1536 1997 1719 2053 mede-

149 2093 240 2148 lam
258 2092 329 2147 rei
350 2106 452 2146 non
478 2090 847 2156 inveniebant,
867 2089 1153 2144 voluerunt
1178 2103 1297 2144 eam
1329 2089 1543 2160 penitus
1567 2090 1716 2145 exci-

150 2184 278 2239 dere.
305 2179 647 2253 Peripatetici
677 2195 806 2235 vero
833 2195 941 2235 non
969 2178 1345 2243 excidendam,
1378 2179 1474 2234 sed
1515 2189 1718 2249 tempe-

145 2274 347 2331 randam
366 2289 485 2330 esse
512 2273 810 2328 dixerunt:
845 2271 1039 2343 quibus
1065 2272 1119 2326 in
1158 2283 1311 2327 sexto
1341 2272 1480 2327 libro
1508 2271 1719 2328 Institu-

148 2368 326 2425 tionum
362 2368 493 2424 satis
538 2365 944 2438 respondimus.
994 2365 1245 2421 Nescisse
1273 2374 1455 2421 autem
1484 2366 1720 2437 philoso-

144 2458 281 2531 phos,
308 2474 423 2531 qua:
448 2459 589 2514 ratio
617 2466 763 2513 esset
788 2457 903 2523 irae,
936 2464 1161 2527 apparet
1199 2470 1268 2527 ex
1313 2456 1717 2513 definitionibus

142 2564 331 2620 eorum,
371 2565 503 2624 quas
545 2549 761 2607 Seneca
791 2548 1130 2605 enumeravit
1156 2547 1209 2604 in
1240 2547 1432 2616 ,libris,
1473 2563 1610 2619 quos
1647 2547 1719 2605 de

1822 1722 2022 1791 piditas
2051 1723 2291 1789 ultionis,
2323 1724 2447 1794 quia
2475 1739 2579 1778 non
2612 1723 2870 1793 praecedit
2895 1723 3114 1793 injuria.
3146 1723 3265 1778 Non
3296 1724 3422 1780 dico

1748 1807 1797 1867 B
1822 1810 1889 1867 de
1920 1812 1985 1867 iis
2011 1814 2101 1883 qui
2129 1813 2390 1869 adversus
2422 1814 2568 1885 leges
2596 1823 2850 1883 peccant,
2880 1813 3077 1883 quibus
3124 1812 3229 1869 etsi
3254 1815 3422 1884 judex

1823 1905 1942 1960 sine
1966 1904 2193 1961 crimine
2223 1905 2380 1960 irasci
2409 1914 2637 1975 postest,
2656 1904 2923 1976 tingamus
2942 1914 3143 1975 tamen,
3179 1921 3302 1962 eum
3331 1921 3422 1963 se-

1824 1994 1950 2050 dato
1965 1996 2147 2050 animo
2169 2010 2291 2051 esse
2308 1996 2531 2063 debere,
2555 2011 2677 2052 cum
2696 1996 2912 2067 subjicit
2926 2013 3100 2068 poenae
3114 2006 3419 2066 nocentem,

1823 2088 1948 2158 quia
1978 2088 2153 2157 legum
2190 2088 2260 2143 sit
2305 2088 2584 2155 minister,
2619 2104 2726 2144 non
2756 2090 2958 2155 animi,
3009 2098 3105 2144 aut
3135 2091 3425 2160 potestatis

1823 2195 1968 2245 sua};
2001 2184 2080 2236 sic
2119 2181 2266 2237 enim
2304 2181 2513 2247 volunt,
2544 2181 2633 2251 qui
2678 2183 2814 2236 iram
2863 2191 3134 2237 conantur
3162 2182 3421 2239 evellere.

1824 2270 1931 2326 Sed
1957 2271 2025 2327 de
2052 2272 2117 2327 iis
2143 2273 2481 2341 potissimum
2508 2258 2649 2341 dico,
2674 2274 2768 2343 qui
2797 2283 2924 2328 sunt
2946 2284 3143 2329 nostra:
3175 2282 3416 2344 potesta-

1820 2362 1912 2427 tis,
1942 2373 2000 2417 ut
2029 2363 2192 2427 servi,
2224 2362 2383 2419 liberi
2405 2403 2420 2428 ,
2447 2363 2704 2433 conjuges
2728 2371 2786 2419 et
2811 2363 3064 2434 discipuli
3093 2380 3109 2418 :
3141 2379 3277 2434 quos
3297 2378 3424 2420 cum

1826 2453 2142 2525 delinquere
2162 2454 2433 2523 videmus,
2463 2457 2751 2512 incitamur
2778 2457 2845 2511 ad
2868 2455 3252 2513 coercendum.
3334 2530 3339 2533 τ

1891 2548 2124 2605 Necesse
2173 2559 2256 2605 est
2282 2551 2428 2606 enim
2467 2550 2610 2607 bono
2653 2564 2718 2605 ac
2742 2548 2893 2620 justo
2939 2549 3252 2621 displicere,
3297 2565 3420 2621 quae

1454 2686 1819 2746 VARIORUM
1846 2685 2077 2743 NOTIE.

139 2834 173 2902 ξ’
201 2831 511 2902 Supplicium
533 2832 606 2885 de
629 2845 772 2902 seruo
794 2845 896 2884 non
919 2844 1082 2902 quam
1092 2827 1397 2902 acerrimum
1415 2826 1709 2902 sumpserit.

137 2900 446 2960 lnomnibus
474 2901 746 2958 Lactantii
775 2916 905 2955 mss.
938 2909 993 2955 ct
1019 2900 1142 2955 edd.
1166 2907 1251 2953 est
1272 2913 1395 2952 cum
1428 2901 1716 2966 negatione

138 2973 216 3029 hic
251 2976 428 3040 locus;
478 2973 652 3044 apud,
680 2972 1000 3044 Ciceronem
1047 2970 1198 3024 Orat.
1249 2969 1281 3044 fi
1330 2966 1712 3044 in_Catilinam

134 3059 175 3099 (ε.
204 3045 256 3110 6,
284 3033 436 3115 quam
475 3033 893 3115 acerbissimum,
924 3042 1044 3097 sine
1072 3038 1451 3115 negationem
1493 3038 1718 3115 quibus-
1743 3033 1788 3095 C
1821 3037 2032 3115 aliquod
2074 3037 2357 3115 maximum
2409 3034 2602 3115 malum

142 3108 251 3170 dam
286 3108 443 3170 editis
477 3134 490 3170 :
524 3113 828 3169 Lambinus
871 3128 1024 3176 vero,
1072 3108 1254 3170 lszr’us.
1299 3109 1497 3177 aliique
1539 3108 1722 3179 legunt

139 3200 228 3239 non
253 3203 403 3255 quam
428 3185 767 3239 acerrimum.
801 3183 866 3237 Et
888 3184 958 3255 it_a
989 3180 1129 3255 apud
1158 3180 1516 3255 Lactantium.

191 3247 291 3311 Sed
317 3257 462 3311 stoici
490 3273 605 3310 nou
627 3256 879 3308 viderunt.
914 3247 1273 3308 Perturbatio.
1300 3251 1462 3310 πάθος
1485 3290 1499 3314 ,
1545 3258 1603 3305 ut
1628 3247 1720 3303 Ci-

128 3340 242 3382 cero
276 3329 327 3383 in
373 3326 408 3380 4
436 3326 616 3382 Tusc.
648 3340 715 3380 ex
744 3324 981 3379 Zenonis
1025 3322 1294 3378 sententia
1351 3321 1542 3375 delinit
1567 3362 1581 3385 ,
1639 3330 1722 3376 est

128 3411 304 3454 aversa
327 3414 354 3451 a
386 3406 540 3454 recta
575 3398 792 3451 ratione
821 3404 1009 3450 contra
1029 3404 1271 3447 naturam
1294 3390 1457 3446 animi
1484 3406 1725 3445 commo-

127 3470 212 3549 tio.
238 3469 466 3549 Quidam
494 3467 804 3549 appetitum
821 3465 1307 3549 vehementiorem,
1331 3462 1722 3549 ὁρειήἶπλςονξι-

127 3532 336 3602 Cosconi:
365 3540 504 3595 iram
533 3532 724 3593 autem
750 3532 1372 3608 utl‘ormamlibidiniprf}
1390 3532 1727 3608 ἐπιθυμίᾳ,Ιὶ-

123 3594 344 3679 ιῖὶιίιηθιιι
365 3594 506 3666 vero
529 3607 932 3679 perturbationi
956 3594 1361 3679 subjiciunt,si_c
1375 3594 1722 3679 delittt'etites:

122 3677 195 3733 Ira
225 3691 303 3736 est
329 3681 499 3736 libido
529 3673 681 3749 ejus,
724 3678 814 3749 qui
846 3673 1068 3749 videtur:
1095 3673 1536 3749 laesisseinjnria.
1580 3673 1727 3741 Ergo

121 3751 261 3822 stoici
287 3744 602 3822 posuerunt
617 3744 755 3804 iram
767 3749 908 3822 inter
934 3746 1152 3822 m_orbos
1174 3744 1381 3822 etvitia.
1401 3744 1721 3822 Βετυέειυε.

183 3814 397 3877 Penitus
450 3822 722 3876 excidere.
774 3817 922 3888 Lips.
973 3816 1156 3888 Τενι.Ἀ
1203 3814 1500 3888 occi_dere,_
1532 3815 1721 3888 ᾜξριυιιη

120 3891 323 3948 Penitus
363 3893 700 3948 exscindere.
734 3885 1013 3958 Sic'saape
1040 3885 1257 3942 variare
1297 3885 1409 3940 dixi
1435 3885 1503 3941 ad
1544 3885 1638 3940 lib.
1670 3899 1725 3952 v,

117 3977 225 4036 cap.
258 3966 334 4022 3:
364 3965 645 4020 Horatius
672 3961 770 4016 lib.
801 3975 864 4025 ιι,
890 3960 1004 4015 Sat.
1030 3959 1065 4013 5
1095 3974 1110 4013 :

257 4082 499 4144 Denique
525 4087 781 4144 quatenus
801 4074 966 4128 excidi
988 4078 1201 4144 penitus
1222 4076 1401 4144 vitium
1423 4073 1511 4123 ira

258 4134 460 4197 Caetefa
481 4134 614 4193 item
635 4149 892 4204 nequeant
906 4134 1072 4190 stultis
1091 4138 1350 4188 haerentia.
1603 4134 1726 4185 Bon.

177 4246 267 4301 Ira
292 4248 621 4319 esttinquit,
643 4243 923 4319 cup_idita_s,
940 4239 1252 4319 ulciscenda:
1268 4238 1729 4319 injurite._S_eneca

113 4318 200 4375 lib.
235 4318 348 4374 Ide
392 4311 520 4383 lra',
570 4311 765 4385 αξη)έὸ
796 4333 827 4385 :7
858 4313 1094 4367 Primum
1122 4313 1349 4385 diximus
1393 4311 1731 4381 cupiditatem

109 4406 210 4445 esse
230 4405 397 4461 poena:
414 4383 720 4459 exigendis.
750 4384 835 4442 Ad
859 4385 1082 4461 verbum
1108 4383 1354 4461 diximus,
1391 4392 1723 4461 commenta-

1817 2822 2144 2890 necessaria,
2177 2822 2305 2894 quia
2343 2821 2412 2877 de
2437 2822 2517 2876 ira
2537 2821 2686 2893 justa
2713 2829 2835 2890 post
2860 2820 3121 2894 loquitur:

1895 2895 1977 2950 Ne
1999 2895 2067 2949 ad
2086 2889 2298 2963 aliquod
2318 2889 2597 2947 maximum
2616 2889 2843 2963 malum.
2858 2889 2946 2947 ιιι(
2962 2907 3064 2946 ms.
3089 2889 3421 2957 Regiooput.

1818 2981 1941 3022 cum
1974 2961 2365 3020 multis’editis.
2394 2962 2453 3017 In
2503 2963 2773 3032 plerisque
2815 2961 2967 3018 deest
2998 2962 3215 3015 malum.
3248 2994 3317 3004 —
3343 2965 3426 3019 Ad

2652 3034 2907 3102 prosiliat.
2965 3034 3285 3089 Necessario
3337 3036 3426 3090 hic

1823 3103 2218 3163 substantivum
2245 3105 2573 3160 addendum.
2607 3103 2698 3159 Sic
2725 3118 2775 3158 c.
2811 3105 2877 3159 l8
2900 3120 2914 3160 :
2934 3103 3071 3158 Hinc
3099 3105 3327 3163 quotidie
3358 3107 3428 3161 ad

1823 3180 2070 3232 immania
2120 3177 2352 3248 facinora
2397 3176 2701 3248 prosililur;
2733 3183 2788 3248 et
2839 3174 2977 3248 infra
3023 3193 3036 3230 :
3082 3174 3319 3248 Epadent
3357 3176 3428 3231 ad

1824 3250 1995 3319 majus
2021 3244 2232 3319 malum.
2268 3244 2406 3316 Epit.
2440 3260 2490 3300 c.
2519 3246 2594 3319 61Δ
2619 3264 2631 3297 :
2661 3244 2899 3319 Indead
2924 3244 3167 3319 immania
3191 3248 3427 3319 [ncinora

1827 3315 2115 3388 prosilitur;
2143 3315 2341 3387 ubique
2369 3332 2497 3372 vero
2526 3316 2751 3388 adtnon
2784 3318 2874 3388 in,
2906 3326 2963 3370 ut
2992 3318 3043 3371 in
3077 3315 3269 3388 Parrh.
3302 3318 3430 3373 dici-

1829 3385 1949 3454 tur;
1980 3390 2104 3445 hinc
2133 3390 2214 3443 bis
2239 3385 2331 3442 lib.
2359 3401 2584 3460 vt,_cap.
2613 3386 2668 3452 5,
2693 3397 2757 3441 et
2782 3386 2874 3441 lib.
2904 3403 2979 3454 vr,
3013 3402 3133 3457 cap.
3178 3385 3244 3441 18
3268 3405 3280 3440 :
3308 3406 3429 3460 pro-

1824 3460 1965 3516 silire
1993 3462 2063 3513 ad
2095 3461 2401 3514 nocendum.
2434 3457 2567 3517 BUN.
2874 3467 2887 3480 '

1895 3550 2199 3606 Illtesibilis.
2233 3550 2371 3605 Rara
2396 3565 2519 3614 vox,
2549 3546 2937 3621 quam_n_ullibi
2954 3550 3206 3621 reperire
3249 3551 3424 3621 potui.
3492 3582 3497 3587 ι

1826 3653 1898 3665 --
1924 3623 2142 3692 Legitur
2167 3622 2311 3691 apud
2360 3618 2665 3675 Buneman.
2705 3618 3062 3692 llle__stabilis
3081 3661 3102 3692 ._
3126 3630 3182 3676 et
3208 3618 3267 3675 in
3288 3622 3427 3676 banc

1827 3689 2126 3748 variatitem
2158 3689 2337 3747 notam
2362 3702 2679 3760 sequentem
2707 3689 2957 3745 exhibet:
2979 3721 3050 3731 —
3072 3690 3178 3744 Ille
3201 3693 3420 3746 stabilis.

1828 3764 2031 3820 Omnes
2073 3763 2369 3829 editiones,
2402 3759 2711 3815 illwsibilis:
2748 3762 2911 3814 etiam
2959 3759 3070 3814 duo
3114 3760 3425 3826 Guellcrb.,

1828 3834 2119 3897 illaesibilis,
2165 3844 2221 3888 et
2264 3828 2508 3900 sequitur
2549 3830 2710 3885 laesio.
2759 3828 3018 3894 Suspecta
3049 3830 3179 3885 mihi
3221 3833 3426 3888 dudum

1827 3907 1942 3960 visa
1968 3920 2068 3958 vox
2110 3902 2402 3969 illwsibilis,
2432 3918 2534 3971 qua
2560 3900 2697 3971 alibi
2711 3914 2932 3971 semper
2957 3902 3253 3968 abstinuit;
3282 3904 3429 3959 unde

1829 3991 1880 4031 c.
1915 3976 2014 4029 l7:
2047 3973 2197 4028 Nihil
2221 3983 2314 4039 est,
2337 3968 2474 4043 quod
2501 3973 2546 4027 ei
2572 3968 2729 4043 (Deo)
2761 3971 2866 4043 vim
2894 3974 3068 4043 possit
3094 3973 3338 4035 inferre;
3370 3983 3427 4029 ct

1829 4062 1882 4101 c.
1910 4047 1972 4101 5:
2004 4046 2092 4115 qui
2122 4044 2242 4099 laedi
2274 4040 2381 4098 non
2424 4051 2618 4111 potest.
2651 4040 2868 4115 optime
2896 4040 3031 4115 hinc
3077 4042 3219 4098 ratio
3264 4044 3431 4115 alteri

1829 4110 2100 4187 sequenti,
2128 4116 2249 4185 quia
2272 4110 2475 4187 fragilis
2500 4122 2593 4176 est,
2621 4112 2931 4187 apponitur.
2962 4110 3185 4187 Ita_eap.
3223 4114 3292 4187 1,5
3318 4133 3330 4167 :
3361 4114 3428 4169 In

1832 4182 2103 4242 homine...
2125 4182 2249 4258 quia
2261 4182 2282 4258 θ’
2300 4182 2502 4258 fragilis
2528 4192 2588 4258 et»
2606 4182 2836 4258 mortalis
2864 4194 3006 4258 est...
3034 4184 3090 4258 in
3115 4182 3224 4239 Deo
3248 4186 3429 4258 locum

1830 4275 1938 4314 non
1971 4254 2151 4324 habet,
2183 4254 2309 4327 quia
2334 4267 2389 4311 et
2418 4254 2678 4326 fragilitas
2698 4255 3103 4327 etinteritusab
3129 4270 3195 4310 eo
3216 4256 3431 4312 alienus

1831 4341 1984 4385 est...
2012 4329 2101 4398 qui
2128 4324 2326 4396 semper
2356 4324 2558 4398 futurus
2584 4337 2680 4390 est,
2712 4325 2763 4378 id
2790 4334 2897 4390 est,
2926 4324 3139 4398 stabilis
3167 4336 3272 4398 est.
3323 4327 3428 4381 Ea-

1834 4402 1955 4455 dem
2003 4395 2273 4468 uppositio
2315 4395 2409 4453 lib.
2444 4414 2477 4451 v
2508 4396 2773 4468 Institut.,
2826 4410 2947 4468 cap.
2989 4395 3425 4468 ‘2I_;”Corpus...

113 4451 293 4543 turita
325 4451 609 4545 Lipsius}
648 4471 844 4545 nempe
871 4458 924 4510 in
956 4456 1041 4521 iis,
1089 4469 1280 4545 qtae-t2
1328 4451 1607 4545 Lactantio
1638 4468 1722 4507 re-

1835 4451 2400 4545 imbecillurm,fragile,
2432 4466 2732 4545 mortal_e..._
2748 4451 2953 4545 animus
2972 4465 3171 4545 stqbilis
3209 4451 3433 4522 et'cons-

108 4532 373 4598 ponimus.
398 4522 475 4586 Ἐι
508 4530 613 4585 lib.
648 4543 684 4582 ιι
714 4522 792 4581 (16
821 4525 924 4590 Ira,
953 4540 1072 4594 cap.
1104 4527 1159 4591 5,
1188 4524 1262 4577 ait
1294 4541 1313 4598 :_
1338 4522 1457 4598 Ira
1479 4534 1553 4576 est
1601 4539 1723 4577 con-

106 4594 274 4656 citatio
324 4603 498 4657 animi
530 4601 606 4654 ad
636 4599 883 4652 ultionem
926 4599 1186 4651 voluntate
1223 4604 1266 4649 et
1285 4594 1489 4665 judicio
1513 4609 1724 4664 pergen-

108 4672 466 4816 ωλιὲῗωξάι
526 4738 656 4865 ait;
713 4737 1043 4794 Posidonius.
1105 4735 1333 4805 Siclcgo
1386 4749 1509 4789 cum
1558 4732 1722 4789 Lam-

108 4814 256 4865 bino-
313 4813 605 4865 Gothorre
648 4826 716 4865 o.
770 4808 1032 4865 Francia.
1082 4806 1310 4865 aliisque
1347 4804 1521 4859 doctis
1563 4806 1722 4865 viris:

648 4826 716 4875 os

104 4814 256 4877 bino,
313 4804 716 4875 G'othol'retlo,
770 4808 1032 4874 Francia,
1082 4804 1310 4876 aliisque
1347 4804 1535 4877 doctis
1563 4806 1724 4877 viris;

104 4901 204 4941 tton
230 4874 627 4946 Possidonius,
656 4874 716 4935 nt
740 4881 793 4935 in
819 4894 951 4933 mss.
980 4887 1036 4936 et
1072 4874 1237 4932 editis
1260 4875 1480 4931 nostris.
1509 4874 1729 4946 Posido-

100 4958 236 5020 nius,
259 4958 409 5013 forte
438 4973 470 5010 a
501 4951 789 5013 Ποσείδων.
818 4950 1117 5019 Neptunus,
1149 4949 1223 5002 ait
1250 4946 1604 5002 Francius.——
1624 4945 1730 5000 Bu-

100 5041 316 5082 neman.
348 5043 497 5083 vero
531 5025 703 5078 habet
728 5040 740 5074 :
765 5021 888 5088 Aut,
920 5029 977 5073 ut
995 5021 1088 5085 ait,
1114 5028 1168 5073 et
1205 5028 1385 5088 notam
1416 5026 1728 5086 sequentem

96 5097 320 5154 exhibet
338 5094 669 5161 :-—Goth.,
696 5087 1374 5161 Lips.,Reimm.,etedit_i
1398 5088 1727 5152 :Alii,utait,

96 5170 255 5235 Pen.,
291 5169 416 5235 Vel,
447 5177 515 5221 ut
550 5158 915 5228 ait.'Boiton.,
944 5160 1162 5235 ΆιιιηιιιΔ
1192 5160 1283 5213 ait.
1332 5158 1481 5235 llunc
1511 5171 1725 5226 sequor.

95 5228 288 5293 Posset
314 5228 511 5294 tamen
544 5251 657 5289 vox
688 5234 779 5288 alii
799 5248 1011 5303 quoque
1039 5232 1126 5288 hic
1152 5232 1326 5303 locnm
1360 5228 1593 5303 habere;
1621 5243 1729 5283 non

93 5322 303 5366 tantum
334 5310 497 5367 enim
532 5299 886 5366 Posidonius,
918 5299 1013 5358 sed
1039 5303 1202 5357 etiam
1225 5300 1373 5354 Zeno
1400 5299 1555 5365 dixit,
1589 5308 1728 5355 teste

92 5380 345 5454 laertia:
371 5380 580 5454 Ὀργῆν
602 5377 871 5454 ἐπιθρμίαν
894 5372 1340 5454 τιμωρίας.ΛΒυιη.

131 5451 339 5577 liram.
365 5439 625 5507 Αιίίέιυι.
655 5461 694 5501 ιι
723 5439 973 5512 ιὶιιθιοι·.’,
1007 5439 1126 5514 c'ap.
1165 5442 1222 5507 2,
1255 5452 1310 5497 et
1347 5439 1487 5511 apud
1528 5439 1727 5496 Senec.

93 5539 412 5593 unsupra.
490 5590 509 5593 4
784 5586 800 5593 _
944 5585 957 5593 _
1025 5584 1050 5593 Δ
1147 5584 1159 5593 _
1257 5584 1269 5593 _
1369 5582 1469 5593 _M
1676 5581 1727 5593 ,Δ

165 5581 406 5661 Iniusta.
459 5590 609 5647 Haec
640 5585 996 5661 voxndeestin
1020 5584 1054 5640 8
1074 5582 1472 5661 vulgatisetjﬁ
1494 5594 1625 5661 mss.
1660 5581 1734 5661 At

87 5654 247 5723 extat
278 5668 336 5720 itt
374 5658 787 5719 vetustissimis
837 5661 858 5712 l
898 5657 1136 5722 Bonum,
1182 5654 1532 5722 Regio-PUL,
1566 5654 1595 5706 1
1652 5654 1727 5723 al.

87 5722 255 5807 lteg.,
284 5737 324 5793 2
349 5735 568 5807 Colb.1
592 5729 776 5807 Ba_l_nz.
797 5728 1109 5807 διέξιθι-οη).
1144 5726 1397 5807 in_m:_t‘rg._
1427 5737 1639 5807 necnon
1674 5722 1730 5778 in

89 5794 519 5881 ediiisThom.,
543 5794 626 5860 Is.
640 5798 850 5874 ,Thys.,
866 5797 1032 5869 Gall.,
1054 5794 1516 5871 Spark.,Walch.,
1537 5804 1731 5870 estque

1830 4553 1944 4596 tans
1965 4553 2010 4595 et
2039 4536 2332 4610 perpetuus.
2360 4538 2555 4595 lterum
2598 4537 2667 4592 de
2700 4538 2810 4591 Deo
2838 4536 2940 4610 lib.
2960 4552 3013 4610 vt
3036 4536 3272 4610 Institut.
3302 4554 3423 4607 cap.

1832 4614 1932 4668 45:
1966 4607 2199 4667 (lt-idem
2226 4610 2418 4681 (Deus)
2445 4611 2513 4681 sit
2540 4624 2740 4676 semper
2768 4617 2814 4681 et
2842 4607 3078 4681 stabilis,
3103 4609 3432 4681 et_i_mmuta-

1830 4685 1970 4750 bilis,
2006 4692 2054 4737 et
2082 4677 2437 4735 inconcussus.
2467 4678 2547 4734 Ne
2579 4689 2755 4732 tamen
2784 4678 2954 4732 lexica
3009 4677 3214 4750 aliquid
3257 4680 3430 4750 detri-

1829 4747 1999 4809 menti
2027 4754 2242 4822 capiant
2272 4752 2573 4822 proseripta
2613 4750 2716 4804 hac
2758 4763 2914 4812 voce,
2958 4763 3118 4822 quam
3146 4747 3432 4822 Walchius

1830 4825 2067 4880 maxime
2096 4818 2292 4888 raram,
2324 4837 2411 4874 nec
2440 4820 2565 4874 alibi
2590 4834 2723 4888 eam,
2743 4834 2798 4871 se
2825 4818 3050 4886 potuisse
3090 4819 3312 4883 reperire
3347 4822 3433 4874 di-

1829 4897 1933 4958 cit,
1975 4895 2029 4948 in
2072 4887 2338 4947 Lactantii
2367 4894 2542 4946 locum
2568 4930 2585 4956 ,
2613 4887 2877 4959 sulliciam
2907 4888 3430 4959 Tertullianum,qui

1829 4956 1967 5021 dixit
1991 4965 2114 5019 adv.
2149 4962 2422 5018 Valentin.
2471 4978 2591 5031 cap.
2627 4960 2697 5015 27
2730 4976 2744 5013 :
2775 4956 2932 5013 Pater
2969 4958 3328 5026 impassibilis,
3355 4956 3431 5014 il-

1831 5035 2081 5090 lwsibilis.
2112 5034 2246 5089 Bon.

1898 5128 2079 5184 ‘Inurit
2116 5130 2252 5182 enim
2294 5127 2435 5181 laesio
2466 5126 2717 5180 dolorem.
2760 5123 2849 5180 Sic
2879 5122 3095 5180 restitui
3123 5137 3190 5179 ex
3231 5139 3364 5180 mss.
3396 5127 3430 5182 τί

1833 5201 1965 5269 Reg.
1983 5202 2212 5270 aliisque
2240 5212 2369 5270 mss.
2388 5198 2653 5270 plurimis,
2679 5205 2788 5251 vet.
2805 5194 2949 5270 edit.
2971 5194 3207 5270 Rom._et
3221 5193 3425 5270 Cellar.

1832 5272 1890 5326 In
1917 5264 1953 5327 Β
1980 5264 2195 5336 scriniis
2233 5280 2289 5325 et
2335 5264 2402 5322 Μ
2425 5268 2644 5322 excusis
2674 5276 2757 5322 est
2791 5265 2997 5320 lrritat.
3041 5264 3148 5321 Sed
3190 5277 3245 5321 et
3289 5267 3429 5325 infra

1831 5343 1991 5407 dixit,
2011 5342 2240 5395 dolorem
2268 5342 2508 5403 inureret,
2539 5354 2660 5409 cap.
2697 5338 2764 5391 18
2785 5340 2929 5409 circa
2961 5336 3104 5390 med.

1906 5401 2013 5466 Illa
2039 5414 2118 5465 ira
2134 5414 2303 5481 justo.
2327 5410 2455 5464 Mss.
2483 5401 2623 5464 tres:
2649 5424 2759 5463 rec.
2796 5408 3001 5461 addunt
3029 5401 3132 5475 qud
3160 5417 3430 5481 movetur;

1831 5484 1962 5539 Sal.
2006 5477 2260 5552 rechua:
2304 5490 2565 5547 movetur;
2606 5494 2740 5549 quas
2772 5493 2933 5532 voces
2975 5477 3427 5552 utpoteninntilcs

1832 5555 2085 5624 expunxi,
2114 5546 2167 5608 et
2194 5553 2436 5607 absunta
2464 5546 2677 5624 cieter'is
2707 5562 2851 5624 mss._
2868 5557 2922 5600 et
2948 5558 3057 5600 vet.
3101 5546 3233 5601 edit.
3263 5549 3425 5624 itaut.

1908 5618 2105 5692 Quibus
2141 5624 2233 5677 etsi
2263 5624 2449 5694 iudex.
2484 5623 2559 5674 lta
2599 5618 2942 5694 cunctinl‘ere
2980 5631 3110 5670 mss.
3159 5633 3223 5672 ac
3252 5620 3287 5673 2
3319 5632 3427 5677 vel.

1833 5688 1957 5753 edd'.
1993 5694 2045 5749 In
2065 5696 2099 5748 5
2122 5688 2341 5763 scriptis
2369 5706 2478 5746 rec.
2512 5700 2567 5744 et
2592 5690 2715 5743 aliis
2746 5688 2905 5743 editis
2934 5698 3019 5743 est
3042 5698 3109 5743 et.

1911 5784 1978 5845 Ut
2007 5785 2136 5843 servi
2166 5782 2332 5854 liberi,
2361 5790 2417 5838 ut
2448 5782 2722 5856 conjuges,
2750 5790 2795 5838 et
2822 5779 3085 5854 discipuli.
3111 5767 3431 5844 Distributio
