3970 6310
108 308 201 366 157

1370 294 1572 358 LIBER
1612 295 1699 357 DE
1736 295 1854 355 IRA
1898 298 2030 354 DEI.

3278 296 3385 357 l38

105 436 156 482 ut
185 422 440 479 Aristides
465 424 520 478 et
543 419 775 486 Timon,’
796 418 1089 490 cieterique
1106 416 1569 488 philosophorum,
1590 431 1680 472 ce-
1706 423 1760 481 Α
1784 416 1878 469 tim
1905 412 2093 469 debuit
2118 410 2410 475 vindicare,
2438 419 2492 467 et
2515 426 2611 481 pro
2636 411 2827 467 merito
2855 426 3123 483 quemque
3165 413 3381 482 punire.

104 519 251 576 detne
279 518 400 571 huic
426 518 664 586 impune,
694 514 839 584 quod
886 528 1008 568 cum
1032 514 1134 581 legi
1161 513 1252 566 Dei
1274 511 1682 581 obtemperarit,

105 613 263 681 ipsum
281 619 460 664 tamen
473 607 766 677 spreverit?
785 605 880 660 Est
893 605 1056 683 igitur
1070 602 1294 673 aliquid,
1316 613 1532 672 propter
1542 603 1683 672 quod

104 704 234 760 Deus
260 700 427 773 possit
458 699 640 764 irasci,
663 708 916 767 tanquam
945 696 1138 751 fiducia
1162 695 1480 766 integritatis
1498 693 1689 749 adver-

105 810 188 851 sus
209 809 326 848 eum
352 790 660 847 rebellanti.
714 790 770 845 Si
802 788 928 844 huic
957 796 1138 858 potest
1162 788 1319 842 irasci
1343 795 1565 856 propter
1593 799 1686 838 su-

108 886 349 958 perbiam,
381 898 481 938 cur
526 897 637 937 non
686 881 857 952 magis
908 879 1204 950 peccatori,
1231 878 1320 948 qui
1366 878 1537 947 legem
1566 891 1687 931 cum

109 981 213 1048 ipso
241 978 433 1049 pariter
461 977 635 1031 latore
662 973 1096 1044 contempserit?
1127 971 1300 1027 Judex
1332 971 1565 1042 peccatis
1593 986 1688 1025 vc.

109 1071 235 1125 niam
260 1068 388 1123 dare
438 1081 547 1121 non
600 1074 799 1136 potest,
833 1064 958 1135 quia
988 1063 1255 1118 voluntati
1282 1062 1450 1117 servit
1477 1062 1688 1115 alienae.

110 1164 236 1219 Deus
263 1170 439 1215 autem
468 1169 667 1230 potest,
695 1158 821 1227 quia
860 1167 946 1213 est
974 1156 1108 1227 legis
1138 1171 1251 1211 sua:
1281 1156 1398 1225 ipse
1423 1155 1696 1225 discepta-

108 1265 183 1311 tor
203 1264 257 1310 et
278 1254 439 1323 judex
469 1270 482 1306 :
512 1267 675 1321 quam
697 1265 821 1305 cum
854 1257 1100 1320 poneret,
1150 1263 1256 1301 non
1280 1247 1467 1316 utique
1493 1243 1697 1299 ademit

108 1346 199 1403 sibi
228 1358 440 1401 omnem
497 1351 845 1414 potestatem,
870 1338 967 1395 sed
996 1338 1159 1394 habet
1184 1334 1499 1409 ignoscendi
1530 1334 1697 1389 licen-

109 1439 241 1494 tiam.
884 1434 901 1447 '

699 1523 929 1581 CAPUT
969 1521 1093 1577 XX.

421 1618 505 1674 De
534 1619 762 1691 peccatis
787 1625 833 1671 et
858 1615 952 1671 Dei
980 1614 1356 1670 misericordia.

173 1737 224 1793 Si
258 1743 435 1808 potest
483 1735 792 1802 ignoscere,
848 1740 1026 1800 potest
1068 1730 1230 1800 igitur
1280 1739 1333 1784 et
1384 1726 1704 1784 irasci.Cur

113 1844 252 1899 ergo,
283 1827 487 1898 inquiet
546 1825 769 1893 aliquis,
802 1832 856 1877 et
911 1822 1003 1893 qui
1050 1830 1295 1892 peccant,
1327 1837 1472 1892 smpe
1517 1821 1700 1875 felices
1730 1810 1778 1870 Β

111 1931 237 1989 sunt,
266 1932 318 1977 et
346 1920 435 1990 qui
468 1920 560 1990 pie
591 1920 805 1983 vivunt,
830 1931 976 1986 sche
1005 1916 1226 1972 miseri?
1254 1916 1386 1985 Quia
1419 1915 1622 1986 fugitivi
1647 1924 1702 1970 et

113 2013 320 2069 abdicati
349 2012 518 2066 libere
540 2010 753 2071 vivunt,
785 2016 844 2063 et
867 2009 958 2078 qui
980 2008 1081 2061 sub
1102 2008 1382 2077 disciplina
1402 2009 1589 2079 patris,
1608 2017 1703 2063 aut

113 2104 297 2160 domini
329 2110 474 2168 sunt,
510 2101 759 2156 strictius
787 2106 846 2154 et
891 2098 1172 2169 frugalius.
1209 2097 1391 2153 Virtus
1436 2098 1579 2152 enim
1608 2114 1704 2167 per

117 2195 239 2251 mala
264 2205 316 2250 et
344 2194 636 2265 probatur,
666 2201 721 2246 et
768 2200 1012 2254 constat;
1068 2190 1194 2244 vitia
1225 2206 1320 2260 per
1348 2190 1698 2260 voluptatem.

116 2286 213 2343 Nec
237 2298 409 2342 tamen
438 2285 532 2340 ille
566 2286 659 2355 qui
691 2291 896 2354 peccat,
928 2297 1150 2353 sperare
1175 2281 1338 2338 debet
1389 2292 1702 2353 perpetuam

119 2380 491 2450 impunitatem,
518 2377 652 2447 quia
677 2376 819 2429 nulla
847 2386 929 2430 cst
968 2382 1224 2446 perpetua
1257 2374 1485 2431 felicitas
1516 2393 1528 2429 :

609 2488 709 2536 Sed
735 2488 923 2537 scilicet
943 2486 1108 2536 ultima
1134 2500 1337 2550 semper

345 2551 674 2616 Expectanda
696 2551 805 2599 dies
828 2550 1010 2598 homini
1030 2565 1043 2612 ;
1065 2550 1263 2616 dicique
1290 2553 1465 2602 beatus

343 2611 470 2665 Ante
489 2615 685 2663 obitum
707 2624 853 2660 nemo
870 2611 1200 2673 supremaque
1224 2611 1399 2661 funera
1421 2615 1593 2664 debet.

623 2673 809 2733 (Ovtn.,
838 2672 1058 2733 Metam,
1082 2672 1168 2723 lib.
1190 2690 1259 2734 ιιι,
1285 2687 1415 2725 vers.
1451 2675 1586 2738 155.)
1678 2730 1685 2737 ,

122 2790 174 2836 ιιι
195 2781 265 2836 ait
291 2791 450 2852 poeta
482 2796 601 2835 non
623 2780 886 2835 insuavis.
920 2778 1110 2834 Exitus
1154 2789 1256 2848 est,
1288 2781 1377 2852 qui
1401 2784 1575 2854 arguit
1601 2784 1717 2840 feli-

121 2874 357 2940 citatem;
390 2887 445 2930 et
475 2889 645 2929 nemo
684 2868 950 2942 judicium
984 2873 1076 2927 Dei
1106 2882 1299 2943 potest,
1329 2889 1430 2929 nec
1457 2878 1614 2931 vivus
1644 2878 1720 2932 ef-

123 2966 303 3037 fugere,
336 2982 434 3022 nec
478 2975 754 3020 mortuus.
806 2963 981 3019 Habet
1007 2966 1150 3019 enim
1181 2975 1525 3035 potestatem,
1549 2979 1606 3023 et
1637 2970 1720 3024 vi-

126 3071 212 3113 vos
240 3058 579 3127 przecipitare
626 3056 693 3110 de
724 3070 960 3119 summo,
994 3064 1049 3111 et
1078 3067 1322 3112 mortuos
1362 3060 1581 3114 :cternis
1606 3060 1725 3115 affi-

1787 505 2001 561 Atenim
2049 504 2095 558 si
2143 503 2195 557 id
2255 502 2471 567 faceret,
2526 517 2687 558 nemo
2728 511 3059 572 superesset.
3088 501 3278 558 Nullus
3303 513 3388 559 est

1787 597 1953 659 enim,
1972 594 2063 665 qni
2090 593 2219 648 nihil
2248 602 2433 663 peccet
2455 610 2470 658 ;
2490 602 2546 648 et
2571 594 2736 648 multa
2763 601 2908 658 sunt,
2933 609 3052 662 quae
3079 594 3145 648 ad
3164 609 3390 664 peccan-

1788 687 1914 743 dum
1937 687 2177 751 irritent;
2206 693 2361 750 aetas,
2391 684 2705 747 vinolentia,
2727 693 2958 754 egestas,
2980 686 3216 750 occasio,
3249 700 3389 754 pra:-

1790 778 1979 832 mium.
2014 776 2163 830 Adeo
2189 775 2428 844 subjecta
2482 785 2565 829 est
2616 785 2837 843 peccato
2888 775 3149 844 fragilitas
3182 777 3386 843 carnis,

1792 883 1894 939 qua
1942 867 2111 922 induti
2156 881 2362 932 sumus,
2394 876 2451 919 ut
2478 866 2579 920 nisi
2616 866 2739 920 huic
2770 866 3078 920 necessitati
3104 868 3241 921 Deus
3272 882 3400 937 par—

1792 968 1961 1025 ceret,
1993 958 2214 1013 nimium
2269 956 2500 1011 fortasse
2527 956 2679 1026 pauci
2701 957 2945 1012 viverent
2970 976 2980 1009 :
3007 966 3224 1027 propter
3255 959 3396 1015 hanc

1794 1065 2012 1106 causam
2063 1049 2485 1119 patientissimus
2514 1058 2619 1115 est,
2651 1058 2707 1103 et
2762 1048 2897 1103 iram
2928 1064 3077 1103 suam
3133 1049 3405 1106 continet.

1792 1142 1928 1197 Nam
1959 1141 2080 1211 quia
2106 1140 2341 1211 perfecta
2369 1150 2453 1195 est
2488 1141 2540 1195 in
2586 1155 2653 1195 eo
2700 1140 2890 1203 virtus,
2927 1155 3149 1197 necesse
3195 1150 3278 1197 est
3305 1157 3401 1212 pa-

1800 1236 2040 1291 tientiam
2071 1248 2283 1305 quoque
2307 1234 2424 1303 ejus
2445 1249 2566 1290 esse
2589 1235 2902 1305 perfectam,
2930 1251 3050 1305 quae
3073 1246 3126 1290 et
3153 1236 3265 1307 ipsa
3290 1236 3399 1290 vir-

1800 1336 1888 1381 tus
1909 1336 2011 1380 est.
2032 1324 2205 1393 Quam
2253 1326 2407 1380 multi
2454 1342 2521 1380 ex
2575 1326 3102 1396 peccatoribusjusti
3133 1328 3404 1398 posterius

1801 1417 1981 1474 effecti
2013 1428 2157 1483 sunt,
2188 1434 2253 1473 ex
2285 1418 2441 1474 malis
2465 1418 2615 1484 boni,
2646 1433 2712 1473 ex
2740 1419 3007 1489 improbis
3027 1421 3389 1475 continentes!

1802 1525 1962 1581 quam
1990 1508 2141 1564 multi
2197 1510 2248 1563 in
2282 1511 2452 1579 prima
2480 1519 2641 1564 aetate
2670 1521 2876 1581 turpes,
2904 1520 2958 1565 et
2986 1514 3224 1565 omnium
3252 1512 3403 1580 judi-

1804 1602 1890 1658 cio
1919 1601 2178 1668 damnati,
2202 1600 2538 1671 postmodum
2560 1611 2737 1659 tamen
2767 1603 3063 1658 laudabiles
3084 1606 3399 1660 extiterunt!

1805 1695 1959 1763 Quod
1983 1696 2162 1766 utique
2198 1712 2304 1750 non
2336 1695 2507 1761 fieret,
2537 1696 2582 1750 si
2625 1711 2783 1752 omne
2828 1707 3103 1766 peccatum
3138 1713 3292 1767 poma
3321 1712 3409 1753 se-

1809 1790 2083 1859 queretur.

1876 1881 2048 1951 Leges
2082 1880 2305 1950 publica:
2333 1882 2649 1935 manifestos
2680 1896 2803 1937 reos
2830 1881 3085 1936 damnant
3118 1900 3129 1935 :
3160 1884 3253 1937 sed
3282 1883 3405 1954 plu-

1800 1956 1924 2029 rimi
1956 1981 2101 2037 sunt,
2136 1988 2365 2043 quorum
2399 1982 2620 2042 peccata
2650 1975 3007 2039 occuluntur;
3040 1975 3280 2043 plurimi,
3313 1976 3407 2046 qui

1804 2064 2101 2119 delatorem
2133 2064 2495 2133 comprimunt
2522 2105 2536 2128 ,
2566 2072 2658 2118 aut
2685 2064 2937 2134 precibus
2962 2104 2977 2128 ,
3008 2074 3098 2119 aut
3141 2066 3400 2135 praemio;

1806 2158 2022 2229 plurimi
2049 2198 2063 2221 ,
2094 2157 2405 2227 quijudicia
2435 2157 2657 2212 eludunt
2685 2173 2779 2227 per
2800 2159 3025 2228 gratiam
3052 2200 3065 2224 ,
3100 2159 3183 2212 vel
3217 2168 3409 2228 poten-

1810 2249 1959 2303 tiam.
2003 2247 2154 2315 Quod
2188 2246 2233 2301 si
2276 2263 2370 2303 eos
2396 2263 2607 2313 omnes,
2645 2248 2737 2316 qui
2770 2249 3056 2304 humanam
3088 2266 3298 2320 plenam
3326 2249 3410 2307 ef-

1808 2338 2035 2409 fugiunt,
2077 2353 2305 2393 censura
2336 2338 2518 2393 divina
2564 2338 2869 2405 damnaret,
2919 2350 3065 2395 esset
3108 2341 3271 2394 homo
3320 2351 3416 2397 aut

1810 2444 1990 2492 rarus,
2023 2439 2115 2484 aut
2143 2430 2305 2484 etiam
2334 2429 2514 2484 nullus
2538 2430 2589 2483 in
2623 2441 2789 2484 terra.
2823 2430 3060 2501 Denique
3086 2432 3166 2486 vel
3198 2447 3298 2486 una
3326 2431 3419 2488 illa

1810 2535 1975 2574 causa
2016 2518 2235 2574 delendi
2276 2518 2494 2588 generis
2544 2517 2762 2572 humani
2787 2519 2929 2585 justa
2979 2534 3102 2573 esse
3126 2520 3420 2589 potuisset,

1814 2611 1957 2682 quod
1997 2611 2266 2676 homines,
2299 2620 2614 2679 contempto
2639 2609 2751 2664 Deo
2777 2612 2917 2676 vivo,
2958 2612 3187 2665 terrenis
3218 2610 3421 2681 fragili.

1820 2704 2027 2772 busque
2070 2702 2340 2771 figmentis
2384 2701 2646 2755 honorem
2691 2701 2933 2756 divinum
2972 2709 3225 2771 tanquam
3256 2702 3421 2759 caele-

1820 2794 1991 2850 stibus
2018 2793 2288 2856 deferunt,
2320 2792 2608 2847 adorantes
2652 2806 2816 2862 opera
2852 2791 3099 2846 humanis
3131 2792 3311 2860 digitis
3344 2793 3425 2848 la-

1824 2887 2027 2941 borata.
2061 2886 2303 2954 Cumque
2335 2885 2454 2938 illos
2483 2884 2622 2939 Deus
2644 2884 2862 2950 artifex,
2893 2899 2988 2939 ore
3014 2885 3254 2949 sublimi,
3282 2897 3427 2942 statu

1826 2987 1975 3031 recto
2008 2974 2287 3046 figuratos,
2318 2975 2384 3029 ad
2412 2975 2926 3046 contemplationem
2957 2976 3081 3032 caeli
3110 2987 3163 3031 et
3183 2978 3426 3033 notitiam

1832 3068 1925 3123 Dei
1957 3069 2291 3135 excitaverit,
2321 3073 2547 3123 curvare
2586 3082 2646 3121 se
2672 3067 2738 3125 ad
2771 3078 2971 3122 terram
3003 3069 3313 3124 maluerunt
3336 3085 3432 3141 pe~

126 3150 607 3207 cerecruciatihus.
642 3147 778 3213 lino,
814 3148 1008 3219 inquit,
1040 3148 1085 3203 si
1121 3149 1374 3205 irascitur
1400 3144 1562 3217 Deus,
1608 3166 1720 3210 sta-

1832 3161 2019 3216 cudum
2048 3161 2227 3215 modo.
2264 3160 2489 3216 lltttuilis
2506 3160 2673 3223 enim,
2695 3168 2749 3214 et
2776 3174 2994 3224 curvus,
3018 3169 3073 3216 et
3101 3176 3304 3229 pronus
3320 3171 3425 3228 est,

1430 3288 1794 3351 VARIORUM
1834 3296 2069 3352 NOTAE.
2092 3319 2102 3328 -

130 3450 256 3506 Orat.
278 3451 367 3521 32,
395 3467 496 3521 pro
547 3449 632 3521 PL
652 3447 841 3521 Sextio
868 3461 920 3521 n_.
958 3442 1099 3521 Ml:
1128 3445 1191 3501 Si
1217 3444 1358 3513 apud
1389 3444 1719 3505 Athenienses

133 3516 566 3577 homincs'ercos
588 3518 987 3590 Themistoclem
1013 3516 1161 3590 illum
1190 3528 1597 3590 conservatorem
1628 3539 1723 3590 pa-

133 3595 230 3647 trie
252 3609 347 3647 non
374 3592 702 3648 deterruit...
739 3587 980 3641 Aristidis
1009 3588 1157 3657 fuga,
1188 3587 1277 3655 qui
1313 3604 1443 3640 unus
1495 3587 1724 3644 omnium

130 3665 465 3737 iunctissimus
503 3663 674 3731 fuisse
723 3659 1015 3713 traditur...
1049 3658 1325 3737 prapositis
1378 3666 1451 3713 tot
1478 3662 1725 3732 exemplis

134 3736 411 3800 iracundia,
443 3747 555 3788 etc.

198 3803 258 3858 Et
287 3798 487 3859 Timon.
520 3802 654 3859 Fuit
684 3798 948 3855 Cicerone
975 3807 1113 3856 teste
1140 3798 1303 3855 etiam
1353 3800 1723 3868 Atheniensis,

136 3875 327 3931 Laertia
353 3878 434 3930 vir
457 3874 632 3944 frugi,
667 3869 971 3944 solitudinis
1003 3868 1369 3944 et_hortort_tm
1399 3887 1606 3944 amans,
1632 3872 1726 3927 ho-

138 3947 318 4000 minam
346 3961 496 4002 osor,
532 3937 672 4012 Ejus
702 3941 843 3996 dicta
870 3940 1034 4012 refert
1057 3937 1248 3995 Cicero
1264 3941 1490 4012 iTttSCul.
1525 3943 1726 4012 Quaest.

138 4016 218 4071 lib.
238 4034 309 4081 tv,
335 4036 389 4072 n.
417 4018 494 4073 ‘25
516 4011 587 4069 ct’
609 4012 702 4078 ‘27,
721 4027 785 4067 ac
815 4012 882 4065 de
904 4011 1149 4081 Amicitia
1177 4029 1229 4064 ιι.
1252 4011 1341 4066 87.
1362 4012 1527 4066 Abest
1547 4011 1730 4067 Timon

138 4089 196 4141 ab
220 4089 278 4143 ll
300 4080 440 4143 mss.
468 4097 525 4142 et
556 4086 598 4139 '5
626 4082 751 4136 Cdti.
781 4084 885 4154 Alii
904 4082 1091 4135 volunt
1116 4080 1259 4136 hunc
1291 4084 1455 4137 fuisse
1484 4083 1731 4154 Philigis-

140 4173 265 4231 mum
290 4157 603 4231 Pyrrhonis
634 4153 976 4231 discipulum:

203 4228 265 4283 Ut
291 4221 544 4284 Aiistides
598 4234 647 4277 et
689 4221 889 4277 Cimon.
946 4222 1094 4278 Unus
1135 4221 1280 4286 Vah,
1334 4223 1480 4286 Ald.,
1532 4222 1731 4291 Crat..,

141 4300 344 4369 Gymn.,
368 4299 524 4363 Fas.,
550 4295 790 4369 GryphL,
818 4293 1172 4369 Tiirn.,_|}et.,
1205 4292 1567 4369 Paris._156l,
1591 4295 1735 4355 Tbo-

142 4362 285 4438 tuas.,
313 4362 517 4438 Thvs.,
541 4362 719 4438 Galli,
742 4365 963 4435 Sprtrk.,
986 4362 1179 4438 Iimon
1206 4364 1539 4438 :_Siquitlcm_
1559 4368 1608 4419 in
1639 4382 1735 4420 an-

1822 3453 1857 3505 2
1888 3452 2094 3506 Bonan.
2120 3462 2171 3506 et
2194 3452 2312 3506 aliis
2337 3451 2391 3516 5,
2425 3450 2735 3513 rebellante;
2768 3449 2820 3504 in
2851 3450 3102 3505 omnibus
3133 3451 3245 3507 fere
3275 3453 3435 3510 editis

1827 3533 1908 3579 est
1932 3522 2234 3576 rebellandi.
3058 3568 3070 3587 Α

1904 3592 2076 3647 Potest
2092 3595 2251 3663 igitur
2268 3600 2313 3645 et
2336 3592 2509 3645 irasci.
2539 3589 2629 3663 Sic
2656 3589 2777 3659 lego
2786 3604 2912 3663 cum
2930 3606 3058 3663 mss.
3087 3590 3433 3663 Regio-Pun.

1828 3664 1863 3719 4
1887 3665 1959 3718 al.
1992 3659 2151 3729 Regi,
2190 3664 2226 3716 ‘2
2257 3663 2407 3721 Colb.
2435 3705 2451 3729 ,
2506 3662 2718 3723 Bnluz.,
2774 3659 3011 3714 Clarum.
3043 3659 3449 3729 lua'Bonon.,-

1828 3734 1987 3793 Tax..
2018 3738 2038 3788 l
2072 3731 2251 3797 Colb.,
2283 3744 2338 3788 et
2363 3734 2449 3788 ed.
2480 3732 2545 3786 ls.
2578 3731 2732 3801 deest
2753 3731 2934 3801 igitur,-
2960 3734 3009 3783 iu
3041 3732 3268 3801 vulgatis
3293 3735 3437 3800 desi-

1831 3806 2049 3859 deratur
2076 3818 2142 3859 et.
2187 3805 2310 3857 Mss.
2345 3806 2363 3855 l
2404 3804 2560 3871 Ηυξ..
2677 3800 2926 3871 (Ζοιιιηὲ
2974 3800 3149 3871 Lips,
3174 3803 3340 3860 Brun.
3381 3817 3447 3863 et

1834 3874 1957 3930 edd.
1989 3876 2145 3929 Rom.
2178 3873 2341 3932 1420.
2371 3870 2529 3934 14ῖᾶ,
2581 3870 2812 3936 ’l‘ridiu.,
2847 3870 3093 3927 Floreat.
3126 3874 3348 3943 legunt:
3373 3876 3437 3932 Si

1837 3956 1994 4014 potest
2017 3947 2173 4013 igitur
2198 3944 2376 4007 irasci,
2398 3960 2491 3996 cur
2512 3944 2671 4014 ergo?

1909 4016 2164 4069 Abdicati.
2196 4014 2251 4069 Id
2282 4024 2363 4068 est
2384 4013 2659 4083 repudiati.

1913 4086 2014 4153 Qui
2039 4086 2207 4157 arguit
2241 4084 2642 4157 felicitatemtl‘d
2678 4095 2785 4157 est
2815 4085 3171 4146 demonstrat,
3224 4088 3434 4155 probat.

1838 4154 2110 4211 Minucius
2159 4154 2357 4219 Felix.,
2388 4170 2507 4224 cap.
2555 4155 2646 4209 36.
2678 4154 2731 4208 In
2763 4156 2852 4209 lin.
2891 4174 2902 4207 :
2939 4158 3116 4226 itaque
3149 4167 3204 4210 ut
3227 4154 3438 4215 ’aurttut

1842 4228 2075 4296 ignibus,
2105 4227 2182 4281 sic
2204 4241 2301 4280 nos
2325 4225 2725 4297 discriminilms
2751 4225 3046 4294 arguimur.
3073 4225 3440 4297 Hieronymus

1842 4295 1997 4365 epist.
2046 4300 2112 4352 ad
2161 4295 2715 4353 Paulamthumilitas
2746 4299 2972 4350 vestium
3019 4314 3124 4351 nou
3167 4295 3441 4356 tumentes

1842 4369 2054 4423 animos
2078 4368 2352 4437 arguebat.
2556 4436 2563 4437 ί
3159 4368 3290 4423 Buu.

144 4433 444 4510 tiquissimis
486 4433 630 4494 mss.
666 4433 869 4490 Bounn.
907 4444 960 4510 et
985 4433 1208 4488 Taurin.
1239 4433 1406 4510 forma
1440 4436 1734 4510 majuscula
1761 4440 1816 4499 D
1922 4433 2234 4493 Vinoleniia.
2268 4437 2353 4510 lta_
2374 4436 2654 4510 emendavi
2685 4453 2751 4510 οξ
2778 4438 3032 4510 omnibus
3058 4437 3169 4510 [ere
3198 4440 3439 4510 mssain-

146 4506 426 4568 litterarum
460 4529 489 4563 c
520 4520 576 4561 et
608 4518 626 4561 t
660 4506 1048 4574 prepemodum
1074 4521 1177 4558 una
1227 4517 1280 4559 et
1308 4506 1495 4560 eadem
1524 4518 1625 4561 cst.
1660 4508 1736 4561 De

146 4584 362 4639 Aristide
376 4583 527 4637 clare
543 4578 729 4646 Nepos
751 4576 802 4630 in
827 4576 1080 4640 Aristide,
1104 4591 1222 4644 cap.
1249 4575 1286 4628 2
1308 4593 1320 4627 :
1354 4576 1604 4631 Memoria
1628 4580 1738 4647 ejus

144 4655 337 4711 institit:
358 4664 402 4707 et
429 4649 695 4721 atquitatis
718 4657 767 4721 et
786 4648 1087 4721 innocentia:
1108 4647 1568 4721 multa._EjnS(lern
1580 4648 1739 4721 justi-

149 4716 593 4780 tiamlactaut'ius
612 4720 704 4773 lib.
732 4720 809 4773 ιιι.
841 4732 889 4770 c.
926 4717 1012 4783 l9,
1032 4716 1392 4770 commendat.
1421 4718 1556 4771 Aild.
1579 4716 1740 4774 lih.vt

148 4793 388 4860 Institut.,
420 4808 548 4860 cap.
584 4791 639 4844 6.
676 4788 742 4843 Ut
785 4802 916 4860 vero
946 4788 1321 4860 emendarem,
1373 4786 1573 4849 Cimon,
1616 4788 1743 4845 fecit

151 4867 292 4930 plane
317 4858 596 4932 genuinus
628 4861 777 4914 locus
811 4859 1068 4932 Lactantii
1096 4858 1255 4932 lih_.vr
1290 4858 1484 4932 lustit.,
1520 4876 1638 4927 cap.
1664 4864 1696 4911 9
1727 4877 1739 4911 :

149 4934 296 4988 Deum
321 4929 416 5007 'qui
463 4936 703 5007 ignorat_,
735 4939 780 5007 et
811 4932 976 4996 ipsum
1010 4929 1265 5007 justitiam
1308 4929 1507 5007 ignoret
1549 4947 1750 5007 necesse

149 5016 231 5058 est.
252 5000 355 5060 Sed
384 5000 634 5074 putemus
657 5000 768 5067 ﬁeri
795 5016 968 5074 posse,
993 5008 1047 5051 ut
1072 5000 1258 5074 aliquis
1284 5001 1510 5074 naturali
1518 5011 1578 5074 Aet
1605 5003 1748 5071 inge-

151 5077 249 5128 nito
274 5070 405 5129 bono
431 5089 586 5129 verus
614 5074 824 5125 virtutes
852 5070 1044 5139 capiat,
1076 5071 1276 5137 qualem
1307 5071 1461 5140 fuisse
1488 5071 1746 5126 Cimonem

151 5150 347 5200 Athenis
372 5146 697 5214 accepimus,
721 5142 807 5214 qui
824 5140 1141 5214 elegantibus
1162 5142 1342 5206 stipem
1367 5141 1522 5214 dedit.
1540 5153 1597 5214 et
1622 5159 1749 5212 pau-

152 5234 286 5284 peres
314 5211 553 5271 invitavit
586 5221 636 5266 et
667 5213 829 5284 nudos
854 5211 1242 5284 induitatamen
1269 5228 1387 5284 eum
1417 5213 1547 5266 illud
1567 5211 1747 5277 unum,

150 5281 279 5354 quod
315 5298 388 5341 est
439 5285 756 5347 maximum,
786 5283 925 5354 deest
959 5282 1154 5354 agnitio
1185 5281 1297 5354 Dei,
1333 5283 1448 5349 jam
1500 5285 1631 5336 bona
1660 5284 1752 5337 illa

152 5353 315 5412 omnia
341 5362 817 5428 supirvacuasunt
842 5353 1192 5428 et_inania,_ut
1224 5353 1416 5428 [rustra
1437 5354 1488 5406 in
1510 5357 1589 5428 liis
1616 5370 1750 5428 asse-

152 5430 355 5496 quendis
385 5421 726 5496 laboraucrit.
751 5421 930 5475 Omnis
950 5423 1083 5496 enim
1110 5424 1320 5496 iustitia
1336 5424 1447 5493 ejus
1476 5426 1656 5477 similis
1682 5433 1753 5477 est

153 5493 368 5554 humano
394 5494 622 5566 corpori
636 5504 789 5563 caput
818 5508 919 5546 non
958 5493 1179 5566 habenti.
1226 5493 1375 5548 Vides
1401 5507 1628 5549 nostrum
1661 5499 1756 5550 hoc

155 5572 297 5624 etiam
323 5572 438 5625 loco
467 5563 536 5622 de
560 5563 776 5619 Cimone
793 5574 839 5617 et
870 5564 1387 5635 pltilosOp/tisiagere.

226 5710 536 5766 Rebellanti.
568 5707 649 5761 lta
672 5707 851 5759 ferunt
874 5704 940 5778 ιδ
964 5719 1097 5778 tnss.
1131 5634 1532 5778 inlgi'quuﬂoAsNest
1564 5707 1757 5778 Rogio-

1842 4520 1924 4591 ter
1946 4520 2237 4591 quassum
2262 4508 2298 4562 2
2318 4508 2484 4591 Eum,
2514 4505 2837 4591 RegiOLPut.
2859 4550 2873 4573 ,
2963 4508 3031 4561 al.
3066 4509 3221 4591 Reg.,
3251 4508 3442 4591 5__Col-

1842 4575 2004 4645 bertI,
2033 4581 2066 4634 4
2093 4578 2293 4643 Οκοιι.,
2318 4579 2478 4640 Tas.,
2515 4575 2655 4643 Enn,
2687 4575 2867 4640 Cant.,
2896 4578 3086 4641 Brun.,
3115 4575 3247 4633 eilit.
3280 4581 3439 4635 Rom.

1844 4651 1985 4706 M70
2012 4665 2073 4703 ac
2100 4650 2297 4703 Cellar.
2333 4649 2397 4702 Et
2427 4651 2495 4700 ita
2526 4648 2683 4702 Joan.
2706 4648 2870 4702 Cattci
2896 4660 2949 4702 ct
2977 4648 3234 4703 Ft'ancius
3259 4651 3443 4716 legen-

1843 4722 1972 4776 dum
1999 4735 2119 4774 esse
2147 4720 2575 4787 suspicabantur;
2599 4734 2757 4776 uuam
2782 4719 3063 4772 lectionem
3089 4722 3274 4784 probat
3300 4722 3445 4775 lleuo

1847 4806 2095 4845 manuus.
2126 4791 2195 4844 At
2226 4793 2276 4843 iu
2306 4789 2340 4843 5
2363 4788 2496 4856 Reg.
2528 4803 2661 4850 rec.,
2695 4791 2728 4843 5
2752 4790 2932 4852 (Iolb.,
2963 4788 3173 4853 Maron,
3199 4787 3436 4847 Clarum.

1846 4862 2110 4929 cdiIiSquc
2145 4862 2208 4915 l5
2233 4870 2311 4913 est
2342 4861 2598 4923 violentia.

1922 4928 2150 4997 Quorum
2202 4940 2407 4998 peccatu
2457 4929 2781 4982 occuluntur.
2835 4928 2923 4982 Sic
2974 4930 3179 4984 restitui
3235 4948 3300 4986 t‘X
3348 4933 3439 4988 ed.

1848 5002 2095 5073 Gytuuic.
2126 5015 2176 5055 et
2205 4999 2600 5073 manuscriptis,
2629 5011 2820 5073 pt'ajter
2843 4999 2883 5073 μὶ
2906 4998 3036 5073 Reg.
3069 5016 3203 5073 t'cc.,
3233 5002 3438 5059 5C0").

1851 5070 1912 5128 itt—
1933 5072 2127 5140 quibus
2155 5081 2237 5125 est
2264 5071 2606 5132 occultantur,
2642 5080 2697 5123 ut
2724 5070 2775 5122 in
2806 5070 3045 5140 pluribus
3066 5072 3242 5126 editis.

1928 5139 2024 5195 Aut
2064 5146 2213 5196 etiam
2252 5140 2442 5193 nullus.
2495 5139 2574 5195 Ex
2619 5140 2867 5194 omnibus
2900 5157 3063 5210 prope
3108 5158 3239 5195 mss.
3272 5153 3327 5197 et
3351 5144 3442 5201 ed.

1853 5216 2100 5286 Gymnic.
2132 5214 2368 5286 additum
2398 5211 2573 5278 etiam,
2601 5212 2742 5281 quod
2773 5214 2984 5266 ueteris
3026 5212 3302 5280 impressis
3330 5222 3385 5268 et
3406 5217 3443 5269 4

1855 5285 1963 5340 rec.
1991 5286 2204 5354 scriptis
2226 5285 2393 5354 deest.

1929 5350 2197 5408 Labornta.
2237 5352 2516 5418 Francius,
2549 5350 2688 5407 forte
2717 5352 2994 5407 elaborata.
3027 5352 3121 5406 Est
3164 5361 3341 5408 tamen
3368 5355 3449 5409 la-

1859 5425 2281 5550 bor-atcusleosdftn
2311 5438 2475 5478 sensu
2501 5422 2641 5492 apud
2672 5424 2986 5479 Ciceronem
3017 5438 3110 5478 χιιι
3140 5426 3303 5478 Attic.
3336 5427 3371 5481 ὅ
3393 5436 3454 5481 et

1861 5512 1958 5550 nro
2022 5510 2073 5550 αξ
2100 5535 2112 5547 .
2223 5534 2236 5547 .

1861 5512 1959 5568 pro
1974 5510 2112 5568 pml.
2147 5510 2236 5549 54.

1935 5565 2233 5620 Malueram
2254 5564 2504 5635 pecudum
2536 5564 2709 5617 modo.’
2741 5564 2813 5635 Ita
2849 5562 3062 5635 reposui
3087 5577 3151 5617 ex
3179 5566 3457 5622 veteribus

1863 5637 1993 5692 edit.
2030 5638 2183 5689 Rom.
2209 5634 2262 5690 et
2292 5638 2360 5689 l2
2388 5636 2504 5707 aliis
2531 5634 3234 5707 impressis,_Maninscriptis
3260 5635 3458 5707 Regio-

1864 5709 1984 5763 Put.
2017 5716 2073 5761 et
2104 5708 2168 5761 lli
2196 5707 2267 5759 al.
2316 5706 2419 5760 uisi
2466 5700 2619 5772 quod
2652 5718 2786 5758 mss.
2813 5701 3002 5768 Camn,
3028 5700 3265 5759 Clarum.
3296 5700 3369 5761 ac'
3392 5708 3464 5762 12

157 5783 270 5846 Put.
292 5782 411 5838 |n2
437 5781 586 5851 Reg.
617 5791 724 5831 rec.
757 5782 813 5830 et
836 5774 925 5830 ed.
959 5775 1117 5831 Rom.
1140 5774 1282 5834 M70
1305 5773 1390 5834 est
1408 5773 1682 5847 rebellati';
1709 5779 1763 5836 in
1867 5779 2113 5851 impressi
2155 5777 2335 5850 legunt
2363 5789 2520 5843 more,
2578 5789 2674 5845 pro
2711 5774 2882 5828 modo.
2917 5773 3117 5840 Regius
3166 5792 3323 5847 unus,
3356 5777 3463 5836 Bo-

607 5871 885 5937 Pnnon.
934 5869 1070 5940 Vll.

2672 5866 2715 5935 5
