3970 6328
522 296 628 357 159

1901 282 2083 339 FIRM.
2125 279 2491 341 LACTANTII

3722 263 3837 320 M0

519 413 611 486 qui
636 411 709 468 ab
742 416 963 480 aspectu
999 405 1122 464 οωιὶ
1154 404 1353 474 Deique
1393 402 1557 472 patris
1587 414 1831 463 aversus,
1863 407 2096 464 terrena,
2126 414 2178 473 Α
2203 398 2293 467 qui
2322 412 2354 451 a
2383 394 2645 465 principio
2673 393 2805 448 iram
2827 391 2999 462 jeeori
3026 388 3265 444 hominis
3286 385 3575 442 indidisset
3606 401 3619 435 :
3646 381 3835 451 siqui-

522 522 643 577 tpue
672 501 880 562 calcare
920 501 1196 561 debuerat.
1246 497 1298 553 id
1343 504 1446 562 est,
1476 494 1547 550 de
1589 504 1731 550 terra
1760 493 1882 547 ticta
1913 503 1969 546 et
1994 493 2106 545 lor-

442 598 449 603 ’
523 606 687 658 mata.
720 601 1024 651 veneratur.
1067 590 1127 646 In
1154 598 1300 644 tanta
1341 588 1502 657 igitur
1530 585 1806 655 impietate
1831 582 2108 639 hominum

530 690 798 759 tantisque
827 683 1063 755 peccatis
1090 681 1144 739 id
1185 680 1493 750 assequitur
1519 679 1773 748 patientia
1817 675 1932 742 Dei,
1964 683 2024 730 ut
2050 689 2110 729 se

525 781 626 853 ipsi
657 778 902 833 homines
928 774 1199 830 damnatis
1237 772 1363 827 vita:
1398 770 1594 840 prioris
1635 768 1908 824 erroribus
1941 766 2112 822 corri-

522 880 669 941 gant.
716 867 973 938 Denique,
1002 873 1054 921 et
1081 864 1211 923 boni
1237 870 1363 919 sunt
1381 862 1620 932 jostiqoe
1648 860 1823 926 multi,
1849 867 1904 914 et
1931 857 2112 926 abiec-

526 964 597 1019 tis
627 959 856 1017 terrenis
885 956 1144 1023 cultibus,
1171 953 1503 1023 majestatom
1529 952 1624 1007 Dei
1640 950 1924 1020 singularis
1951 962 2117 1019 agno-

523 1059 699 1109 scunt.
723 1044 833 1105 Sed
854 1062 980 1103 cum
1001 1045 1235 1102 maxima
1248 1053 1305 1099 et
1324 1042 1608 1099 utilissima
1627 1040 1700 1096 sit
1727 1040 1820 1096 Dei
1840 1039 2113 1109 patientia,

523 1123 727 1219 tamen,
756 1139 1003 1213 quamvis
1025 1152 1172 1203 sero,
1202 1135 1400 1191 noxios
1433 1133 1614 1205 punit,
1646 1146 1747 1188 nec
1774 1132 1969 1201 patitur
1993 1131 2115 1184 lon-

524 1239 644 1306 gius
672 1233 986 1307 procedere,
1017 1245 1141 1291 cum
1175 1243 1273 1288 eos
1298 1225 1721 1285 inemendabiles
1765 1238 1889 1280 esse
1933 1220 2114 1293 pervi-

525 1327 688 1386 derit.

1125 1431 1354 1489 CAPUT
1378 1430 1522 1487 XXI.

988 1546 1064 1601 De
1092 1546 1179 1600 ira
1210 1542 1308 1601 Dei
1334 1553 1384 1600 et
1411 1542 1651 1599 hminis.

593 1684 852 1754 Superest
879 1694 985 1741 una
1013 1688 1070 1739 et
1090 1687 1333 1741 extrema
1351 1678 1601 1747 quaestio.
1627 1675 1761 1733 Nam
1782 1676 1978 1733 dixerit
2006 1676 2115 1732 for-

2219 487 2342 543 dem
2371 485 2631 549 creditur,
2658 498 2877 538 causam
2907 481 3066 551 hujus
3090 478 3477 536 commotionis
3499 477 3552 529 in
3590 475 3839 528 humore.

2215 578 2353 634 fellis
2388 576 2673 634 contineri.
2703 575 2821 631 Non
2851 575 3014 646 igitur
3039 574 3095 627 in
3138 581 3313 627 totum
3344 568 3609 639 prohibet
3634 566 3838 630 irasci,

2216 673 2342 743 quia
2371 674 2415 727 is
2441 672 2665 726 aii'ectus
2694 668 3001 738 necessario
3022 667 3184 723 datus
3207 673 3295 721 est
3322 682 3336 716 :
3365 662 3464 719 sed
3491 660 3758 731 prohibet
3780 659 3845 713 in

2217 766 2298 820 ira
2328 779 2661 835 permanere.
2692 762 2775 817 lru
2802 762 2948 817 enim
2971 759 3282 816 mortalium
3310 756 3478 813 debet
3513 769 3641 811 esse
3682 767 3846 807 mor-

2218 858 2375 925 talis;
2423 871 2547 912 nam
2580 856 2627 910 si
2672 863 2907 920 maneat,
2961 854 3355 909 conﬁrmantur
3404 846 3713 903 inimicitiae
3766 843 3846 898 ad

2218 950 2509 1020 perniciem
2562 950 2968 1017 sempiternam.
3021 944 3232 1000 Deinde
3282 956 3476 998 rursus
3501 955 3628 996 cum
3670 940 3849 993 irasci

2217 1041 2459 1111 quidem,
2490 1040 2585 1096 sed
2614 1050 2791 1095 tamen
2820 1054 2926 1094 non
2950 1052 3175 1108 peccare
3197 1035 3475 1105 praecepit,
3510 1048 3620 1111 non
3645 1031 3852 1100 utique

2221 1108 2404 1188 evellit
2427 1132 2560 1185 iram
2590 1129 2880 1195 radicitus,
2908 1128 3006 1184 sed
3035 1128 3374 1197 temperavit:
3398 1134 3459 1179 ut
3481 1108 3539 1179 in
3566 1123 3721 1179 omni
3747 1137 3855 1176 ca-

2218 1224 2505 1294 stigatione
2532 1221 2754 1277 modum
2799 1235 2863 1275 ac
2903 1219 3168 1289 justitiam
3198 1227 3540 1274 teneremus.
3567 1215 3676 1281 Qui
3706 1227 3854 1284 ergo

2216 1313 2377 1370 irasci
2406 1328 2506 1369 nos
2521 1313 2696 1383 jubet,
2726 1313 2841 1383 ipse
2865 1312 3051 1381 utique
3076 1309 3326 1365 insuitur
3350 1325 3364 1361 :
3392 1308 3488 1378 qui
3514 1305 3730 1376 placati
3751 1319 3853 1359 ce-

2219 1406 2387 1463 lerius
2416 1405 2700 1477 praecipit,
2731 1412 2815 1459 est
2859 1403 3044 1472 utique
3092 1403 3209 1471 ipse
3248 1398 3559 1470 placabilis;
3595 1411 3665 1451 ea
3694 1396 3855 1451 enim

2219 1496 2506 1567 praecepit,
2542 1509 2663 1565 quas
2687 1503 2814 1550 sunt
2842 1493 2985 1563 justa
3008 1530 3024 1559 ,
3055 1499 3110 1547 et
3137 1488 3305 1547 rebus
3331 1489 3485 1545 utilia
3527 1486 3856 1543 communi-

2224 1588 2349 1644 bus.

2290 1677 2396 1736 Sed
2471 1679 2594 1750 quia
2639 1678 2881 1734 dixeram
2939 1692 3046 1732 non
3103 1689 3224 1731 esse
3277 1675 3414 1729 iram
3475 1673 3578 1729 Dei
3637 1681 3861 1742 tempo-

526 1783 674 1830 tasse
701 1771 992 1844 quispiam,
1036 1769 1173 1824 adeo
1217 1783 1325 1823 non
1365 1767 1526 1844 irasci
1558 1767 1760 1833 Deum,
1795 1777 1853 1821 ut
1875 1769 2039 1822 etiam
2070 1766 2129 1823 in
2155 1760 2205 1822 Β
2229 1775 2422 1837 ralem,
2452 1771 2591 1826 sicut
2642 1769 2897 1837 hominis,
2931 1768 3021 1839 qui
3048 1776 3430 1838 praesentanea
3460 1764 3865 1821 commotione

527 1842 813 1937 praeceptis
837 1862 1109 1918 hominem
1133 1859 1291 1917 irasci
1311 1866 1477 1915 vetet.
1494 1842 1728 1914 Possem
1753 1857 1957 1925 dicere,
1981 1856 2126 1927 quod

532 1960 612 2014 ira
643 1955 881 2011 hominis
902 1952 1235 2011 refrtenanda
1264 1949 1443 2016 fuerit,
1473 1950 1596 2019 quia
1623 1948 1817 2020 injuste
1838 1964 1989 2019 saepe
2018 1949 2130 2005 ira-

531 2049 735 2114 scitur;
765 2056 821 2103 et
855 2054 1178 2116 praesentem
1208 2041 1371 2099 habet
1401 2051 1606 2097 motum
1625 2081 1642 2109 ,
1669 2041 1792 2112 quia
1821 2041 2134 2111 temporalis

529 2148 633 2194 est.
659 2136 843 2208 itaque
871 2150 940 2190 ne
969 2133 1162 2193 ﬁerent
1189 2148 1275 2199 ea,
1303 2146 1422 2202 qua:
1446 2130 1648 2187 faciunt
1673 2146 1767 2201 per
1786 2131 1919 2188 iram
1945 2141 2001 2187 et
2026 2131 2128 2187 hu-

531 2226 709 2297 miles,
738 2237 794 2283 et
823 2224 1126 2284 mediocres
1150 2264 1165 2289 ,
1198 2232 1254 2279 et
1278 2222 1457 2294 magni
1504 2237 1677 2292 reges,
1710 2224 1998 2293 temperari
2029 2222 2131 2278 de-

532 2321 654 2377 buit
684 2317 835 2375 furor
865 2317 1005 2388 ejus,
1048 2326 1102 2372 et
1145 2314 1426 2385 comprimi
1452 2353 1470 2380 ,
1498 2327 1566 2369 ne
1590 2314 1789 2369 mentis
1834 2315 2008 2383 impos
2033 2313 2138 2369 ali-

534 2412 680 2486 quod
704 2409 1031 2482 inexpiabile
1055 2407 1260 2463 [acinus
1290 2406 1621 2462 admitteret.
1648 2406 1793 2463 Deus
1815 2415 1993 2461 autem
2023 2422 2137 2462 non

539 2508 609 2565 ad
654 2520 896 2581 prtesens
926 2503 1196 2569 irascitur,
1223 2504 1346 2572 quia
1374 2511 1608 2556 aeternus
1656 2509 1739 2556 est
1783 2500 2142 2581 perfectaeque

534 2575 784 2665 virtutis;
807 2611 863 2655 et
892 2611 1166 2667 nunquam
1191 2596 1296 2651 nisi
1320 2595 1518 2650 merito
1539 2594 1803 2650 irascitur.
1828 2595 1936 2650 Sed
1957 2575 2138 2652 tamen

530 2708 641 2751 non
668 2692 740 2748 ita
763 2705 851 2749 res
867 2704 927 2747 se
947 2688 1130 2747 habet.
1154 2686 1286 2742 Nam
1308 2686 1355 2742 si
1369 2686 1591 2741 omnino
1612 2684 1926 2755 prohiberet
1951 2688 2140 2754 irasci,

530 2784 649 2857 ipse
690 2778 1089 2853 quodammodo
1132 2777 1498 2848 reprehensor
1554 2776 1755 2846 opilicii
1795 2778 1879 2832 sui
1925 2776 2141 2847 luisset,

2234 1864 2513 1931 fervescit,
2542 1879 2639 1919 nec
2688 1862 2847 1919 facile
2877 1876 3066 1932 regere
3093 1875 3153 1917 se
3180 1868 3357 1930 potest
3385 1868 3618 1928 propter
3644 1857 3867 1927 [regili—

2235 1966 2402 2014 tatem
2447 1973 2462 2022 ;
2505 1954 2811 2026 intelligere
2835 1955 3116 2019 debemus,
3143 1952 3266 2021 quia
3288 1952 3360 2006 sit
3401 1963 3651 2006 teternus
3681 1951 3864 2015 Deus,

2236 2050 2373 2106 iram
2395 2063 2610 2119 quoque
2637 2048 2753 2117 ejus
2786 2049 2841 2102 in
2873 2055 3157 2111 :eternum,
3182 2059 3407 2100 manere
3432 2060 3444 2096 :
3470 2042 3569 2098 sed
3610 2056 3871 2107 rursum,

2244 2141 2369 2211 quia
2398 2140 2598 2196 virtute
2648 2139 2718 2193 sit
2765 2138 2993 2193 maxima
3045 2137 3326 2208 praeditus,
3354 2136 3408 2190 in
3442 2144 3730 2206 potestate
3756 2133 3872 2190 ha-

2250 2233 2381 2289 bere
2424 2232 2558 2287 iram
2596 2245 2786 2293 suam;
2819 2244 2918 2286 nec
2955 2229 3023 2285 ab
3069 2244 3132 2284 ea
3180 2229 3316 2298 regi,
3338 2229 3435 2282 sed
3469 2227 3654 2296 ipsum
3684 2226 3872 2291 illam,

2247 2322 2696 2395 quemadmodum
2721 2322 2867 2386 velit,
2893 2319 3156 2374 moderari
3189 2334 3203 2372 :
3233 2316 3375 2388 quod
3410 2318 3601 2386 utique
3633 2330 3748 2370 non
3771 2331 3874 2370 re-

2241 2424 2445 2486 pugnat
2475 2413 2758 2482 superiori.
2787 2412 2919 2466 Nam
2946 2411 2991 2465 si
3032 2424 3256 2480 prorsus
3306 2406 3641 2462 immortalis
3662 2407 3875 2460 fuisset

2244 2508 2325 2562 ira
2366 2508 2505 2577 ejus,
2537 2521 2644 2563 non
2692 2513 2838 2562 esset
2859 2501 3215 2559 satisfactioni
3257 2509 3353 2556 aut
3380 2500 3578 2571 gratiae
3612 2508 3741 2568 post
3772 2498 3876 2553 de-

2250 2604 2437 2658 lictum
2467 2603 2617 2658 locus
2644 2618 2659 2667 ;
2684 2616 2804 2657 cum
2851 2601 2968 2669 ipse
2996 2597 3248 2652 homines
3274 2604 3403 2650 ante
3431 2594 3568 2650 solis
3601 2608 3873 2648 occasum

2255 2690 2591 2751 reconciliari
2614 2692 2812 2763 iubeat.
2844 2692 2951 2747 Sed
2973 2691 3051 2746 ira
3078 2691 3260 2745 divina
3287 2689 3341 2744 in
3370 2698 3642 2743 aeternum
3677 2696 3876 2741 manet

2246 2784 2503 2841 adversus
2544 2794 2659 2852 eos,
2693 2784 2786 2854 qui
2832 2792 3059 2853 peccant
3096 2781 3151 2836 in
3179 2788 3472 2836 aeternum.
3505 2772 3702 2852 Itaque
3730 2778 3882 2835 Deus

1882 2915 2247 2977 VARIORUM
2284 2923 2517 2981 NOTAE.

529 3076 685 3131 non.,
712 3058 871 3125 Tax.,
921 3056 1068 3124 Lips.
1113 3051 1319 3109 addunt
1347 3049 1490 3106 humi
1520 3067 1731 3122 rapere;
1761 3053 1944 3123 scripti
1972 3054 2027 3119 5,
2057 3054 2134 3107 ir-
2156 3061 2201 3123 C
2235 3061 2475 3132 quentia,
2508 3059 2559 3113 in
2592 3060 2805 3132 huntore
2834 3060 3005 3132 fellis;
3034 3056 3212 3132 etAlib.
3243 3072 3297 3109 vr
3323 3054 3663 3132 Institnt._ca

536 3146 731 3187 νευετε.

570 3148 846 3264 r“mximas,
885 3204 1119 3278 terrena,
1137 3190 1481 3278 q‘tlw‘cdltrai'ﬁ
1501 3189 1763 3278 debuerat.
1788 3191 1960 3278 liene.

541 3286 694 3395 seqq.
726 3261 860 3324 mss.
885 3261 1198 3336 Regio-Pot.
1222 3272 1277 3318 et
1305 3279 1321 3318 ι
1345 3262 1415 3317 al.
1443 3261 1599 3331 Reg.,
1628 3263 1758 3317 edit.
1787 3262 1939 3317 Rom.
1972 3264 2128 3330 1470,

538 3341 603 3397 Al
651 3380 689 3405 .,
719 3339 909 3403 Fasit.,
942 3337 1112 3391 Betui.
1137 3335 1355 3398 habent,
1385 3347 1615 3405 aperias,
1642 3342 1829 3405 terram
1846 3351 1999 3403 quant
2026 3336 2132 3388 cal-

540 3428 659 3465 care
677 3402 943 3465 debuerat.
994 3406 1117 3461 Mss.
1168 3406 1233 3460 i5
1275 3412 1331 3457 et
1375 3403 1461 3456 ed.
1512 3402 1668 3457 Rom.
1699 3402 1865 3471 “68,
1890 3405 2131 3461 adversus

541 3493 730 3537 terram
758 3491 913 3549 quam
935 3475 1422 3549 calcaredebuerat.

614 3543 937 3622 Majeitatem
975 3547 1070 3622 Dei
1113 3544 1390 3622 singularis
1431 3551 1735 3622 agnoscunt.
1771 3543 1867 3622 _S_ic
1910 3553 1970 3622 et
2005 3546 2131 3622 alibi

541 3612 745 3695 passim
770 3620 1096 3695 Lactantius.
1134 3612 1267 3695 [ide
1296 3612 1418 3695 lict.
1449 3612 1637 3695 adulib.
1670 3613 1739 3695 de
1768 3614 2138 3695 Mortibiter-

542 3683 716 3748 item.
762 3705 889 3761 cap.
917 3690 971 3744 1.
1004 3688 1103 3761 gis.
1154 3683 1272 3741 Em.
1308 3685 1471 3761 habet
1503 3683 1596 3737 Dei
1621 3683 1888 3761 ccclesiis;
1916 3685 1953 3738 2
1999 3686 2135 3756 Reg.

543 3779 681 3829 rec.,
717 3764 754 3819 8
778 3753 960 3824 οὸιδ.,
994 3756 1231 3815 Clsmm.
1262 3755 1380 3813 et?
1419 3762 1526 3810 vet.
1569 3753 1693 3810 edd.
1736 3755 1915 3823 Βοιη.,
1949 3753 2140 3828 cogno-

549 3842 871 3971 “sudium:
892 3914 997 3953 una
1024 3907 1072 3951 et
1096 3895 1570 3971 extremaqatcstio.
1616 3893 1695 3949 ita
1722 3895 1842 3971 libri
1871 3898 2141 3971 antiquio-

550 3988 662 4037 res,
685 3964 797 4027 tum
823 3983 953 4025 mss.
985 3978 1096 4037 tum
1127 3967 1276 4022 editi.
1319 3964 1468 4019 Multi
1495 3966 1742 4035 impressi
1768 3978 1889 4036 post
1916 3964 2020 4022 una
2050 3968 2144 4023 ad-

552 4045 688 4099 dunt
710 4042 961 4122 maxime;
993 4036 1274 4092 tColbert.
1322 4037 1666 4104 permaxima;
1715 4038 1899 4107 scripti
1946 4039 1979 4093 4
2030 4054 2139 4094 rec.

556 4126 663 4168 una
679 4122 727 4166 et
748 4124 994 4165 maxima.

633 4183 702 4237 Ut
723 4184 873 4236 etiam
895 4182 951 4233 in
972 4177 1257 4246 praeceptis.
1296 4174 1529 4244 Reposui
1559 4176 1712 4229 etiam
1736 4189 1801 4231 ex
1829 4176 1987 4233 editis
2016 4175 2147 4234 Cra-

558 4253 707 4310 tand.
736 4260 792 4307 et
827 4245 1026 4305 Cellar.
1068 4246 1382 4315 cunctisque
1426 4245 1665 4315 scriptis,
1711 4246 1967 4315 praeteri
2013 4264 2145 4305 mss.

560 4340 674 4445 {et}.
703 4324 759 4445 il:
777 4322 992 4391 quibus,
1025 4327 1083 4373 ut
1110 4318 1162 4371 in
1190 4316 1401 4371 cmteris
1432 4316 1731 4387 impressis,
1773 4316 1963 4388 legitur
1992 4328 2071 4383 ct;
2097 4320 2147 4374 in

582 4411 710 4445 ιλιι..
763 4408 867 4445 ore.

564 4397 710 4459 Enn,
739 4397 867 4461 ipse.

2235 3072 2475 3127 quentia,
2508 3075 2559 3113 ιη
2592 3072 2805 3113 humore
2834 3072 3005 3132 fetus;
3034 3072 3090 3112 ει
3117 3072 3212 3111 lli).
3243 3072 3297 3109 Vl
3325 3072 3566 3111 msuuu.
3600 3072 3663 3110 εει
3714 3097 3728 3109 .
3764 3072 3833 3109 ιθ
3864 3074 3879 3110 ε

2232 3129 2575 3202 Affectusiras
2602 3132 2655 3183 in
2678 3131 2811 3202 felle,
2844 3130 3072 3202 libidinis
3088 3129 3142 3181 in
3156 3129 3368 3202 jecore;
3396 3126 3549 3202 etde
3572 3072 3723 3196 Opilii
3753 3140 3879 3202 cap.

2236 3200 2304 3253 11
2338 3218 2349 3251 :
2383 3198 2637 3268 Alfectum
2674 3198 3023 3254 iracundtw...
3056 3199 3106 3251 in
3145 3198 3265 3268 felle
3301 3198 3723 3253 constitutum...
3762 3198 3886 3252 libi-

2237 3271 2382 3323 dines
2403 3287 2573 3324 rerum
2602 3286 2929 3323 venerettrttm
2959 3271 3011 3322 in
3038 3267 3227 3333 iecore.
3258 3267 3393 3322 BUN.

2314 3340 2524 3394 Deinde.
2555 3341 2624 3394 Ita
2650 3341 2956 3395 restitutum
2976 3356 3041 3394 ex
3066 3339 3197 3393 edit.
3226 3338 3439 3391 Bonan.
3467 3337 3637 3401 1470,
3665 3337 3886 3406 Bettti.,

2240 3409 2438 3464 Cellar.
2470 3410 2526 3464 in
2560 3413 2584 3465 1
2619 3410 2751 3480 Reg.
2781 3426 2889 3464 rec.
2921 3421 2976 3463 et
3008 3410 3077 3464 12
3099 3409 3315 3463 excusis
3342 3417 3428 3463 est
3461 3408 3731 3478 Denique.

2311 3480 2438 3534 Cum
2465 3481 2622 3536 irasci
2651 3481 2874 3551 quidem,
2905 3480 2995 3535 sed
3021 3490 3195 3551 tamen
3228 3495 3331 3532 non
3360 3495 3580 3547 peccare
3604 3482 3884 3549 praecepit,

2238 3567 2341 3603 non
2362 3552 2555 3621 utique.
2584 3549 2711 3605 Mss.
2736 3554 2770 3606 5
2793 3568 2901 3606 rec.
2933 3562 2987 3605 et
3010 3551 3076 3604 11
3097 3549 3249 3617 edd.,
3280 3566 3399 3603 eum
3421 3551 3656 3603 irasci...
3691 3553 3887 3621 scripti

2241 3622 2277 3676 3
2304 3637 2440 3687 rec.,
2470 3624 2731 3692 praecipit.

2321 3713 2430 3766 Sed
2452 3723 2620 3767 tamen
2641 3728 2739 3765 non
2756 3726 2981 3780 peccare,
2997 3720 3099 3765 etc.
3123 3709 3268 3763 Psal.
3285 3725 3340 3764 tv
3354 3711 3494 3779 apud
3520 3710 3886 3780 Septuaginta

2245 3783 2463 3859 quidem
2490 3793 2573 3837 est
2602 3784 2884 3859 ὀργίζεσθε,
2903 3787 3004 3859 ’καὶ
3038 3782 3481 3859 μήμᾶμαρτάνετε.
3517 3782 3631 3837 Sed
3665 3782 3889 3859 Ερμιηεί

2245 3856 2570 3908 transferunt
2599 3852 2963 3908 contremiscite
2990 3870 3007 3918 ;
3042 3852 3139 3923 qui
3168 3852 3364 3907 sensus
3395 3863 3503 3917 est,
3559 3863 3623 3906 ut
3673 3852 3886 3909 abhor-

2247 3940 2458 3979 reamus
2488 3940 2517 3979 a
2549 3925 2796 3994 peccatis.
2830 3924 3034 3978 Beroe.

2325 4017 2428 4083 Qui
2458 4016 2669 4085 placari.
2718 4016 2791 4069 ita
2822 4016 3031 4070 correxi
3064 4030 3132 4071 ex
3168 4012 3424 4085 omnibus
3456 4030 3615 4085 mss.
3661 4017 3888 4070 multis-

2249 4101 2353 4157 que
2382 4083 2537 4142 editis
2568 4104 2581 4139 :
2609 4086 2662 4140 in
2691 4087 2958 4157 nonnullis
2989 4084 3271 4157 impreSsis
3299 4093 3384 4139 est
3407 4083 3653 4154 placare.

2323 4156 2546 4211 Celerius
2586 4157 2832 4226 praecipit.
2865 4156 2956 4210 Sic
3005 4155 3124 4223 lego
3161 4170 3225 4226 ex
3260 4158 3891 4226 msstquatnpiurimis

2252 4224 2638 4298 antiquissimis
2660 4236 2715 4282 et
2744 4227 2982 4298 optimis,
3011 4225 3349 4298 approbante
3390 4224 3639 4282 Francia
3673 4245 3688 4281 :
3738 4226 3888 4298 quod

2254 4294 2619 4367 superioribus
2647 4294 2952 4365 respondet,
2979 4295 3066 4350 ubi
3096 4308 3178 4350 est
3193 4294 3366 4367 jubet.

2328 4366 2409 4421 Ea
2445 4370 2578 4422 enim
2606 4369 2867 4436 praecepit.
2894 4368 2985 4421 Sic
3011 4366 3226 4420 restitui
3275 4382 3342 4421 ex
3397 4367 3623 4422 cunctis
3651 4383 3801 4424 mss.
3834 4376 3887 4422 et

960 4474 1026 4515 ex
1043 4467 1150 4513 vet.
1175 4455 1299 4513 edd.
1324 4456 1480 4513 Rom.
1499 4468 1553 4511 et
1570 4455 1638 4511 is.
1663 4470 1726 4511 ac
1740 4458 2140 4527 quampiurimis

2416 4439 2505 4493 ed.
2555 4434 2713 4494 Rom.
2764 4437 2821 4493 In
2875 4437 2942 4493 {'2
2973 4436 3254 4506 impressis
3310 4447 3416 4503 est,
3448 4438 3725 4508 siquidem
3759 4454 3889 4509 pra:-

532 4540 697 4590 ‘Inss.
721 4531 955 4597 reposui.
980 4530 1035 4584 in
1061 4528 1221 4584 Cane.
1253 4536 1310 4582 et
1338 4528 1391 4581 in
1416 4527 1449 4582 8
1473 4527 1747 4596 impressis
1771 4537 1853 4584 est
1868 4529 2106 4585 debuerat
2129 4548 2148 4597 ,-

566 4610 620 4661 in
642 4606 677 4659 ὕ
703 4597 919 4672 scriptis
940 4608 996 4657 et
1014 4602 1046 4655 4
1078 4597 1301 4672 vulgatis
1327 4607 1420 4672 est
1440 4598 1687 4672 debuerit.

582 4700 587 4705 τ
639 4674 721 4730 Ne
745 4667 926 4729 mentis
961 4673 1128 4739 impos
1160 4667 1371 4739 aliquod
1404 4667 1711 4739 inexpialgile
1736 4667 1937 4736 facinus
1965 4671 2154 4725 admit-

568 4756 708 4801 teret.
741 4759 869 4798 mss.
902 4744 970 4799 M
994 4737 1135 4796 inter
1165 4737 1301 4807 quas
1324 4748 1410 4808 est
1434 4737 1739 4808 Regio-Pot.
1771 4749 1825 4793 et
1856 4757 1993 4797 unus
2018 4742 2155 4797 Jano

567 4816 837 4873 Guliieimi
866 4816 1044 4877 visus,
1093 4810 1363 4877 editioqne
1394 4807 1636 4863 Romana
1666 4808 1803 4864 1468
1833 4812 2051 4877 habent,
2094 4829 2156 4866 ne

566 4887 749 4942 mentis
767 4883 1076 4953 impossibile
1096 4880 1328 4953 aliquod,
1362 4881 1511 4933 nullo
1537 4894 1735 4945 sensu;
1769 4881 1908 4935 unde
1934 4883 2159 4937 Gulliel-

572 4971 694 5012 mus
715 4965 772 5012 et
794 4952 1462 5023 Gallicuslegendutnesse
1486 4959 1689 5023 putant,
1718 4964 1781 5004 ne
1799 4954 1977 5007 utentis
1997 4954 2164 5023 impos

570 5045 605 5081 a
630 5027 749 5093 bile,
780 5034 873 5080 aut
904 5025 958 5077 in
984 5018 1275 5093 bilenggss.
1304 5020 1341 5073 2
1370 5020 1527 5093 B_on.,
1555 5020 1580 5073 1
1613 5018 1743 5093 Reg.
1778 5038 1913 5089 rec.,
1936 5018 2094 5089 'l‘axI,
2130 5022 2165 5077 2

571 5090 750 5160 Colb.,
781 5096 803 5149 l
838 5091 1304 5165 Sorbon.,_Baluz.
1332 5130 1347 5156 ,
1379 5090 1612 5165 Clarom.
1642 5092 1694 5165 in
1726 5106 1895 5165 marg.
1948 5111 2011 5148 ne
2050 5100 2165 5164 post

571 5165 801 5235 aliquod,
831 5172 939 5219 etc.
971 5160 1279 5235 tColb._._ne
1310 5169 1421 5235 post
1450 5162 1579 5214 iram
1601 5161 1832 5235 aliquod.

852 5233 1126 5305 principio.
1173 5230 1296 5285 Mss.
1332 5230 1399 5283 14
1438 5239 1492 5286 et
1533 5231 1756 5287 totidem
1780 5231 1927 5299 editi,
1968 5233 2088 5303 quia
2112 5236 2168 5286 in

577 5322 987 5455 Ῠΐῖζῗιξιῖολεερνῇ
1015 5371 1251 5455 ΙιρξηίηἱπΣ
1429 5370 1643 5455 2119ς.,
1671 5371 1705 5424 4
1732 5367 2004 5455 ,ϐοηκῖτιη
2038 5374 2169 5455 iram

570 5447 757 5516 iecoris
785 5441 1024 5508 hominis;
1050 5442 1197 5516 E_‘m.,
1222 5443 1329 5511 felli
1360 5442 1597 5516 hominis.
1622 5471 1693 5481 —
1719 5441 1863 5495 Iram
1885 5444 2052 5516 jecori
2078 5445 2171 5498 Ito-

576 5511 727 5571 rninis
753 5517 1039 5571 indidisset.
1070 5513 1285 5583 Legitur
1307 5511 1449 5581 apud
1474 5512 1765 5566 Buneman.
1786 5511 1917 5566 iram
1939 5515 2049 5583 falli
2072 5517 2170 5568 Ito-

576 5588 748 5642 ntinis.
783 5587 837 5641 in
868 5586 1111 5654 hancque
1140 5583 1449 5654 variantent
1468 5592 1646 5654 notam
1661 5596 1992 5654 sequentem
2019 5585 2174 5639 exhi-

580 5656 669 5710 bet
685 5674 788 5710 :--
802 5656 826 5709 Ι
835 5673 944 5708 ram
967 5651 1076 5724 felli
1101 5652 1324 5724 hominis
1344 5652 1628 5706 indidisset.
1656 5651 1802 5724 Editi
1814 5668 2021 5719 omnes,
2040 5658 2173 5708 iram

571 5725 762 5797 iocari.
806 5722 1006 5796 Scripsi
1028 5739 1092 5779 ex
1127 5723 1445 5789 Ennnann.,
1486 5724 1618 5777 iram
1653 5722 1781 5793 felli.
1827 5725 2063 5783 Suadent
2087 5741 2174 5784 sc-

2252 4519 2398 4578 ctptt.

2330 4598 2440 4653 Nec
2475 4601 2626 4671 facile
2653 4616 2824 4671 regere
2863 4617 2925 4671 se
2956 4608 3121 4671 potest
3148 4610 3365 4669 propter
3387 4600 3749 4670 fragilitatem
3774 4619 3793 4655 :
3816 4603 3891 4653 in-

2258 4669 2483 4741 telligere
2498 4669 2757 4737 debemus,
2778 4681 2882 4725 etc.
2909 4670 2983 4723 Ita
3009 4669 3187 4723 lerunt
3215 4684 3408 4723 omnes
3433 4669 3518 4722 ma
3529 4674 3812 4737 [Inscripti
3842 4682 3890 4724 et

2260 4742 2293 4796 5
2324 4742 2471 4795 editi.
2510 4744 2682 4810 Atque
2722 4756 2850 4795 vera
2881 4750 2935 4795 et
2978 4741 3215 4809 genuina
3248 4750 3333 4794 est
3364 4741 3531 4794 lectio
3582 4741 3812 4796 'l‘ridin.
3843 4751 3893 4795 et

2261 4811 2525 4876 Florent.,
2558 4812 2690 4866 Ven.
2728 4811 2886 4865 1490.
2926 4810 3126 4863 Vitiose
3175 4811 3226 4863 in
3284 4810 3542 4879 imprcss.
3601 4814 3761 4877 aliis,
3797 4830 3892 4866 non

2264 4882 2378 4941 ideo
2409 4881 2708 4951 intelligere.
2733 4894 2839 4937 etc.
2870 4896 2989 4951 quae
3022 4881 3181 4934 lectio
3206 4895 3374 4949 scopo
3408 4881 3564 4936 Lact.
3600 4888 3891 4937 contraria

2268 4962 2371 5014 est,
2405 4963 2462 5006 ut
2481 4950 2619 5007 bene
2639 4950 2992 5007 observarunt
3013 4950 3341 5005 Titomasius
3362 4961 3417 5004 et
3444 4953 3643 5005 lsmus.

2346 5021 2489 5076 Iram
2518 5025 2630 5093 ejus
2668 5023 2720 5075 in
2746 5034 2990 5077 teternum
3028 5037 3280 5093 manere._
3306 5022 3363 5076 id
3392 5033 3498 5086 est,
3532 5025 3606 5075 ab
3636 5023 3894 5093 omnipo-

2273 5093 2437 5149 tentia
2466 5091 2690 5163 aliisque
2716 5094 2809 5148 Dei
2851 5092 3124 5163 attributis
3157 5091 3285 5145 illud
3323 5094 3648 5163 necessario
3673 5091 3821 5159 ﬁnit,
3847 5102 3896 5146 ut

2272 5178 2367 5217 ens
2387 5164 2511 5217 odio
2533 5165 2727 5218 habeat
2755 5172 3017 5232 quotquot
3045 5162 3305 5215 adversus
3339 5162 3513 5231 ipsius
3538 5164 3893 5232 tnnjestatem

2274 5233 2523 5288 obstinato
2550 5236 2720 5287 animo
2741 5234 3083 5301 deliquerint.
3107 5232 3194 5286 Uti
3226 5248 3417 5286 rursus
3443 5236 3514 5285 ah
3550 5236 3783 5289 iallnita
3810 5235 3893 5288 Dei

2276 5304 2637 5359 misericordia
2694 5303 3067 5374 proﬁciscitur,
3097 5302 3240 5374 quod
3283 5319 3380 5356 eos
3430 5305 3582 5357 sinat
3617 5321 3821 5360 secum
3848 5308 3895 5359 iu

2274 5375 2496 5441 gratiam
2517 5373 2713 5440 redire,
2734 5377 2820 5444 qui
2843 5373 2922 5443 (ut
2950 5373 3285 5445 nosterinfra
3317 5376 3586 5445 loquitur)
3602 5392 3893 5439 concessa,

2273 5444 2602 5514 resipiscendi
2643 5456 2689 5500 et
2726 5447 2805 5499 sui
2857 5445 3145 5514 corrigendi
3174 5444 3424 5513 facultate
3456 5444 3605 5501 bene
3644 5458 3895 5503 utuntur.

3360 5516 3670 5571 SPARIIUS.

2349 5585 2450 5667 Ant
2474 5587 2654 5667 gratia:
2681 5596 2793 5667 post
2813 5584 3053 5639 delictum
3075 5584 3239 5639 locus.
3262 5586 3286 5639 1
3321 5585 3543 5642 Bonon.
3577 5591 3794 5662 antiq.,
3818 5595 3897 5642 ast

2278 5658 2456 5727 gratim
2481 5658 2674 5727 positus
2700 5661 2860 5710 locus.

2352 5725 2621 5785 Ante‘solis
2646 5742 2901 5795 occasum,
2935 5735 3042 5784 etc.
3068 5725 3189 5783 Non
3228 5726 3458 5798 Christi,
3483 5730 3589 5788 sed
3614 5732 3782 5793 Pauli
3800 5743 3893 5790 vox
