3970 6322
183 288 278 345 149

1263 287 1416 344 CAP.
1449 288 1488 346 Ι.
1517 287 1859 346 ANALYSIS
1889 288 2104 346 IIUJUS
2134 289 2336 346 LIBRI.

3358 293 3462 351 £30

174 407 360 479 genio:
390 405 490 461 sed
527 404 642 472 Dei,
676 405 768 476 qui
797 405 946 462 solus
1000 407 1228 462 occultte
1277 407 1522 462 veritatis
1565 405 1766 478 patela-
1793 409 1847 470 Α
1873 406 2118 463 homines
2163 407 2309 463 nullo
2338 407 2682 463 conscientia
2734 406 2906 464 triane
2935 409 3184 476 oon-citi,
3219 409 3271 462 in
3317 412 3463 466 omni

176 500 372 557 ciendae
411 508 732 572 potestatem
772 499 957 568 habet,
999 498 1295 556 doctrinam
1345 515 1405 556 se
1444 501 1592 571 sequi
1640 514 1765 570 pro-

175 594 367 652 litetur.

238 685 426 740 Tribus
473 699 605 738 vero
651 683 910 755 gradibus
936 684 1008 737 ad.
1036 683 1208 748 hanc,
1239 683 1414 752 inquit
1443 683 1612 754 (Cap.
1657 683 1727 753 2)
1751 722 1768 748 ,

173 778 439 832 veritatem
468 774 872 831 conscenditur.
903 775 1115 830 Primus
1139 787 1225 830 est
1275 774 1436 828 falsas
1466 775 1770 845 intelligere

174 867 466 938 religiones,
496 876 550 920 et
576 866 814 935 abjicere
845 866 1038 933 impios
1066 865 1293 920 deorum
1321 866 1517 919 cultus.
1565 865 1770 920 Secun-

176 961 283 1026 dus,
304 973 632 1029 cognoscere
652 974 863 1024 verum,
890 959 1104 1013 unicum
1127 998 1142 1023 ,
1176 956 1553 1028 summumqué
1577 959 1766 1026 Deum,

174 1054 255 1123 qui
283 1053 459 1109 omnia
501 1061 770 1122 potestate
814 1067 910 1106 sua
954 1052 1177 1116 creavit,
1212 1061 1267 1106 et
1311 1051 1642 1121 providentia
1670 1067 1770 1123 gu-

176 1148 368 1198 bernat.
396 1144 648 1210 Tertius,
679 1159 971 1214 agnoscere
1002 1144 1096 1198 Dei
1123 1145 1354 1215 legatum
1383 1160 1446 1199 ac
1499 1146 1768 1211 nuntium,

171 1238 252 1305 qui
287 1237 530 1291 homines
555 1236 834 1291 erroribus
884 1237 1136 1291 liberatos
1160 1278 1173 1302 ,
1224 1236 1291 1289 ad
1317 1238 1474 1306 hujus
1508 1239 1619 1291 veri
1669 1237 1765 1292 Dei

170 1330 360 1383 cuitum
385 1343 448 1382 ac
464 1329 732 1396 justitiam
763 1328 1028 1382 formavit.
1075 1329 1316 1383 Breviter
1343 1339 1522 1384 autem
1556 1330 1758 1385 indicat

171 1423 376 1478 ubinam
403 1422 547 1487 illos,
578 1423 670 1492 qui
701 1423 848 1477 hunc
873 1423 1135 1492 triplicem
1163 1425 1407 1477 veritatis
1430 1423 1654 1494 gradum
1673 1440 1770 1478 ex-

173 1514 408 1583 plicando
429 1515 831 1581 aberraveriut,
863 1525 956 1570 aut
984 1516 1360 1584 eoniutaverit,
1393 1527 1482 1572 aut
1513 1518 1771 1588 deinceps

171 1606 539 1661 coniutaturus
565 1608 659 1662 sit.

235 1697 323 1752 His
341 1699 413 1751 ita
446 1697 785 1767 prtelibatis,
827 1698 986 1754 docet
1015 1699 1423 1770 quadruplicem
1452 1701 1520 1756 de
1565 1700 1642 1756 ira
1674 1702 1769 1757 Dei

1869 498 2134 554 scelerum
2160 512 2364 570 genere
2386 497 2788 554 volutabuntur.

1944 589 2363 660 Respondebant
2385 599 2562 644 autem
2591 589 2905 660 religionem
2945 598 3003 646 et
3025 589 3325 646 divinitatis
3354 605 3470 647 nte-

1874 690 1983 736 tutn
2019 697 2049 736 a
2078 681 2434 752 prudentibus
2461 681 2589 736 viris
2608 683 2835 735 conﬁcta
2867 681 3037 737 fuisse
3064 697 3170 736 non
3199 683 3463 749 veritatis,

1872 774 1966 829 sed
1991 774 2233 828 utilitatis
2257 773 2450 843 gratia,
2479 782 2538 826 ut
2557 773 2647 828 alii
2672 772 2922 828 nimirum
2951 773 3115 827 vitam
3145 773 3334 844 majori
3385 774 3467 828 in-

1873 866 2122 920 nocentia
2177 879 2241 919 ae
2297 880 2509 919 morum
2561 864 2867 934 integritate
2912 863 3192 920 ducerent.
3248 865 3468 921 Fatetur

1873 957 2090 1026 quidem
2119 957 2425 1012 Lactantius
2453 971 2700 1026 inriguam
2751 955 2854 1012 hoc
2897 947 3159 1026 responso
3187 956 3287 1011 sibi
3337 971 3467 1026 pro-

1874 1052 1998 1120 poni
2038 1049 2342 1120 disputandi
2381 1049 2683 1113 materiam,
2717 1057 2772 1104 et
2799 1064 2827 1101 a
2877 1063 2978 1104 suo
3008 1049 3284 1119 proposito
3332 1050 3468 1104 alie-

1876 1159 2032 1216 nam,
2067 1159 2227 1214 quam
2279 1151 2458 1198 tamen
2510 1143 2747 1197 breviter
2781 1143 3011 1212 attingit.
3050 1141 3243 1197 Narrat
3291 1142 3472 1212 itaque

1874 1236 2041 1305 (Cap.
2067 1235 2138 1306 9)
2165 1236 2516 1306 Protagoram
2544 1235 2773 1306 primum
2795 1235 3034 1289 omnium
3058 1236 3110 1290 in
3133 1234 3352 1290 dubium
3378 1250 3474 1290 vo-

1874 1341 2030 1382 casse
2048 1371 2062 1393 ,
2090 1342 2156 1381 an
2185 1325 2253 1381 sit
2281 1325 2478 1396 aliquis
2507 1326 2684 1401 Deus:
2716 1325 2913 1381 deinde
2942 1326 3234 1397 Epicurum
3286 1333 3472 1397 aperta

1876 1421 2196 1490 penitusque
2238 1419 2470 1474 absurda
2497 1417 2930 1474 contradictione
2963 1417 3212 1472 docuisse
3236 1417 3470 1472 divinam

1874 1525 1996 1566 esse
2023 1511 2306 1580 quamdam
2335 1521 2577 1566 naturam
2595 1552 2612 1577 ,
2638 1510 2732 1565 sed
2759 1512 2911 1580 cujus
2937 1509 3270 1579 providentia
3323 1511 3472 1566 nulla

1874 1603 1974 1667 sit;
1999 1602 2230 1672 denique
2256 1603 2537 1672 Diagoram
2561 1612 2616 1656 et
2635 1601 2984 1657 Theodorum
3005 1600 3228 1656 omnino
3244 1613 3476 1671 negasse

1878 1695 2041 1750 ullum
2067 1711 2187 1752 esse
2218 1696 2406 1752 Deum.

174 1789 346 1844 haberi
391 1805 551 1859 posse
598 1793 976 1859 quaistionem.
1027 1791 1206 1846 Primo
1230 1835 1245 1859 ,
1275 1808 1342 1846 an
1400 1792 1507 1847 Deo
1559 1795 1634 1847 ira
1667 1793 1765 1848 tri-
1797 1802 1846 1862 Β
1943 1801 2073 1855 Tam
2101 1799 2262 1853 falsas
2286 1806 2464 1852 autem
2493 1795 2589 1851 has
2618 1795 2900 1865 opiniones
2946 1800 3010 1848 ut
3033 1788 3272 1848 funditus
3319 1805 3476 1848 ever.

175 1881 374 1936 huenda
404 1883 495 1948 sit,
524 1891 578 1936 et
621 1883 886 1937 demenda
925 1885 1114 1953 gratia.
1143 1884 1391 1942 Secundo
1410 1928 1425 1952 ,
1455 1901 1522 1939 an
1551 1895 1773 1956 utraque

178 1973 270 2042 ipsi
299 1974 655 2028 detrahenda.
685 1975 900 2039 Tertio,
939 1991 1004 2028 an
1045 1977 1216 2045 gratia
1271 1979 1368 2046 ipsi
1413 1978 1727 2032 ascribenda
1753 2021 1767 2045 ,

178 2073 228 2121 et
252 2065 476 2120 tollenda
512 2065 618 2118 ira.
649 2067 982 2132 Quarto,_an
1016 2078 1238 2137 utraque
1266 2069 1365 2137 ipsi
1410 2069 1771 2125 attribuenda.

179 2157 246 2210 lie
271 2158 433 2224 prima
451 2158 757 2225 qutt'stionc
787 2174 890 2210 non
925 2169 1119 2227 potest,
1155 2161 1326 2230 inquit
1354 2159 1514 2232 (Cap.
1550 2163 1639 2230 5),
1667 2164 1772 2218 ulla

179 2265 286 2303 esse
323 2249 670 2319 disceptatio.
715 2251 850 2316 Quid
880 2255 1019 2304 enim
1048 2254 1192 2306 dictu
1227 2255 1393 2322 magis
1442 2257 1760 2324 absurdum,

183 2356 328 2408 quam
355 2341 547 2408 Deum,
591 2342 714 2395 boui
741 2353 1036 2404 auctorem,
1071 2345 1270 2398 nemini
1315 2345 1568 2414 prodesse
1596 2363 1656 2402 ac
1683 2348 1776 2404 be-

180 2432 431 2496 nciacere,
462 2435 562 2489 sed
601 2450 796 2488 nocere
828 2444 1034 2488 tantum
1055 2438 1332 2500 omnibus,
1361 2448 1410 2490 et
1443 2439 1632 2492 irasci?

246 2528 484 2596 Epicurei
513 2543 651 2582 vero
677 2529 835 2596 plane
872 2531 1269 2584 somniaverant
1316 2530 1367 2584 in
1413 2532 1522 2586 Deo
1574 2533 1776 2588 nullum

178 2634 285 2674 esse
311 2631 401 2675 aut
425 2623 619 2688 gratia:
651 2631 744 2673 aut.
775 2622 868 2674 ira:
893 2633 1094 2675 motum
1119 2621 1139 2693 (
1164 2608 1295 2690 Cap:
1320 2621 1410 2687 Δ).
1435 2621 1540 2676 Sed
1585 2625 1775 2693 pauci,

179 2712 305 2779 iique
329 2712 591 2772 scelerati
610 2712 858 2766 homines
881 2713 980 2768 hac
1009 2713 1289 2768 falsissimn
1315 2714 1648 2768 ducebantur
1665 2716 1778 2785 opi-

179 2803 342 2859 nione.
375 2805 434 2860 Si
461 2805 615 2860 Deus
643 2807 809 2868 enim,
836 2807 971 2860 sicut
1004 2808 1073 2861 illi
1103 2808 1428 2873 garriebant,
1462 2823 1564 2862 non
1595 2823 1781 2863 move-

178 2905 272 2955 tur;
310 2897 350 2950 si
383 2899 488 2951 ulla
517 2898 732 2967 absque
760 2899 1032 2953 voluntate
1075 2909 1169 2954 aut
1222 2900 1559 2968 providentia
1603 2911 1784 2972 torpet

177 2983 488 3055 immobilis,
526 2993 583 3045 is
610 2993 960 3060 proculdubio
985 2993 1123 3047 Deus
1153 3008 1257 3046 non
1287 3003 1386 3048 est.
1418 2995 1778 3060 Quamobrem

177 3081 215 3135 si
243 3081 354 3137 haec
381 3085 451 3138 sit
494 3083 728 3153 Epicuri
768 3083 985 3154 opinio,
1032 3086 1122 3140 ille
1162 3088 1402 3155 proiecto
1429 3103 1533 3142 non
1567 3089 1742 3159 reipsa
1765 3132 1780 3158 ,

177 3173 262 3228 sed
286 3159 643 3232 vcrbotemts
669 3176 834 3232 Deum
867 3177 1098 3231 existere
1126 3180 1376 3232 asseruit.

237 3265 398 3321 Stoici
423 3279 614 3322 autem
635 3267 839 3338 aliique
855 3269 1094 3324 nonnulli
1123 3271 1520 3325 arbitrabantur
1544 3273 1692 3343 (Cap.
1720 3274 1775 3343 ὅ)

181 3358 392 3425 gratiam
419 3359 472 3412 in
502 3359 621 3415 Deo
657 3359 872 3427 quidem
899 3375 1042 3426 esse,
1071 3362 1166 3415 sed
1191 3362 1390 3415 nullam
1420 3381 1652 3433 unquam
1685 3368 1778 3422 ira:

180 3450 611 3506 commotionem.
652 3450 862 3504 Etenim
891 3451 1050 3505 sicuti
1096 3451 1413 3523 benignitas,
1448 3458 1656 3511 aiebant
1679 3501 1692 3521 ,
1723 3469 1779 3514 et

180 3537 524 3598 beneﬁcentia
557 3541 614 3595 in
647 3542 756 3596 Deo
775 3557 897 3598 esse
926 3541 1108 3609 debet,
1133 3544 1203 3597 ita
1231 3555 1282 3599 ct
1303 3546 1554 3614 quaelibet
1584 3551 1778 3606 mentis

180 3632 514 3699 perturbatio.
547 3633 621 3687 ab
651 3647 716 3687 eo
743 3633 964 3688 omnino
994 3634 1164 3701 absit,
1198 3650 1420 3692 necesse
1448 3646 1548 3691 est.
1579 3638 1778 3695 Contra

181 3736 297 3776 vero
334 3723 701 3780 Lactantius:
738 3722 792 3780 Si
851 3724 1010 3790 Deus,
1047 3727 1249 3795 inquit,
1283 3737 1529 3782 movetur
1568 3733 1774 3800 gratia;

182 3828 300 3885 ergo
328 3825 382 3870 et
406 3816 508 3870 ira.
539 3815 1030 3871 Verumenimvero
1051 3817 1140 3886 qui
1162 3817 1335 3872 bonos
1361 3828 1409 3872 et
1439 3819 1556 3889 pios
1583 3821 1772 3890 diligit,

181 3908 262 3964 ille
288 3910 464 3979 impiis
490 3917 548 3964 et
572 3909 774 3978 iniquis
796 3909 1064 3966 irascitur.
1096 3910 1234 3964 Boni
1251 3912 1450 3981 quippe
1471 3912 1685 3967 dilectio
1712 3931 1779 3969 ex

188 4010 304 4064 mali
339 4009 489 4072 odio,
522 4018 582 4064 et
623 4009 750 4062 mali
782 4008 964 4062 odium
997 4024 1062 4063 ex
1101 4009 1227 4063 boni
1259 4009 1546 4064 dilectione
1600 4020 1781 4066 manat

180 4115 234 4154 ac
275 4100 508 4170 proﬂuit.
544 4099 652 4166 Qui
695 4113 827 4168 ergo
852 4099 1037 4169 gratia:
1077 4107 1225 4153 motu
1274 4099 1432 4154 bonis
1467 4099 1735 4156 bent-iacit
1759 4144 1774 4167 ,

181 4191 266 4246 ille
293 4193 456 4247 etiam
483 4192 649 4247 malis
690 4192 892 4257 iratus,
939 4206 1034 4246 eos
1079 4205 1176 4260 pro
1225 4193 1418 4249 merito
1457 4194 1678 4265 corripit
1724 4203 1779 4250 et

183 4284 420 4353 castigat.

247 4377 429 4447 Itaque
475 4384 672 4432 auctor
703 4384 887 4431 noster
929 4385 1116 4431 censet
1154 4374 1314 4448 (Cap.
1349 4376 1418 4449 6)
1444 4393 1560 4433 eam
1607 4380 1774 4435 solam

181 4470 496 4524 sententiam
525 4469 743 4524 veritati
766 4482 1059 4524 consonam
1077 4482 1218 4534 esse,
1239 4485 1356 4538 quae
1387 4471 1581 4525 asserit
1610 4471 1776 4528 Deum

1877 1903 1969 1955 tat,
2000 1893 2165 1945 variis
2195 1905 2256 1944 ac
2275 1890 2461 1944 validis
2501 1887 2749 1959 profecto
2764 1887 3028 1942 rationum
3059 1887 3346 1940 momentis
3385 1900 3477 1941 os-

1877 1986 2047 2040 tendit
2075 1983 2224 2057 (Cap.
2255 1983 2356 2053 lO)
2382 1981 2504 2036 illos
2526 1984 2684 2050 plane
2711 1995 2916 2046 errare,
2940 1979 3303 2050 quimundum
3319 1979 3469 2035 nulla

1885 2080 1976 2133 Dei
2008 2079 2359 2149 providentia,
2394 2077 2484 2131 sed
2532 2076 2749 2130 minutis
2781 2084 2834 2130 et
2863 2073 3277 2137 insecabilibus,
3309 2073 3471 2128 sicuti

1877 2172 2200 2242 Leucippus,
2232 2171 2586 2234 Democritus,
2634 2169 2898 2238 Epicurus
2920 2177 2973 2222 ct
3019 2167 3319 2233 Lucretius,
3351 2182 3480 2220 cor-

1879 2263 2116 2330 pusculis
2142 2270 2477 2327 concretum,
2501 2276 2595 2315 sua
2624 2261 2735 2315 sola
2761 2269 2952 2315 natura
2971 2260 3211 2315 extitisse
3234 2261 3472 2313 somnia-

1878 2363 2083 2408 verant.
2113 2353 2226 2408 Non
2252 2353 2436 2409 leviori
2467 2353 2663 2408 dehinc
2688 2353 2929 2416 brachio,
2956 2366 3055 2408 nec
3079 2353 3303 2406 minoris
3337 2367 3473 2422 pon-

1879 2447 2024 2502 deris
2046 2445 2598 2515 argumentationibus
2618 2459 2856 2499 errorem
2888 2445 3124 2499 concutit
3144 2444 3480 2514 destruitque

1879 2539 2170 2603 Stratonis,
2198 2539 2287 2608 qui
2315 2539 2477 2593 stulte
2503 2538 2827 2608 przedicahat
2850 2547 3119 2604 naturam,
3145 2553 3306 2592 sensu
3334 2547 3390 2592 et
3415 2537 3480 2600 [i-

1879 2646 2010 2702 gura
2041 2641 2352 2696 carentem,
2384 2631 2494 2684 ullo
2536 2631 2653 2684 sine
2680 2628 2919 2695 artiﬁce,
2963 2627 3045 2684 vel
3087 2639 3328 2695 auctore,
3378 2630 3479 2695 scd

1881 2739 1976 2779 sua
2005 2734 2195 2794 sponte
2222 2734 2552 2794 generatam.
2585 2722 2718 2777 Aliis
2745 2738 2874 2778 vero
2901 2723 3232 2792 argumentis
3255 2722 3482 2778 eviden-

1884 2816 2088 2869 tissime
2118 2815 2354 2869 ostendit
2385 2813 2681 2877 hominem,
2713 2813 2804 2884 qui
2833 2811 2902 2869 ab
2931 2813 3094 2884 humo
3121 2828 3314 2874 nomen
3359 2828 3480 2867 sor-

1885 2909 2009 2961 titus
2043 2917 2145 2971 est,
2170 2915 2224 2960 et
2249 2907 2365 2974 ejus
2393 2906 2625 2959 animam
2646 2947 2660 2972 ,
2708 2919 2773 2960 ac
2796 2912 2963 2982 totum
3007 2903 3264 2960 mundum
3307 2919 3334 2957 a
3367 2905 3481 2960 Deo

1886 2999 2048 3053 fuisse
2072 3009 2274 3062 creata;
2307 2999 2558 3068 illiusque
2584 2997 2918 3067 providentia
2955 2996 3266 3068 gubernari.
3311 2997 3479 3052 Plane

1885 3107 2032 3163 ergo,
2061 3093 2094 3146 ii
2117 3107 2325 3160 omnes,
2354 3091 2524 3162 inquit
2553 3091 2662 3159 ille,
2697 3074 3017 3157 delirabant,
3043 3091 3132 3174 qui
3163 3089 3481 3160 religionem

1771 3162 1858 3236 ’ϐ’
1883 3162 2058 3240 metus
2088 3198 2150 3238 ac
2183 3183 2403 3239 terroris
2433 3195 2591 3237 causa
2616 3183 2909 3250 institutam
2940 3163 3304 3248 venditabant.

1956 3277 2202 3332 Pluribus
2251 3277 2488 3350 posthmc
2527 3275 2787 3346 exemplis
2811 3285 2865 3330 et
2895 3274 3198 3331 ‘ratiOnibus
3225 3272 3482 3341 manifes-

1885 3371 2086 3424 tissime
2103 3369 2436 3423 demonstrat
2455 3365 2620 3439 (Cap.
2646 3368 2704 3421 ll
2729 3367 2748 3437 )
2774 3379 2937 3434 unum
2965 3364 3334 3421 tantummodo
3355 3379 3480 3420 esse

1884 3476 2041 3530 posse
2073 3460 2214 3513 hunc
2240 3459 2430 3514 Deum.
2449 3455 2599 3530 Quod
2623 3457 2862 3528 quidem,
2889 3465 3010 3526 post
3027 3455 3346 3527 patefactam
3375 3455 3480 3509 im-

1880 3555 1952 3625 pii
1973 3554 2200 3624 plnrium
2231 3553 2454 3608 deorum
2482 3537 2663 3616 cultus
2676 3551 2958 3621 originem,
2987 3548 3219 3619 publico,
3250 3563 3349 3608 nec
3374 3547 3480 3602 du-

1881 3647 1968 3702 bio
1995 3655 2142 3700 certe
2173 3644 2433 3713 Platonis,
2458 3641 2812 3712 Trismegisti,
2845 3641 3103 3708 Socratis,
3132 3641 3480 3720 Pythagorae,

1881 3739 2218 3792 Antisthenis
2248 3746 2301 3792 et
2340 3735 2642 3790 Aristotelis
2684 3733 2991 3788 testimonio
3026 3732 3328 3787 conﬁrmat.
3362 3731 3481 3790 Sed

1883 3830 1967 3896 hi,
2008 3829 2209 3898 inquit,
2265 3825 2714 3896 quemadmodum
2769 3833 2978 3894 poetze,
3025 3832 3079 3885 et
3125 3823 3214 3878 alii
3247 3823 3480 3894 gentiles

1881 3920 2089 3973 etiamsi
2120 3917 2489 3982 concesserint
2528 3931 2688 3970 unum
2734 3927 2855 3981 esse
2912 3911 3111 3980 Deum;
3142 3914 3262 4000 qttia
3297 3923 3482 3986 tamen~

1881 4011 2010 4066 nihil
2045 4012 2111 4066 de
2137 4011 2282 4081 ejus,
2317 4026 2474 4080 quem
2513 4009 2810 4063 benelicum
2850 4009 3163 4076 credebant,
3187 4010 3335 4068 cultu
3361 4020 3482 4072 sta-,

1882 4112 2132 4165 luerunt,
2187 4103 2387 4156 idcirco
2425 4099 2668 4156 arbitrati
2698 4110 2825 4164 sunt
2868 4101 3016 4155 illum
3073 4101 3150 4156 ira
3201 4117 3484 4173 nunquant

1880 4195 2155 4251 concitari.
2199 4193 2278 4249 Ex
2325 4194 2406 4248 his
2444 4208 2626 4263 porro,
2661 4207 2783 4263 quae
2832 4191 3093 4248 hactenus
3119 4192 3262 4247 dicta
3317 4203 3476 4260 sunt,

1880 4287 1968 4340 ille
2013 4285 2283 4340 concludit
2313 4284 2475 4354 (Cap.
2512 4269 2872 4354 mruhduus
2903 4297 3151 4352 eversam
3183 4299 3306 4340 esse
3357 4275 3480 4340 illo-4

1879 4396 1997 4434 rum
2031 4379 2460 4448 responsionem,
2483 4376 2572 4445 qui
2597 4375 2994 4430 contendebant
3029 4375 3340 4452 religionem
3371 4376 3478 4452 uti-

1881 4473 2046 4527 litatis
2078 4445 2281 4538 tantum
2316 4467 2484 4539 gratia
2520 4466 2898 4538 introductam.
3134 4445 3170 4462 Ἴ

182 4562 522 4633 sicutgratia,
544 4564 620 4616 ita
638 4561 786 4616 etira
814 4561 990 4630 reipsa
1014 4562 1361 4616 commoveri.
1386 4561 1442 4616 In
1471 4553 1569 4618 hoc
1597 4573 1774 4620 autem
1804 4555 1868 4616 Β·
1956 4565 2090 4619 Aliis
2122 4574 2296 4617 tamen
2343 4557 2518 4615 adhuc
2565 4562 2828 4615 rationum
2879 4561 3165 4626 momentis
3208 4561 3481 4634 convincit

184 4652 336 4707 totius
348 4653 632 4723 religionis
648 4667 911 4706 summam
935 4661 989 4706 et
1001 4653 1274 4706 cardinem
1291 4655 1494 4708 versari
1509 4656 1778 4711 existimat

181 4743 334 4812 (Cap.
371 4745 464 4815 7).
492 4743 658 4812 Quod
681 4744 896 4814 quidem
929 4757 994 4798 eo
1021 4743 1388 4811 demonstrat,
1420 4746 1561 4816 quod
1592 4746 1776 4813 homo,

181 4840 274 4891 etsi
318 4839 487 4892 multa
510 4855 637 4893 cum
661 4839 833 4892 brutis
853 4839 1183 4904 communia,
1224 4848 1316 4893 aut
1364 4840 1426 4894 iis
1459 4841 1653 4897 similia
1685 4843 1780 4897 ha-

182 4929 328 4994 beat,
371 4931 641 4998 sapientia
673 4939 854 4984 tamen
885 4946 950 4986 ac
979 4933 1314 5001 potissimum
1347 4933 1636 5002 religione,
1668 4936 1782 4992 sive

183 5022 362 5076 notitia
387 5031 444 5077 et
473 5023 625 5077 cultu
659 5023 751 5086 Dei
782 5023 850 5078 ab
878 5023 1000 5077 aliis
1047 5025 1412 5094 distinguitur.
1447 5029 1606 5097 Atqui
1652 5030 1778 5084 reli-

182 5114 264 5182 gio
288 5116 405 5170 sine
432 5116 655 5169 sincero
683 5116 799 5181 Dei,
832 5117 1202 5185 peccatoribus
1219 5117 1431 5185 offensi,
1451 5129 1609 5188 atque
1639 5121 1782 5189 irati,

183 5217 323 5262 metu
350 5218 498 5264 stare
541 5223 650 5263 non
679 5218 878 5279 potest.
910 5209 1048 5265 Iram
1073 5225 1202 5281 ergo
1225 5211 1320 5266 Dei
1348 5227 1627 5282 perperam
1680 5216 1786 5269 tol-

184 5299 290 5356 lere
311 5303 656 5358 conabantur
677 5302 929 5372 Epicurei
979 5303 1143 5375 (Cap.
1177 5306 1282 5374 8),
1316 5305 1405 5375 qui
1450 5306 1598 5360 illum
1646 5307 1782 5363 nihil

187 5409 376 5452 curare
405 5396 747 5452 cﬂutiebant.
778 5395 994 5452 Frustra
1023 5399 1166 5453 enim
1197 5397 1328 5452 nihil
1359 5399 1587 5467 curanti,
1619 5400 1783 5454 nihil-

188 5504 286 5558 que
311 5505 437 5546 cum
466 5489 629 5545 nobis
655 5504 942 5546 commune
971 5491 1211 5556 habenti,
1262 5491 1459 5561 templa
1513 5492 1786 5548 rediiican-

191 5587 290 5660 tur,
323 5596 386 5636 ac
411 5581 552 5636 ﬁunt
572 5580 853 5636 sacriﬁcia.
875 5581 1061 5637 Nullus
1084 5583 1227 5638 enim
1257 5583 1427 5637 honos
1454 5583 1505 5638 ei
1533 5584 1784 5639 debetur.

192 5673 267 5728 Ad
300 5674 415 5731 haec
441 5689 579 5730 vero
614 5692 625 5727 :
659 5674 703 5728 si
735 5675 874 5729 Deus
901 5691 1008 5731 non
1037 5677 1306 5745 irascitur,
1351 5676 1534 5750 utique
1581 5693 1686 5731 non
1721 5677 1788 5731 ti-

195 5775 404 5831 metur;
441 5769 488 5824 si
509 5781 620 5823 non
643 5767 882 5834 timetur,
905 5785 1000 5825 nec
1028 5770 1187 5825 etiam
1212 5769 1440 5835 colitur;
1472 5769 1597 5840 quin
1627 5769 1792 5828 immo

1888 4661 2052 4714 Deum
2095 4657 2268 4726 reipsa
2300 4655 2474 4710 irasci.
2507 4654 2611 4710 Sed
2659 4664 2715 4708 ut
2744 4654 2857 4710 haec
2885 4653 3058 4720 adhuc
3086 4655 3327 4724 planiora
3360 4671 3480 4730 om-

1887 4751 2043 4804 nibus
2073 4750 2284 4813 iiereut,
2317 4747 2615 4801 luculenter
2637 4745 2726 4800 ille
2746 4745 2980 4800 ostendit
3009 4745 3175 4818 (Cap.
3202 4746 3299 4818 l5)
3329 4746 3480 4802 mnti-

1885 4841 2012 4894 dum
2043 4856 2148 4894 non
2179 4850 2446 4904 mutorum
2492 4836 2822 4902 animalium,
2851 4837 2946 4891 sed
2993 4836 3274 4916 hominum
3313 4855 3478 4918 causa

1884 4931 2049 4987 fuisse
2072 4948 2100 4985 a
2135 4931 2244 4986 Deo
2267 4930 2560 5000 conditum.

1955 5028 2025 5078 At
2044 5024 2087 5077 si
2116 5024 2186 5077 ita
2216 5032 2327 5087 est,
2361 5021 2671 5091 inquiebant
2698 5019 3026 5089 Academici,
3049 5035 3146 5077 cur
3169 5029 3276 5096 tam
3303 5025 3490 5098 multa,

1885 5116 2100 5186 ipsimet
2147 5111 2346 5168 homini
2385 5112 2753 5184 contrariaac
2798 5112 3048 5183 pestifera
3100 5114 3488 5186 inveniuntur?"

1885 5207 2304 5279 Respondebant
2328 5205 2547 5276 quidem
2573 5205 2741 5279 Stoici
2779 5206 3033 5278 latentem
3059 5223 3246 5280 eorum
3277 5211 3481 5279 utilita-

1888 5310 1998 5357 tem
2025 5314 2186 5372 posse
2224 5298 2486 5369 deinceps,
2527 5298 2764 5370 agnosci,
2795 5313 2855 5358 ac
2885 5315 2953 5354 ex
3005 5301 3500 5374 ipsislanimaiibus.

1889 5401 2074 5448 contra
2097 5405 2282 5446 eorum
2329 5403 2534 5445 venena
2565 5390 2747 5446 haberi
2790 5389 3110 5456 remedium.
3136 5391 3248 5460 Sed
3271 5391 3369 5449 hos
3395 5409 3486 5451 re-

1891 5485 2028 5542 fellit
2053 5484 2382 5550 Lactantius,
2411 5482 2535 5554 quia
2567 5483 2728 5548 multa
2761 5483 2891 5536 nulli
2915 5482 3307 5562 videnturzesse
3337 5487 3483 5558 utili-

1892 5582 2009 5645 tati,
2042 5593 2104 5633 ac
2137 5579 2303 5634 satius
2324 5586 2470 5634 esset
2514 5576 2654 5631 nulla
2689 5575 2800 5640 ﬁeri
2857 5575 3021 5640 noxia,
3058 5584 3112 5630 et
3158 5578 3434 5634 mortifera
3464 5619 3496 5656 ,Ι

1892 5685 2050 5744 quam
2079 5686 2144 5726 ex
2178 5670 2284 5724 illis
2307 5669 2563 5723 adversus
2591 5667 2701 5736 ipsa
2732 5665 3031 5736 remedium
3058 5682 3320 5740 quatere.
3346 5671 3490 5738 Qua-

1899 5774 2118 5838 propter
2150 5763 2240 5819 ille
2258 5759 2549 5832 respondet
2574 5759 2680 5815 soli
2707 5774 2774 5815 ex
2801 5758 3166 5818 animantibus
3187 5760 3388 5820 homini
3413 5764 3496 5819 in-
