3970 6392
483 341 609 400 151’

1373 290 1680 388 Dtsssm‘.
1706 328 1769 382 υ.
1801 324 1889 381 LE
1924 319 2208 380 NUURRY
2235 319 2302 376 1N
2329 317 2456 374 ua.
2483 316 2570 374 DE
2591 315 2706 372 IBA
2732 311 2859 370 DEI.

3680 302 3790 361 152

475 457 643 515 ditant
670 473 700 513 a
727 459 840 516 Deo
853 453 1192 528 sapientiam.
1219 463 1322 521 qua
1366 447 1506 502 bona
1534 444 1806 500 discernat
1828 457 1860 496 a
1885 438 2060 504 malis,
2088 437 2144 497 Α
2167 431 2614 514 enim,_probaret
2639 428 2922 493 delictum,
2949 430 3005 481 et
3041 420 3110 479 ad
3150 419 3357 493 majora
3384 417 3493 476 iter
3525 429 3793 474 securum

481 559 642 616 atque
669 550 756 605 illa
785 549 967 618 eligat,
993 555 1047 600 et
1100 542 1218 597 hate
1259 555 1324 594 ac
1369 549 1721 608 quaecumque
1765 531 1870 586 sibi
1907 528 2067 584 noxia

474 651 628 706 sunt,
656 640 876 696 devitet.

554 729 755 785 Eadem
814 725 1020 781 ratione
1066 723 1226 776 aliam
1282 717 1480 774 evertit
1519 713 2066 786 argumentationem,

477 837 638 892 quam
660 819 760 874 sibi
787 819 902 888 ipse
931 817 1073 872 hunc
1105 812 1388 884 proposuit
1411 811 1466 866 in
1503 808 1718 864 modum
1751 824 1766 860 :
1794 807 1900 861 Aut
1926 804 2070 859 Deus

481 921 682 982 potest,
711 919 898 965 etnon
929 907 1041 962 vult
1069 907 1207 960 mala
1252 905 1462 968 tollere,
1507 915 1680 970 eoque
1701 900 1816 968 ipso
1859 896 2070 951 invidus

481 1013 600 1059 est:
630 1011 724 1057 ant
749 1002 883 1066 vult,
913 1010 969 1056 et
995 1015 1100 1054 non
1133 1007 1329 1068 potest,
1350 1005 1406 1051 et
1430 995 1502 1050 ita
1532 1005 1615 1049 cst
1639 994 1902 1048 infirmus.
1929 991 2072 1058 Ergo

477 1109 584 1150 nec
619 1094 758 1148 Deus
805 1091 1066 1146 dicendus
1091 1090 1210 1144 crit.
1251 1087 1514 1143 Concedit
1547 1093 1723 1138 autem
1771 1081 2074 1136 Lactantius

480 1185 654 1241 Deum
685 1197 842 1252 posse
869 1181 1066 1242 malum
1097 1181 1306 1243 tollere,
1339 1177 1434 1234 sed
1461 1176 1583 1231 ideo
1609 1174 1736 1230 illud
1760 1189 1863 1228 nou
1891 1181 2074 1228 sustu-

479 1273 646 1339 Jisse;
669 1273 790 1340 quia
825 1271 1062 1338 nomini,
1095 1271 1172 1325 uti
1195 1269 1398 1324 dictum
1427 1276 1539 1334 est,
1561 1266 1710 1320 dedit
1738 1263 2070 1334 sapientiam,

483 1378 590 1432 qua
639 1369 818 1432 potest
856 1362 1054 1416 malum
1093 1365 1492 1433 agnoscerehet
1519 1371 1786 1412 summum
1837 1356 2032 1412 bonum
2058 1393 2074 1420 ,

485 1433 581 1510 seu
611 1453 823 1508 beatam
848 1451 1300 1506 immortalitatem
1329 1448 1576 1518 adipisci.

558 1541 1018 1614 Quemadmodum
1046 1555 1176 1596 vero
1201 1541 1341 1594 Deus
1369 1536 1628 1592 mundum
1660 1543 1880 1605 propter
1905 1533 2081 1588 homi-

483 1651 634 1703 nem,
664 1635 743 1690 sic
770 1644 825 1690 et
851 1633 993 1690 hunc
1016 1642 1237 1702 propter
1265 1645 1326 1685 se
1345 1629 1570 1692 creavit,
1597 1627 1647 1682 id
1671 1638 1771 1691 est,
1805 1636 1862 1681 ιιι
1890 1627 1958 1682 ab
1989 1625 2082 1680 illo

487 1735 865 1798 cognoscatur,
892 1739 955 1780 ac
982 1723 1163 1780 debita
1191 1721 1541 1778 veneratione
1566 1719 1793 1772 colatur.
1827 1717 1956 1772 Inde
1982 1733 2080 1774 au-

2173 525 2460 597 panderet.
3649 579 3683 587 _

2239 616 2422 687 Neque
2467 597 2594 669 sinit
2641 611 2740 668 sibi
2785 608 2946 680 objici
3000 606 3254 678 Archyta:
3302 603 3652 674 exemplum,
3696 599 3792 670 qui

2185 717 2470 779 propterea
2495 703 2639 776 quod
2671 703 2846 758 villico
2878 700 3118 772 peccanti
3145 699 3314 754 iratus
3335 704 3460 753 erat
3482 737 3498 762 ,
3529 709 3663 749 eum
3695 708 3794 762 pu-

2173 799 2292 854 nire
2320 798 2505 852 noluit.
2539 796 2766 853 Unicum
2793 795 2990 866 quippe
3014 791 3320 862 exemplum
3347 799 3458 853 est,
3487 786 3640 858 quod
3673 784 3794 840 nul.

2174 889 2292 957 lus,
2323 888 2403 943 uti
2445 888 2538 943 ille
2569 886 2806 942 Platonis
2836 884 3146 940 testimonio
3175 881 3457 951 variisque
3483 877 3796 932 rationibus

2175 982 2406 1054 probare
2428 979 2726 1045 contendit,
2755 977 2918 1032 debet
2951 974 3167 1030 imitari.
3197 973 3267 1028 At
3291 973 3360 1027 de
3396 973 3545 1037 Deo,
3579 968 3796 1040 inquit,

2175 1073 2244 1128 de
2273 1073 2426 1140 cujus
2447 1081 2629 1125 tamen
2653 1071 2818 1141 ﬁgura
2843 1077 3006 1134 tacet,
3024 1067 3166 1121 idem
3187 1064 3480 1121 dicendum
3511 1079 3578 1118 ac
3598 1063 3670 1117 de
3697 1060 3803 1116 ho-

2176 1165 2341 1230 mine,
2371 1179 2526 1232 quem
2552 1163 2778 1217 similem
2807 1161 2906 1215 sibi
2939 1160 3086 1216 fecit.

2256 1255 2450 1310 Verum
2480 1255 2602 1324 quia
2637 1254 2796 1308 homo
2821 1253 2998 1308 anima
3021 1259 3234 1307 constat
3259 1259 3314 1307 et
3334 1264 3572 1319 corpore
3598 1247 3808 1316 quibus

2181 1347 2248 1402 ad
2278 1351 2501 1401 virtutes
2521 1387 2537 1412 ,
2572 1354 2665 1398 aut
2690 1354 2876 1400 contra
2907 1343 3168 1400 sancitam
3210 1358 3239 1397 a
3259 1343 3387 1398 .Deo
3412 1342 3592 1411 legem
3621 1339 3694 1393 ad
3717 1339 3804 1394 vi-

2183 1442 2256 1496 tia
2283 1442 2484 1504 fertur;
2509 1439 2710 1496 idcirco
2740 1439 2900 1504 Deus,
2931 1439 3171 1493 omnium
3197 1445 3350 1506 pater
3370 1445 3427 1490 et
3454 1443 3676 1498 rector,
3705 1432 3816 1488 de-

2183 1533 2415 1588 lectatur
2444 1530 2584 1586 illius
2607 1529 2912 1593 virtutibus,
2937 1538 2994 1584 et
3013 1529 3158 1582 vitiis
3180 1520 3560 1581 commovetur
3574 1542 3596 1590 ;
3625 1523 3814 1578 bonos

2183 1624 2384 1693 diligit,
2417 1632 2473 1678 et
2503 1623 2730 1693 injustos
2760 1621 2884 1676 odio
2911 1621 3072 1676 habet
3100 1619 3264 1692 (Cap.
3299 1619 3430 1688 i9).

2259 1717 2329 1770 At
2350 1713 2478 1784 quid
2505 1717 2576 1778 ei,
2607 1712 2939 1782 inquiebant,
2970 1725 3107 1781 opus
3131 1709 3278 1773 odio,
3307 1709 3397 1780 qui
3418 1715 3479 1764 et
3503 1707 3669 1763 bonis
3685 1715 3809 1760 sta-

488 1828 597 1876 tem
624 1817 760 1874 scite
796 1814 1186 1887 colligit(Cap.
1217 1812 1593 1884 M)eumdem
1647 1812 1916 1880 hominem
1956 1810 2082 1864 reli-
2108 1814 2160 1875 Β
2187 1807 2286 1862 tuit
2334 1807 2645 1875 prmmium,
2684 1813 2740 1860 et
2785 1805 2940 1859 malis
2977 1802 3422 1874 pmnam?Quia,
3457 1801 3639 1872 inquit
3668 1800 3817 1854 Lac-

487 1913 684 1983 gionis,
708 1921 764 1968 et
789 1920 847 1965 ttt
864 1909 940 1964 ait
960 1908 1170 1976 Cicero,
1197 1907 1418 1978 justitia:
1447 1919 1607 1960 causa
1633 1904 1798 1959 fuisse
1817 1915 2076 1958 creatum.

489 2003 548 2058 Si
579 2003 698 2072 quis
735 2015 865 2058 vero
892 2001 1212 2062 sciscitetur,
1241 1998 1382 2053 unde
1423 2011 1552 2067 ergo
1571 2004 1782 2066 peccata
1813 1995 1879 2048 ad
1910 1995 2084 2050 homi-

489 2108 616 2148 nem
646 2091 989 2162 pervenerint
1010 2131 1024 2153 ,
1058 2104 1372 2159 responsum
1402 2105 1432 2142 a
1482 2086 1758 2142 Lactantio
1786 2087 1829 2140 is
1859 2085 2085 2154 accipiet

491 2182 656 2252 (Cap.
690 2182 814 2251 15),
865 2197 924 2236 se
948 2181 1058 2251 jam
1111 2181 1232 2234 huic
1274 2179 1554 2250 qumstioni
1586 2177 1928 2242 satisfecisse,
1961 2189 2081 2229 cum

494 2273 630 2330 dixit
653 2273 820 2328 Deum
849 2273 1050 2327 homini
1073 2271 1271 2325 bonum
1291 2269 1636 2339 proposuisse
1657 2277 1712 2322 et
1729 2267 1948 2332 malum,
1982 2266 2084 2321 hoc

498 2375 680 2419 autem
701 2405 717 2430 ,
747 2363 890 2434 quod
933 2363 1078 2426 odit,
1107 2362 1446 2432 permisisse,
1477 2371 1535 2415 ut
1565 2360 1717 2425 illud,
1748 2359 1889 2429 quod
1920 2367 2082 2424 amat,

495 2456 624 2514 inde
645 2457 920 2512 emicaret.
949 2455 1022 2511 At
1047 2455 1168 2524 quia
1199 2455 1381 2519 homo,
1411 2469 1517 2508 non
1549 2467 1703 2507 secus
1727 2468 1789 2507 ac
1825 2451 2084 2516 mundus,

495 2548 839 2618 componitur
867 2546 1028 2601 rebus
1049 2544 1334 2600 contrariis
1358 2554 1412 2598 et
1447 2543 1881 2613 repugnantibus,
1909 2541 2085 2594 anima

491 2639 741 2694 videlicet
769 2637 938 2692 solida
965 2646 1020 2692 et
1045 2646 1269 2702 aeterna,
1294 2643 1350 2690 et
1375 2649 1600 2705 corpore
1645 2633 1814 2702 fragili
1851 2642 1906 2686 et
1941 2648 2086 2686 mor--

491 2729 608 2794 tali,
641 2728 768 2784 hinc
793 2727 1033 2798 profecto
1055 2736 1168 2782 orta
1195 2735 1401 2780 suntet
1452 2734 1657 2779 natura:
1687 2723 1806 2791 ejus
1832 2722 2088 2791 deprava-

488 2822 591 2886 tio,
619 2833 672 2876 et
701 2820 850 2887 vitia,
871 2835 991 2890 quae
1017 2819 1113 2874 Dei
1147 2818 1352 2888 legibus
1371 2817 1640 2887 prohiberi
1671 2815 1924 2884 oportuit.
1947 2814 2089 2869 Deus

488 2925 620 2980 ergo
649 2912 702 2965 in
732 2911 903 2966 bonos
949 2909 1197 2964 homines
1223 2910 1302 2964 eis
1351 2923 1556 2963 morem
1587 2914 1838 2977 gerentes
1880 2907 2050 2975 gratia
2069 2945 2086 2969 ,

494 3009 660 3072 atque
687 3001 740 3056 in
770 3001 1212 3071 przevaricatores
1235 3000 1312 3053 ira
1337 3009 1727 3053 commovetur.

569 3094 753 3164 Neque
811 3093 1070 3163 Epicurus
1097 3092 1336 3159 obiicere
1373 3097 1584 3160 poterat
1630 3090 1682 3142 in
1731 3088 1843 3142 Deo
1892 3087 2092 3156 pariter

2185 1899 2406 1967 tantius,
2436 1899 2480 1954 si
2502 1899 2620 1964 quis
2642 1897 2786 1968 juste
2834 1911 2897 1951 ac
2925 1907 3073 1952 recte
3096 1897 3275 1961 vivat,
3321 1895 3492 1949 Deum
3521 1909 3662 1949 vero
3695 1909 3808 1950 nec

2187 1989 2365 2054 colat,
2394 2004 2490 2042 nec
2519 1997 2694 2051 curet,
2726 1999 2853 2042 tunc
2878 1987 2992 2056 ipse
3021 1987 3162 2041 Deus
3190 1986 3333 2040 hunc
3364 2000 3476 2039 non
3521 1985 3659 2038 sinit
3679 1999 3816 2041 esse

2187 2080 2545 2150 impunitum,
2587 2093 2652 2134 ac
2679 2088 2899 2148 propter
2937 2077 3055 2146 ejus
3099 2076 3408 2145 superbiam
3447 2075 3527 2128 ira
3581 2077 3638 2129 in
3681 2091 3814 2130 eum

2191 2180 2579 2226 commovetur.
2628 2167 3052 2235 Qemadmodum
3093 2182 3223 2238 ergo
3257 2169 3541 2237 ignoscere
3593 2175 3812 2238 potest,

2191 2263 2263 2318 ita
2293 2273 2348 2316 et
2375 2262 2551 2318 irasci.

2259 2351 2612 2422 Interroganti
2639 2359 2817 2406 autem
2844 2367 2942 2406 cur
2973 2352 3030 2418 ii,
3057 2352 3146 2422 qui
3195 2359 3446 2420 peccant,
3480 2366 3634 2422 saepe
3687 2351 3818 2408 feli-

2187 2457 2302 2508 ces,
2349 2451 2404 2498 et
2431 2443 2520 2512 qui
2554 2443 2639 2511 pie
2665 2443 2869 2508 vivunt,
2917 2458 3061 2512 saepe
3107 2443 3290 2498 miseri
3321 2444 3469 2508 sint;
3511 2445 3820 2513 respondet

2187 2545 2376 2590 auctor
2397 2532 2559 2608 (Cap.
2577 2533 2694 2606 ~20)
2725 2543 2908 2590 noster
2928 2535 3066 2592 filios
3083 2535 3184 2589 sub
3202 2535 3492 2606 disciplina
3523 2538 3702 2605 patris
3729 2538 3818 2592 sui

2189 2627 2528 2690 constitutos,
2551 2627 2792 2682 strictius
2822 2636 2876 2682 et
2905 2627 3165 2696 frugalius
3192 2627 3314 2682 aliis
3343 2627 3594 2698 fugitivis
3621 2639 3681 2684 et
3704 2629 3812 2684 ab-

2191 2722 2384 2778 dicatis
2411 2723 2610 2776 vivere.
2643 2721 2844 2778 Deinde
2862 2739 3012 2789 vero,
3033 2725 3124 2794 qui
3158 2733 3406 2794 peccant,
3453 2725 3666 2795 inquit,
3703 2741 3816 2781 non

2189 2813 2442 2884 effugient
2473 2813 2866 2881 Deijudicinm,
2913 2823 2969 2869 et
3004 2814 3213 2870 debitas
3239 2824 3586 2885 :cternasque
3637 2817 3820 2872 scele-

2189 2921 2310 2961 rum
2341 2920 2530 2976 pmnas
2557 2903 2843 2972 aliquando
2868 2904 3097 2962 dabunt.

2263 2998 2540 3054 lostabant
2579 3014 2592 3050 :
2626 3011 2721 3051 cur
2747 2999 2922 3063 Deus,
2950 2985 2995 3053 si
3025 3000 3377 3070 peccantibus
3430 3001 3715 3067 irascitur,
3759 3003 3815 3057 in

2191 3105 2286 3144 eos
2312 3091 2492 3144 statim
2542 3109 2645 3146 non
2684 3089 3102 3146 animadvertit?
3129 3091 3396 3160 Quoniam
3443 3106 3574 3147 cum
3601 3107 3695 3158 ea,
3739 3091 3817 3148 ait

497 3201 620 3243 esse
646 3184 847 3245 debere
875 3185 1103 3249 timoris,
1135 3182 1394 3249 libidinis,
1421 3191 1476 3238 et
1503 3180 1810 3250 cupiditatis
1836 3180 2080 3236 affectus.
2109 3177 2157 3240 C
2189 3179 2502 3237 Lactantius
2521 3225 2536 3248 ,
2568 3184 2640 3238 sit
2663 3181 2896 3236 humana
2927 3181 3210 3252 fragilitas,
3243 3193 3301 3238 ut
3334 3199 3503 3240 nemo
3538 3199 3654 3240 non
3683 3199 3813 3254 pec-

496 3277 634 3332 Nam
664 3275 720 3331 hi
744 3276 943 3346 aliique
965 3273 1172 3330 similes
1197 3281 1396 3339 motus,
1421 3288 1491 3328 ex
1518 3273 1752 3326 hominis
1782 3271 2066 3340 fragilitate

497 3367 628 3432 orti,
655 3367 708 3420 iu
739 3365 928 3432 Deum,
957 3366 1048 3436 qui
1079 3365 1396 3420 immortalis
1415 3373 1514 3429 est,
1541 3372 1595 3419 et
1617 3364 1810 3419 nullius
1839 3365 1916 3419 rei
1944 3373 2083 3434 eget,

495 3458 692 3515 cadere
733 3473 840 3512 non
872 3465 1094 3527 possunt
1131 3455 1290 3527 (Cap.
1326 3453 1447 3526 16).
1477 3453 1676 3510 Contra
1705 3469 1833 3510 vero
1888 3455 1962 3508 ira
1991 3453 2088 3508 ad-

495 3564 686 3606 versus
717 3548 888 3604 malos
917 3547 1184 3611 homines,
1219 3555 1273 3601 et
1295 3561 1418 3616 erga
1444 3546 1615 3600 bonos
1644 3545 1898 3610 charitas,
1930 3554 2090 3616 atque

501 3640 556 3697 in
597 3641 826 3696 afflictos
857 3639 1150 3700 miseratio,
1179 3647 1305 3692 sunt
1345 3637 1565 3692 affectus
1593 3637 1702 3691 Deo
1733 3638 1889 3708 plane
1907 3636 2050 3706 digni
2071 3679 2086 3704 ,

501 3749 762 3804 suamque
813 3733 1014 3788 habent
1041 3732 1092 3786 in
1124 3731 1242 3800 ipso
1265 3730 1564 3784 materiam.
1611 3728 1778 3784 Secus
1807 3729 1948 3783 enim
1975 3742 2092 3782 om-

498 3823 588 3880 nia
616 3816 1099 3892 scelerum'genera
1131 3821 1384 3875 mundum
1415 3821 1630 3889 impune
1658 3819 2002 3874 inundarent.

575 3915 813 3970 Instabat
855 3914 1122 3984 Epicurus
1148 3911 1318 3966 Deum
1349 3925 1469 3965 esse
1497 3911 1744 3976 beatum,
1773 3923 1902 3978 ergo
1935 3909 2088 3980 quie-

503 4013 619 4063 tum
655 4015 712 4061 et
759 4003 888 4060 nihil
933 4007 1231 4059 curantem.
1283 4004 1352 4056 At
1396 4000 1558 4056 sentit
1585 4009 1754 4066 certe,
1801 4000 1876 4054 uti
1918 4000 2094 4070 arguit

504 4097 818 4155 Lactantius
844 4093 1007 4166 (Cap.
1042 4091 1170 4164 i7),
1201 4107 1520 4161 semperque
1556 4092 1704 4145 vivit.
1736 4091 1861 4160 Agit
1911 4092 2090 4162 igitur.

505 4190 640 4258 Qum
669 4198 847 4243 autem
872 4195 956 4240 est
994 4186 1135 4240 actio
1164 4183 1288 4247 Dei,
1317 4183 1418 4236 nisi
1447 4182 1627 4236 mundi
1673 4181 2094 4236 administratio?

505 4279 580 4338 At
609 4280 650 4334 si
681 4293 862 4334 curam
895 4275 1078 4330 mundi
1102 4283 1157 4330 et
1182 4273 1412 4328 hominis
1453 4271 1648 4338 habet,
1694 4272 1804 4327 vult
1857 4272 2094 4341 profecto

443 4433 450 4439 ,
505 4372 576 4428 ab
602 4370 820 4425 homine
848 4367 1023 4438 legem
1045 4382 1196 4422 suam
1211 4363 1510 4442 observari,
1533 4372 1588 4418 et
1614 4363 1756 4419 illius
1779 4365 2098 4434 praevarica-

507 4463 721 4519 toribus
745 4460 1015 4516 irascitur.

2191 3279 2311 3336 cet,
2343 3275 2646 3342 paucissimi
2675 3273 2918 3344 profecto
2939 3274 3202 3330 viverent.
3231 3275 3437 3330 Deinde
3481 3291 3623 3332 vero
3655 3277 3810 3332 multi

2192 3378 2262 3419 ex
2282 3365 2440 3420 malis
2479 3373 2536 3421 et
2565 3367 2822 3436 improbis
2867 3366 2998 3420 fiunt
3018 3366 3149 3436 justi
3176 3375 3232 3421 et
3259 3367 3637 3436 continentes,
3691 3369 3812 3437 plu-

2191 3470 2384 3534 resque
2412 3472 2478 3512 οι
2506 3457 2768 3514 idolorum
2798 3457 3094 3512 cultoribus
3124 3473 3308 3513 verum
3343 3460 3514 3514 Deum
3563 3475 3809 3530 agnove-

2191 3557 2336 3602 runt.
2364 3548 2660 3605 Utilissima
2692 3551 2850 3620 igitur
2875 3559 2959 3610 est.
2985 3551 3238 3619 patientia
3287 3552 3406 3614 Dei,
3437 3554 3536 3623 qui
3591 3555 3808 3610 tametsi

2192 3639 2391 3693 noxios
2419 3655 2542 3694 sero
2565 3642 2768 3709 puniat,
2800 3655 2896 3696 eos
2937 3641 3288 3698 nihilominus
3313 3644 3404 3714 qui
3447 3644 3812 3714 pertinaciter

2193 3729 2466 3784 emendari
2494 3730 2701 3796 nolunt,
2730 3731 2939 3801 longius
2966 3733 3262 3801 procedere
3292 3748 3402 3788 non
3429 3735 3662 3804 patitur.

2266 3819 2464 3874 Verum
2487 3821 2663 3876 acrius
2688 3821 2861 3877 adlmc
2882 3823 2972 3877 alii
3004 3823 3266 3892 urgebant
3310 3834 3524 3879 tantum
3572 3827 3770 3883 abesse
3789 3867 3805 3892 ,

2194 3919 2254 3965 ut
2280 3911 2419 3966 Deus
2471 3913 2754 3980 irascatur,
2783 3915 2908 3983 quin
2953 3917 3127 3982 potius
3153 3915 3429 3972 hominem
3476 3919 3648 3975 irasci
3693 3936 3808 3973 om-

2195 4002 2322 4056 nino
2345 4002 2642 4070 prohibeat.
2675 4003 2778 4060 Sed
2811 4005 2912 4060 hoc
2937 4004 3090 4061 facile
3116 4006 3269 4060 diluit
3290 4007 3612 4064 Lactantius
3639 4009 3803 4080 (Cap.

2195 4093 2257 4148 2|
2284 4093 2328 4165 ).
2355 4093 2486 4148 Nam
2529 4095 2668 4150 Deus
2695 4096 2908 4165 quidem
2941 4109 3082 4168 vetat
3108 4099 3380 4154 hominem
3430 4101 3631 4168 irasci;
3685 4103 3804 4173 quia

2196 4199 2341 4253 saepe
2367 4187 2562 4254 saepius
2589 4187 2782 4253 iniusta
2810 4199 2894 4244 eSt
2917 4189 3130 4258 ejnsira
3153 4207 3166 4244 :
3189 4189 3307 4259 ipsc
3329 4205 3464 4246 vero
3493 4193 3646 4248 Deus
3673 4210 3808 4248 nun-

2196 4289 2354 4344 quam
2389 4277 2465 4330 ira
2497 4277 2594 4330 nisi
2620 4271 2758 4346 j‘usta
2783 4290 3048 4333 movetur.
3073 4279 3152 4334 Ad
3199 4280 3316 4336 haec
3338 4297 3472 4336 vero
3507 4283 3658 4338 Deus
3702 4299 3805 4338 non

2197 4367 2486 4436 prohibuit,
2521 4384 2589 4423 ne
2615 4368 2773 4422 homo
2793 4371 2983 4439 quovis
3002 4370 3095 4425 ira:
3119 4381 3268 4426 motu
3288 4380 3566 4444 tangatur,
3593 4375 3696 4431 sed
3741 4391 3803 4430 ne

2200 4458 2253 4511 in
2280 4472 2345 4511 eo
2375 4471 2702 4524 permaneat.
2736 4459 3073 4529 Quapropter
3107 4461 3253 4514 illam
3287 4465 3583 4532 temperari
3615 4464 3804 4535 jussit,

579 4553 691 4610 Nec
732 4559 849 4607 erat
891 4548 1132 4621 profecto
1176 4549 1315 4619 quod
1349 4547 1524 4604 adhuc
1567 4555 1780 4618 urgeret
1833 4546 2094 4618 Epicurus
2121 4553 2175 4613 D
2199 4559 2250 4604 et
2277 4550 2546 4605 hominem
2569 4561 2694 4606 ante
2718 4553 2847 4608 solis
2863 4569 3110 4608 occasum
3139 4553 3292 4610 fratri
3307 4569 3410 4610 suo
3431 4559 3800 4613 reconciliari.

509 4659 666 4709 eum,
696 4643 786 4714 qui
820 4641 975 4697 alteri
1018 4650 1196 4705 nocet,
1225 4655 1329 4695 non
1358 4655 1479 4695 esse
1527 4639 1746 4694 bonum.
1790 4637 1906 4693 Non
1951 4639 2092 4694 enim

509 4746 742 4814 nocent,
782 4735 873 4806 qui
930 4733 1139 4790 debitas
1185 4747 1214 4786 a
1266 4732 1374 4787 reis
1429 4741 1484 4786 et
1531 4731 1726 4802 iniquis
1774 4745 1960 4802 poenas
2012 4746 2097 4786 rc-

511 4838 717 4900 petunt.

580 4919 661 4976 Ex
682 4917 844 4974 variis
869 4917 1084 4984 deinde,
1118 4932 1252 4987 quas
1283 4917 1446 4973 Stoici
1473 4926 1524 4972 et
1563 4916 1654 4970 alii
1685 4917 1976 4972 attulerunt
2004 4919 2097 4972 ira:

510 5011 944 5074 definitionibus,
992 5010 1212 5080 planum
1259 5013 1441 5079 utique
1484 5008 1790 5064 Lactantius
1841 5008 1965 5064 facit
2002 5023 2097 5064 eos

511 5103 757 5176 profecto
782 5117 889 5156 non
923 5099 1252 5154 intellexisse
1281 5099 1532 5170 quidnam
1575 5101 1712 5156 inter
1737 5102 1868 5156 iram
1895 5101 2092 5170 justam

512 5207 569 5250 et
596 5196 844 5266 injustam
867 5195 938 5248 sit
956 5195 1298 5248 discriminis.
1331 5194 1460 5248 Data
1481 5205 1656 5249 autem
1681 5196 1840 5262 iusta:
1859 5195 1952 5248 ira:
1973 5211 2096 5248 vera

520 5285 786 5350 finitione,
809 5285 1010 5355 colligit
1059 5283 1218 5356 (Cap.
1243 5286 1339 5355 18)
1359 5301 1475 5339 eam
1523 5302 1620 5341 nec
1641 5285 1708 5340 ab
1731 5286 1967 5344 homine,
1999 5301 2098 5339 nec

512 5377 583 5432 ab
621 5377 737 5446 ipso
767 5377 878 5432 Deo
917 5390 1074 5446 posse
1116 5375 1296 5431 adimi.
1328 5376 1463 5444 Quid
1516 5377 1696 5447 igitur,
1748 5375 2099 5446 iuquiebant?

513 5467 702 5522 Nonne
730 5467 847 5524 sine
866 5469 958 5522 irae
974 5467 1166 5523 allecto
1191 5479 1400 5538 peccata
1417 5470 1608 5535 corrigi
1627 5469 1880 5537 possunt?
1907 5468 2092 5534 Recte,

511 5559 588 5614 ait
610 5558 935 5624 Lactantius,
965 5563 1008 5614 si
1037 5561 1214 5636 scelus
1236 5561 1502 5616 occultum
1527 5561 1629 5623 sit,
1665 5572 1757 5614 aut
1781 5562 1827 5613 ci
1866 5563 2094 5616 humana

517 5651 637 5720 lege
675 5662 941 5706 caveatur.
975 5653 1044 5708 At
1094 5653 1307 5723 quando
1335 5653 1603 5722 cognitum
1635 5661 1689 5707 et
1717 5661 1955 5722 apertum
1983 5664 2094 5721 cst,

517 5757 727 5810 aequum
756 5743 898 5798 illius
924 5744 1160 5821 judicent
1184 5744 1446 5815 indignari
1476 5758 1696 5812 necesse
1719 5751 1821 5800 est.
1879 5743 2094 5814 Alioqui

2195 4641 2450 4718 Quamvis
2473 4651 2650 4696 autem
2681 4642 2794 4712 ipse
2814 4644 2884 4698 sit
2903 4653 3156 4711 aeternus,
3195 4645 3289 4700 irte
3314 4653 3497 4702 tamen
3531 4663 3656 4704 suae
3686 4663 3798 4704 mo-

2196 4742 2310 4788 tum
2342 4735 2394 4787 in
2438 4743 2699 4803 potestate
2745 4750 2839 4790 sua
2886 4736 2954 4792 ita
2997 4737 3185 4804 habet,
3219 4746 3279 4792 ut
3327 4739 3394 4792 iis
3444 4748 3689 4809 tantum,
3717 4741 3802 4812 qui

2197 4839 2411 4894 semper
2440 4837 2691 4894 peccant,
2726 4827 2778 4880 in
2811 4836 3071 4880 aeternum
3101 4828 3384 4883 irascatur.

2269 4918 2346 4972 Ea
2382 4933 2540 4987 porro
2565 4919 2642 4972 ira
2675 4919 2839 4974 Deum
2870 4934 3054 4974 revera
3086 4921 3416 4976 commoveri
3453 4933 3657 4980 auctor
3680 4939 3802 4980 nos—

2196 5020 2277 5065 ter
2306 5026 2491 5065 rursus
2517 5011 2703 5081 probat
2756 5010 2918 5083 (Cap.
2948 5011 3019 5066 22
3067 5021 3122 5068 et
3159 5011 3264 5085 25)
3311 5030 3422 5068 non
3466 5015 3536 5071 iis
3561 5018 3803 5086 quidem,

2195 5120 2314 5174 qua:
2344 5104 2544 5159 ethnici
2574 5104 2906 5172 rejiciehant,
2933 5120 3211 5160 sacrorum
3261 5118 3580 5164 nostrorum
3626 5123 3802 5166 vatum

2200 5197 2538 5259 testimoniis,
2584 5196 2676 5250 sed
2707 5197 2954 5258 aliorum,
2980 5207 3138 5265 atque
3160 5199 3212 5251 in
3243 5198 3437 5269 primis
3472 5201 3803 5272 Sybillarum

2197 5293 2251 5340 et
2266 5283 2526 5354 Apollinis
2539 5285 2744 5352 Milesii,
2760 5289 2950 5357 quibus
2971 5287 3223 5359 refragari
3238 5291 3441 5346 ethnici
3457 5296 3804 5350 omninonon

2200 5386 2466 5446 poterant.
2491 5377 2656 5432 Addit
2689 5393 2814 5432 vero
2839 5378 3121 5448 imperium
3153 5381 3272 5438 sine
3301 5393 3476 5449 metu,
3500 5400 3571 5441 ac
3605 5395 3802 5442 metum

2198 5471 2316 5524 sine
2346 5470 2422 5522 ira
2457 5471 2750 5526 consistere
2779 5487 2884 5525 non
2920 5485 3094 5540 posse.
3131 5473 3293 5544 Atqui
3341 5475 3485 5530 Deus
3517 5477 3804 5548 imperium

2201 5562 2384 5626 habet,
2409 5575 2538 5630 ergo
2563 5571 2619 5617 et
2648 5562 2802 5626 iram,
2833 5573 2990 5633 atque
3043 5563 3245 5619 idcirco
3276 5565 3585 5635 daemones,
3620 5579 3678 5626 et
3703 5583 3802 5622 ca:-

2201 5661 2313 5708 tera
2344 5651 2519 5706 omnia
2545 5651 2611 5707 ad
2635 5661 2816 5708 nutum
2839 5653 2954 5722 ejus
2981 5659 3427 5710 contremiscunt.

2276 5744 2514 5814 Denique
2539 5745 2734 5802 librum
2768 5746 2907 5802 hunc
2933 5747 3242 5803 Lactantius
3270 5748 3511 5810 absolvit
3541 5752 3762 5822 epilogo
3781 5792 3796 5818 ,
