3970 6348
182 382 271 439 155
965 368 1121 428 CAP.
1155 367 1200 427 ll
1252 367 1343 429 DE
1392 368 1608 429 HUJUS
1645 363 1776 427 LIB.
1827 365 2054 426 AUCT.’
2089 361 2340 437 TITUL.,
2378 364 2532 426 ETC.

3312 362 3420 426 εει

183 508 271 563 quo
296 483 538 547 concludit
570 484 734 540 Deum
762 484 1070 552 amandum,
1097 486 1219 556 quia
1248 485 1482 556 optimus
1518 495 1708 557 pater;
1742 487 1793 541 A
1821 482 2072 550 lectione,
2105 484 2676 554 perspicuum‘cunctis
2698 481 2789 541 ﬁet
2810 491 2866 541 et
2891 483 3409 540 manifestissimum.

181 582 456 645 timendum,
477 577 591 648 quia
617 592 840 632 severus
861 577 1129 649 dominus;
1165 578 1563 644 honorandum,
1596 579 1721 649 quia

182 677 302 732 Deus
328 668 828 729 beneﬁcentissimus
852 676 953 725 est.
987 667 1270 726 Concludit
1298 672 1476 743 itaque
1516 687 1719 728 morem

180 764 545 838 illigerendum,
576 763 795 818 caducis
820 770 875 818 et
906 763 1186 832 fragilibus
1215 764 1393 831 bonis,
1427 764 1723 835 voluptati-

182 864 281 925 bus,
301 868 349 915 et
376 856 507 911 vitiis
533 856 773 910 nuntium
797 855 1202 922 remittendum,
1222 856 1518 912 vacandum
1548 855 1725 925 operi-

179 952 262 1008 bus
281 946 499 1019 justitiae,
527 946 847 1000 innocentiae
867 989 881 1013 ,
917 945 1289 1001 beneﬁcentia:
1310 987 1326 1011 ,
1357 947 1582 1016 aliisque
1607 947 1722 1001 vir-

180 1043 380 1105 tutihos;
421 1048 474 1093 ut
500 1039 803 1095 beatissima
834 1039 1231 1095 necessitudine
1257 1041 1358 1110 ipsi
1404 1041 1517 1096 Deo
1556 1056 1723 1109 copu-

174 1135 269 1201 lati,
297 1147 492 1201 semper
508 1131 793 1203 propitium
821 1129 1135 1197 habeamus,
1157 1147 1257 1188 nec
1275 1131 1507 1201 amplius
1529 1147 1721 1188 verea-

176 1244 276 1283 Illlll'
300 1227 495 1282 iratum.

755 1338 986 1396 CAPUT
1027 1339 1091 1394 11.

170 1455 238 1510 De
259 1457 396 1527 hujus
415 1456 525 1510 libri
549 1464 781 1517 auctore,
810 1455 978 1520 titulo,
1007 1462 1327 1525 argumento,
1350 1464 1499 1509 atate
1518 1498 1531 1519 ,
1563 1471 1723 1526 quave

229 1547 453 1602 scribendi
485 1548 685 1600 ratione
720 1546 781 1600 ab
802 1547 895 1601 illo
923 1547 1252 1616 compositus,
1283 1562 1345 1600 ac
1357 1546 1610 1618 quomodo
1636 1546 1723 1600 Ci-

224 1657 431 1695 ceronem
458 1640 682 1694 imitatus
708 1641 795 1695 sit.

222 1772 416 1827 Librum
448 1771 588 1825 hunc
617 1788 645 1825 a
690 1771 969 1827 Lactantio
999 1781 1187 1829 nostro
1224 1772 1521 1843 profectum
1553 1771 1718 1829 fuisse

1895 574 2175 630 Postremo
2195 591 2261 631 ex
2289 575 2480 632 iisdem
2505 575 2789 641 Lactantii,
2822 591 2957 647 quos
2986 575 3291 649 citavimus,
3325 576 3412 631 loc

1822 664 1902 719 cis
1928 665 2117 721 eadem
2158 666 2401 737 profecto
2439 666 2709 722 evidentia
2752 667 3157 723 demonstratur
3182 666 3326 723 hunc
3355 668 3417 722 li-

1822 757 1977 814 brum
2006 759 2072 813 ab
2108 760 2245 828 ipso,
2289 769 2409 830 post
2442 769 2646 829 septem
2678 759 2974 814 divinarum
3014 759 3417 814 Institutionum

1822 849 1993 907 libros
2028 853 2407 921 compositum,
2438 860 2494 906 et
2519 851 2656 920 juris
2686 850 2882 905 factum
2905 851 3119 920 publici.
3149 850 3262 906 Non
3296 850 3419 905 lon-

1822 957 1947 1012 gum
1974 952 2151 998 autem
2181 942 2321 998 inter
2337 952 2591 1013 utrosque
2613 941 2988 997 intercessisse
3010 941 3267 1010 temporis
3287 955 3413 1010 spa-

1826 1034 1956 1089 tium
1982 1034 2124 1089 haud
2148 1035 2381 1091 absurde
2401 1035 2503 1090 dici
2529 1044 2726 1105 potest.
2755 1035 2886 1090 Cum
2916 1035 3058 1090 enim
3086 1035 3302 1103 scripsit
3327 1050 3413 1090 se-

1823 1130 2055 1186 cundum
2091 1130 2391 1185 divinarum
2445 1130 2845 1186 Institutionum
2878 1128 3072 1184 librum
3098 1169 3113 1194 ,
3146 1128 3418 1199 pollicitus

1823 1231 1934 1286 est,
1967 1222 2046 1277 uti
2089 1221 2253 1293 paulo
2294 1231 2420 1277 ante
2448 1221 2887 1286 observavimus,
2936 1220 3051 1276 fore
3087 1230 3145 1275 ut
3188 1220 3328 1274 hunc
3355 1220 3418 1274 li-

1822 1311 1978 1368 brum
2010 1315 2326 1369 conﬁceret.
2359 1315 2429 1369 At
2455 1328 2578 1368 eum
2623 1313 2731 1368 cito
2777 1312 2937 1367 ﬁdem
2969 1326 3119 1366 suam
3157 1311 3421 1368 liberasse

1822 1398 1949 1459 inde
1973 1404 2263 1474 colligitur,
2293 1404 2438 1475 quod
2459 1418 2774 1473 persuasum
2809 1402 2967 1471 plane
2985 1402 3251 1468 habuerit,
3283 1401 3422 1458 hanc

1823 1495 1892 1551 de
1916 1497 1991 1551 ira
2026 1497 2117 1551 Dei
2167 1497 2520 1566 quaestionem
2577 1509 2645 1550 eo
2694 1494 2912 1565 majoris
2957 1509 3080 1549 esse
3130 1495 3412 1561 momenti,

1822 1588 1963 1658 quod
1991 1604 2020 1642 a
2050 1589 2314 1657 plurimis,
2338 1598 2395 1642 ut
2414 1588 2677 1655 diximus,
2707 1586 3083 1655 scriptoribus,
3111 1594 3167 1640 et
3190 1601 3218 1639 a
3246 1586 3419 1654 philo-

1822 1681 2007 1750 sophis
2043 1680 2274 1738 ethnicis
2303 1696 2403 1736 nec
2431 1680 2614 1749 paucis
2643 1678 2882 1749 quidem,
2914 1692 3015 1731 nec
3047 1677 3371 1746 ignobilibus
3396 1718 3413 1745 ,

1826 1774 1916 1843 qui
1941 1789 2058 1828 eam
2083 1772 2370 1843 negabant,
2400 1773 2591 1841 religio
2616 1770 2859 1826 funditus
2891 1769 3188 1825 tolleretur.
3222 1770 3290 1823 At
3312 1784 3420 1838 quo

162 1870 252 1917 tam
272 1872 459 1918 certum
488 1873 851 1934 constansque
872 1874 977 1932 est,
1011 1875 1067 1919 ut
1087 1866 1230 1920 nulla
1260 1882 1492 1937 unquam
1526 1865 1710 1932 fuerit,
1745 1856 1793 1919 Β
1822 1864 2033 1920 tuenda:
2053 1864 2316 1929 veritatis,
2346 1862 2797 1932 quemadmodum
2818 1860 3070 1928 vidimus,
3091 1859 3286 1916 ardore
3306 1868 3426 1917 erat

159 1962 238 2007 aut
262 1968 371 2008 esse
398 1955 562 2025 possit
590 1969 656 2009 ea
689 1956 758 2009 de
788 1971 847 2011 re
870 1955 1187 2027 disceptatio
1207 1965 1299 2010 aut
1327 1957 1714 2011 controversia.

160 2045 266 2107 Suis
286 2048 417 2101 enim
449 2048 536 2102 ille
563 2047 748 2103 verbis
780 2063 839 2101 se
883 2047 1059 2117 ipsum
1093 2046 1251 2116 hujus
1276 2047 1397 2102 libri
1422 2089 1437 2115 ,
1469 2064 1628 2119 quem
1660 2063 1721 2104 se

157 2137 449 2207 scripturum
478 2140 827 2209 promiserat,
865 2139 1041 2207 prodit
1073 2149 1367 2195 auctorem.
1391 2137 1450 2194 In
1478 2140 1720 2195 secundo

156 2230 390 2300 siquidem
421 2232 739 2287 Divinarum
771 2231 1172 2286 Institutionum
1201 2231 1359 2299 libro,
1393 2232 1484 2287 ubi
1516 2233 1570 2287 in
1598 2247 1718 2287 ser-

154 2336 339 2377 monem
364 2323 428 2379 de
458 2325 529 2379 ira
562 2323 661 2379 Dei
692 2324 880 2379 incidit
909 2343 920 2377 :
958 2343 977 2376 ‹
1004 2324 1329 2393 Seponatur,
1351 2325 1546 2395 inquit,
1576 2326 1717 2380 inte-

154 2412 241 2467 rim
264 2414 403 2469 locus
428 2414 511 2470 hic
531 2416 690 2471 nobis
713 2415 781 2471 de
801 2416 880 2471 ira
905 2417 998 2470 Dei
1017 2416 1341 2485 disserendi,
1358 2417 1499 2487 quod
1514 2425 1570 2472 et
1590 2418 1721 2473 ube-

152 2505 246 2559 rior
262 2517 337 2561 est
357 2509 600 2574 materia,
629 2516 685 2563 et
711 2524 880 2577 Opere
900 2509 1123 2579 proprio
1139 2508 1299 2563 latius
1316 2509 1677 2580 exsequenda.
1693 2529 1713 2564 ι

152 2592 210 2649 At
235 2598 492 2673 promissis
523 2600 641 2652 suis
672 2598 889 2654 stetisse
923 2600 1152 2669 ipsemet
1189 2599 1391 2655 diserte
1427 2601 1716 2671 signiﬁcat.

149 2683 198 2740 ln
225 2689 317 2744 hoc
343 2690 536 2760 quippe
558 2690 704 2745 libro
734 2705 835 2745 nos
871 2690 1072 2760 sa-pius
1105 2690 1171 2745 ad
1202 2692 1498 2747 secundum
1517 2734 1531 2758 ,
1560 2709 1720 2763 quar-

149 2785 242 2832 tum
278 2790 330 2834 et
367 2791 577 2837 sextum
618 2782 925 2837 divinarum
957 2783 1357 2839 Institutionum
1391 2799 1609 2839 suarum
1643 2786 1722 2842 sic

146 2869 307 2937 mittit,
328 2881 384 2926 ut
411 2874 659 2927 omnium
699 2873 962 2929 hormnce
1007 2874 1270 2930 librorum
1306 2890 1495 2930 verum
1526 2891 1721 2946 parens

145 2965 239 3012 tem
285 2976 341 3017 se
386 2962 552 3019 fuisse
605 2964 786 3032 palam
841 2964 1088 3020 fateatur.
1136 2965 1297 3020 Plura
1331 2965 1493 3037 igitur
1523 2967 1577 3021 in
1605 2982 1718 3022 rem

145 3051 261 3106 adeo
298 3054 529 3121 claram,
588 3056 840 3126 adeoque
884 3066 1070 3126 aperte
1116 3057 1184 3113 ab
1228 3059 1458 3128 ipsomet
1501 3069 1721 3116 auctore

145 3152 307 3198 nostro
348 3146 656 3202 confessam
686 3187 700 3212 ,
750 3147 1056 3202 testimonia
1113 3148 1340 3203 aliorum
1397 3148 1717 3219 scriptorum

142 3248 410 3304 congerere
440 3247 548 3292 tam
580 3238 744 3293 facile
794 3248 982 3304 esset,
1032 3255 1192 3309 quam
1232 3254 1714 3310 supervacaneum.
1745 3241 1792 3304 C

141 3322 498 3397 Hieronymum
533 3341 722 3385 tamen
751 3345 872 3385 cum
904 3330 974 3385 ob
1001 3332 1143 3386 illius
1173 3333 1568 3403 antiquitatem,
1608 3345 1717 3389 tum

140 3416 200 3471 ob
225 3434 332 3474 eam
357 3436 515 3491 quam
546 3422 621 3478 de
653 3421 757 3476 hoc
784 3422 922 3475 libro
956 3422 1061 3477 fert
1096 3424 1416 3478 sententiam
1438 3465 1454 3489 ,
1508 3425 1721 3493 penitus

138 3510 363 3566 omittere
387 3529 493 3569 non
523 3529 842 3585 possumus.
882 3514 1123 3570 Primum
1165 3516 1345 3586 itaque
1377 3516 1441 3570 ad
1468 3517 1716 3587 Magnum

137 3600 266 3656 urbis
309 3602 493 3659 Romae
533 3614 816 3661 oratorem
872 3607 951 3660 sic
990 3606 1058 3661 de
1114 3606 1217 3661 hoc
1268 3607 1406 3662 libro
1460 3609 1715 3679 scripsit:

140 3691 478 3750 «Lactantius
505 3696 578 3752 de
604 3696 692 3751 Ira
722 3707 777 3751 et
798 3696 1027 3765 Opiﬁcio
1053 3698 1144 3752 Dei
1166 3697 1273 3752 duo
1294 3698 1564 3754 volumina
1591 3715 1717 3757 con-

134 3780 281 3852 didit,
312 3802 447 3856 quos
477 3789 525 3844 si
553 3790 747 3861 legere
777 3785 1013 3844 volueris
1035 3831 1050 3856 ,
1083 3790 1418 3861 dialogorum
1442 3792 1720 3848 Ciceronis

133 3871 179 3925 in
205 3876 278 3929 eis
297 3879 543 3950 ἐπιτομήν
566 3880 841 3950 reperies.
875 3898 894 3932 ι
919 3879 1029 3935 Suo
1055 3890 1237 3937 autem
1262 3882 1597 3954 Scriptorum
1621 3884 1722 3938 Ec-

130 3964 538 4027 clesiastioorum
570 3973 629 4028 in
660 3973 929 4044 catalogo,
959 3973 1047 4027 ubi
1079 3973 1144 4028 ad
1178 3974 1353 4043 ipsum
1385 3975 1717 4031 Lactantium

131 4062 296 4116 venit:
329 4082 347 4114 ι
382 4064 695 4132 Habemus,
727 4066 922 4137 inquit,
955 4066 1319 4136 ejuslibrum,
1344 4077 1398 4123 et
1420 4068 1719 4137 pulcherri-

130 4164 260 4208 mum
286 4154 354 4212 de
384 4155 471 4212 lra
504 4158 626 4214 Dei.
662 4176 681 4210 ι
725 4157 968 4228 Denique
984 4158 1094 4212 alio
1122 4161 1173 4212 iu
1198 4174 1399 4228 opere:
1435 4160 1718 4216 «Firmin-

126 4258 214 4300 nus
239 4258 428 4305 noster
460 4250 670 4307 librum
707 4250 775 4305 de
805 4250 889 4305 lra
938 4251 1069 4317 Dei,
1099 4250 1261 4306 docto
1290 4254 1490 4322 pariter
1519 4265 1572 4308 et
1605 4254 1720 4309 elo-

123 4340 287 4404 quenti
314 4356 581 4398 sermone
618 4342 978 4412 conscripsit,
1019 4358 1180 4413 quem
1209 4344 1298 4413 qui
1331 4345 1556 4415 legerit,
1590 4355 1718 4414 puto

122 4426 252 4484 eiad
280 4431 373 4486 ira:
410 4433 762 4488 intellectum
792 4434 926 4488 satis
964 4433 1180 4489 abunde
1206 4449 1367 4506 posse
1395 4434 1662 4491 sufficere.
1693 4456 1713 4489 ι

119 4516 190 4574 An
206 4535 328 4577 vero
347 4522 481 4579 illud
511 4524 835 4595 Hieronymi
857 4523 961 4579 hoc
976 4524 1043 4578 de
1065 4525 1204 4579 libro
1221 4524 1482 4594 judicium
1507 4543 1715 4596 :cquum

1822 1956 2076 2011 incensus
2092 1998 2105 2023 ,
2132 1972 2238 2011 non
2269 1956 2441 2025 potuit
2468 1956 2651 2026 utique
2678 1955 2973 2023 longiorem
2996 1953 3062 2008 ad
3085 1954 3220 2008 alios
3244 1953 3311 2008 ab
3335 1969 3423 2009 er-

1821 2046 1947 2104 rore
1990 2048 2314 2111 liberandos,
2346 2059 2398 2104 et
2425 2063 2553 2104 vera
2581 2046 2825 2102 doctrina
2873 2045 3265 2113 iuformandos,
3297 2061 3409 2102 mo-

1822 2157 1938 2198 ram
1962 2143 2325 2214 interponere.

1894 2260 2159 2316 Praeterea
2210 2248 2518 2317 Lactantius
2569 2280 2590 2314 (
2625 2261 2873 2317 Extrema
2930 2269 3205 2317 senectute
3242 2277 3261 2312 ›
3283 2300 3297 2324 ,
3329 2257 3406 2315 uti

1822 2351 1897 2405 ait
1920 2352 2298 2424 Hieronymus,
2336 2371 2355 2405 ‹
2393 2352 2651 2422 magister
2681 2352 2913 2409 Caesaris
2942 2352 3141 2423 Crispi,
3172 2352 3263 2406 ﬁlii
3281 2351 3425 2408 Con-

1823 2445 2081 2513 stantini,
2112 2445 2191 2509 ,in
2222 2445 2395 2501 Gallia
2427 2446 2542 2501 fuit.
2582 2464 2601 2498 ι
2651 2445 2874 2514 Crispus
2914 2455 3093 2501 autem
3123 2445 3319 2500 bellum
3362 2444 3419 2499 iu

1822 2537 2007 2593 Galliis
2035 2540 2181 2594 circa
2228 2555 2427 2594 annum
2470 2539 2577 2594 520
2616 2540 2855 2610 gerebat,
2886 2549 2942 2594 et
2984 2554 3128 2593 anno
3146 2538 3283 2615 326,
3314 2552 3422 2607 quo

1825 2630 1913 2684 vix
1953 2630 2079 2684 dum
2127 2631 2300 2685 aetatis
2332 2645 2442 2685 sua:
2482 2631 2813 2686 tricesimum
2858 2630 3139 2700 attigerat,
3174 2638 3418 2686 mortuus

1822 2730 1924 2775 est.
1954 2721 2113 2792 Atqui
2138 2722 2443 2777 Lactantius
2460 2737 2700 2792 operam,
2722 2723 2873 2777 sicuti
2889 2722 3146 2788 diximus,
3168 2721 3411 2777 conscri-

1822 2811 2013 2867 bendis
2058 2812 2453 2868 Institutionum
2492 2813 2793 2868 divinarum
2836 2813 2988 2869 libris
3035 2812 3175 2868 circa
3219 2827 3419 2868 annum

1824 2903 1948 2971 521,
1981 2912 2140 2959 aetate
2162 2903 2270 2974 jam
2301 2915 2589 2975 provectus
2618 2905 2867 2960 navabat.
2900 2905 3012 2961 Non
3041 2905 3257 2974 longum
3288 2919 3419 2975 ergo

1823 3008 1945 3068 poSt
1976 3008 2186 3068 tempus
2213 2999 2387 3065 hunc,
2421 3000 2575 3056 sicuti
2604 3001 2957 3071 promiserat,
3008 2998 3205 3054 librum
3235 2996 3304 3054 de
3331 2998 3417 3054 Ira

1825 3090 1919 3148 Dei
1942 3094 2264 3163 composuit,
2296 3094 2673 3167 publicamque
2697 3095 2878 3151 emisit
2908 3096 2960 3151 in
2992 3094 3187 3151 lucem.

1897 3204 2099 3260 Eodem
2128 3220 2291 3275 porro
2321 3206 2462 3262 hunc
2488 3223 2552 3263 ac
2579 3207 2886 3279 superiores
2928 3206 3097 3263 libros
3140 3207 3301 3279 stylo,
3329 3223 3423 3266 ea-

1824 3296 2055 3367 demque
2094 3299 2363 3354 scribendi
2406 3300 2615 3355 ratione
2663 3300 2854 3356 abillo
2883 3312 3162 3356 exaratum
3205 3301 3415 3370 fuisse,

1824 3406 1984 3446 nemo
2012 3406 2162 3456 sane,
2192 3393 2281 3463 qui
2312 3408 2408 3448 eos
2433 3393 2598 3449 semel
2621 3393 2891 3449 cursimve
2919 3392 3128 3463 legerit,
3158 3408 3411 3464 umquam

1822 3482 2167 3539 inﬁciabitur.
2227 3484 2435 3555 Ubique
2476 3486 2620 3541 enim
2663 3487 2716 3540 in
2748 3500 2816 3541 eo
2845 3485 2988 3541 idem
3016 3495 3176 3553 atque
3207 3486 3259 3541 in
3286 3487 3408 3542 aliis

1824 3574 2021 3629 emicat
2047 3578 2456 3645 argumentandi
2476 3593 2668 3648 genus,
2689 3578 2877 3633 eadem
2899 3578 3169 3633 sermonis
3198 3580 3422 3648 elegan-

1824 3665 1929 3731 tia,
1960 3664 2103 3721 idem
2145 3667 2406 3722 orationis
2431 3668 2645 3736 cultus,
2676 3678 2896 3724 ornatus
2930 3677 2986 3722 et
3024 3667 3185 3723 nitor.
3220 3667 3423 3737 Quam-

1823 3756 2010 3812 obrem
2042 3757 2147 3814 hoc
2174 3757 2342 3814 iusius
2372 3758 2625 3829 probare,
2645 3757 2776 3829 quid
2805 3759 2948 3813 aliud
2979 3768 3085 3825 est,
3115 3773 3275 3829 quam
3307 3774 3423 3816 me-

1823 3849 2036 3906 ridiano
2066 3850 2165 3905 soli
2188 3850 2361 3906 lucem
2390 3849 2585 3906 aﬁ‘erre
2605 3851 3032 3923 supervacuam?

1893 3961 2372 4018 Animadversione
2391 3978 2520 4018 vero
2536 3963 2710 4035 aliqua
2730 3962 2870 4018 baud
2887 3978 3105 4033 prorsus
3124 3963 3403 4033 indignum

1826 4052 1957 4107 illud
1988 4054 2112 4120 erit,
2150 4054 2291 4124 quod
2322 4054 2635 4111 Lactantius
2660 4058 2713 4110 in
2742 4056 2900 4125 hujus
2922 4057 3044 4113 libri
3076 4060 3418 4127 peroratione

1823 4145 2091 4214 signiﬁcat
2151 4145 2465 4202 imitandum
2518 4147 2619 4201 sibi
2674 4149 3022 4218 proposuisse
3073 4147 3414 4205 Ciceronem.

1822 4235 1984 4303 Audi,
2013 4252 2216 4308 quaaso,
2248 4239 2365 4308 ejus
2390 4239 2555 4295 verba
2588 4258 2602 4296 :
2630 4258 2649 4291 ε
2682 4241 2907 4306 Restat,
2940 4257 2997 4296 ut
3026 4258 3176 4298 more
3198 4243 3420 4298 Cicero-

1822 4328 1909 4382 nis
1936 4338 2145 4384 utamur
2172 4331 2384 4401 epilogo
2410 4333 2477 4387 ad
2504 4333 2867 4402 perorandum
2894 4335 3067 4390 :sicut
3092 4334 3182 4390 ille
3213 4338 3262 4389 in
3282 4334 3424 4389 Tus-

1822 4421 2031 4475 culanis
2055 4420 2122 4476 de
2144 4432 2320 4478 morte
2341 4424 2613 4479 disserens
2642 4423 2790 4491 fecit,
2817 4424 2888 4478 ita
2921 4440 3020 4479 nos
3048 4425 3101 4478 in
3132 4425 3233 4481 hoc
3253 4441 3421 4494 opere

1824 4512 2129 4568 testimonia
2148 4514 2350 4580 divina,
2374 4515 2568 4585 quibus
2585 4516 2729 4571 credi
2760 4518 2950 4584 possit,
2975 4516 3232 4571 adhibere
3253 4516 3422 4572 debe-

117 4610 208 4676 sit,
251 4622 305 4669 et
332 4615 600 4670 omnibus
629 4616 921 4685 probetur,
966 4630 1066 4670 nos
1097 4615 1236 4670 infra
1268 4618 1711 4682 examinabimus.

1830 4618 1966 4658 mus.
1994 4623 2014 4657 ι
2041 4605 2119 4659 Ibi
2141 4616 2320 4662 autem
2343 4607 2438 4663 ille
2456 4609 2688 4678 primum
2707 4607 3130 4662 Tusculanarum
3155 4608 3423 4675 Quaestio—

114 4698 221 4756 Jam
251 4719 379 4760 vero
409 4720 478 4762 ex
512 4706 700 4761 citatis
730 4704 910 4773 illius,
939 4716 1103 4774 atque
1124 4706 1390 4762 Lactantii
1426 4708 1586 4762 etiam
1617 4725 1717 4763 no-

114 4794 200 4846 stri
221 4796 402 4850 verbis
425 4796 747 4867 colligimus
780 4796 930 4850 illum
960 4796 1187 4866 hujusce
1223 4796 1344 4852 libri
1381 4811 1501 4853 esse
1530 4814 1717 4856 verum

109 4886 505 4959 genuinumque
536 4896 847 4959 parentem.

172 4977 276 5034 Nec
306 4982 492 5036 minus
538 4981 694 5035 clare
744 4980 1105 5051 perspicimus
1140 4980 1211 5036 ab
1262 4980 1354 5036 illo
1394 4980 1462 5038 de
1491 4981 1576 5037 [ra
1621 4984 1716 5042 Dci

106 5066 262 5126 fuisse
296 5072 658 5142 inscriptum.
690 5071 927 5127 Tametsi
955 5072 1101 5127 enim
1131 5072 1200 5128 de
1236 5073 1337 5128 hac
1363 5074 1716 5146 inscriptione

110 5161 472 5238 Hieronymus
503 5177 566 5221 et
598 5166 832 5236 ipsemet
862 5166 1174 5223 Lactantius
1196 5167 1356 5239 plane
1381 5152 1714 5241 tacuissent,

106 5267 215 5310 eam
241 5271 374 5314 sane
403 5268 562 5313 totus
589 5260 728 5328 ipse,
752 5270 984 5330 quantus
1008 5270 1092 5314 est
1109 5300 1124 5325 ,
1157 5260 1297 5315 liber
1321 5262 1518 5316 clamat
1548 5274 1603 5318 et
1630 5281 1717 5321 as-

104 5353 247 5405 serit.
290 5353 412 5408 Non
459 5354 613 5409 alius
638 5353 906 5424 siquidem
946 5352 999 5407 in
1035 5369 1102 5409 eo
1130 5354 1421 5427 scribendo
1450 5355 1715 5414 Lactantii

102 5455 289 5515 scopus
316 5444 566 5516 finisque
604 5444 725 5511 fuit,
756 5461 918 5516 quam
946 5456 1004 5500 ut
1033 5446 1208 5516 palam
1234 5448 1487 5511 omnibus
1511 5448 1718 5507 faceret

101 5534 258 5592 Deum
296 5554 497 5595 revera
533 5538 721 5592 irasci.
755 5536 943 5607 Neque
972 5536 1119 5592 aliud
1150 5538 1312 5592 etiam
1357 5549 1468 5595 toto
1515 5541 1629 5598 fere
1658 5544 1712 5598 in

99 5622 197 5682 hoc
225 5629 385 5696 libro,
420 5643 599 5701 quam
628 5630 694 5684 de
716 5631 796 5682 ira
822 5628 917 5683 Dei
952 5637 1211 5684 tractatur
1236 5616 1636 5700 argumentum,
1662 5644 1718 5691 et

97 5720 156 5773 ad
188 5722 314 5777 illud
342 5724 536 5779 omnia
572 5723 912 5779 referuntur.
949 5722 1102 5790 Quod
1132 5723 1350 5793 quidem
1400 5739 1471 5785 ex
1516 5724 1653 5781 facta
1683 5744 1712 5782 a

98 5812 248 5868 nobis
277 5816 424 5870 illius
455 5816 700 5885 anelysi,
735 5814 823 5869 vel
852 5813 1013 5871 etiam
1057 5813 1327 5870 levissima
1366 5813 1491 5870 libri
1546 5818 1713 5890 ipsius

1823 4712 1952 4751 num
1984 4697 2178 4753 librum
2207 4699 2405 4755 indicat
2428 4741 2443 4766 ,
2493 4700 2646 4770 cujus
2665 4699 2931 4769 epilogum
2960 4714 3021 4754 se
3050 4699 3243 4781 imitari
3276 4699 3419 4753 haud

1821 4785 2090 4844 immerito
2115 4790 2416 4859 proﬁtetur.

1893 4899 2086 4955 Nonne
2115 4910 2321 4968 autem,
2356 4901 2560 4972 inquiet
2602 4901 2828 4971 aliquis,
2863 4899 3002 4954 hanc
3043 4898 3112 4954 ob
3152 4897 3418 4953 rationem

1822 4992 2188 5065 Hieronymus
2209 4993 2402 5065 Magno
2421 4995 2690 5050 scribebat
2720 4996 2960 5067 ἐπιτομὴν
2979 4992 3310 5062 dialogorqu
3323 4988 3420 5045 Ci-

1822 5087 2037 5141 ceronis
2069 5087 2122 5141 in
2152 5087 2317 5142 hocce
2357 5087 2494 5143 libro
2524 5087 2785 5156 reperiri?
2815 5087 3028 5140 Minime
3054 5084 3269 5155 quidem
3290 5123 3305 5147 ,
3341 5079 3419 5136 uti

1822 5187 2100 5250 putamus.
2151 5179 2402 5235 Latinum
2448 5180 2726 5234 enimvero
2776 5188 3044 5233 oratorem
3095 5176 3147 5230 in
3204 5173 3417 5244 epilogo

1825 5270 2105 5328 dumtaxat
2134 5288 2193 5329 se
2222 5274 2421 5329 imitari
2450 5274 2737 5345 signiﬁcat,
2770 5288 2866 5326 uec
2880 5287 3065 5326 eorum
3085 5285 3205 5339 qua:
3237 5266 3418 5321 abillo

1822 5364 1965 5419 dicta
1992 5376 2136 5431 sunt,
2171 5360 2687 5437 fecitcompendium
2715 5365 2877 5436 :quin
2906 5364 3072 5418 immo
3099 5358 3418 5415 testimoniis

1821 5456 1993 5510 utitur
2019 5457 2089 5512 ab
2114 5458 2181 5513 iis
2200 5499 2215 5522 ,
2242 5472 2364 5529 quae
2390 5457 2584 5513 Cicero
2619 5456 2872 5523 adhibet,
2914 5453 3072 5525 plane
3100 5450 3421 5521 penitusque

1824 5546 2075 5604 diversis.
2101 5549 2220 5606 Vox
2245 5552 2429 5621 itaque
2453 5552 2667 5621 επιτομή
2692 5550 2760 5604 ab
2790 5547 3121 5616 Hieronymo
3165 5557 3231 5597 eo
3250 5583 3265 5609 ,
3316 5539 3421 5595 nisi

1822 5640 2079 5704 fallimur,
2107 5660 2270 5699 sensu
2300 5655 2620 5726 usurpatur,
2661 5655 2770 5728 quo
2796 5656 2827 5697 a
2860 5639 3018 5696 nobis
3042 5636 3292 5706 superius
3322 5649 3422 5689 ex-

1818 5733 2008 5807 plicata
2033 5745 2137 5791 est.
2434 5729 2440 5735 ’
