3970 6334
550 385 653 450 159

2005 377 2403 448 DlSQUlSl'l‘lO

3759 358 3870 418 160

551 519 771 563 suorum
810 495 1301 567 Miseellaneorum,
1334 498 1433 553 hac
1473 494 1827 567 inscriptione
1868 494 2086 565 prtelixa
2117 511 2129 548 :
2159 499 2212 557 Α
2239 502 2325 548 tur
2352 508 2473 548 esse
2494 490 2604 547 duo
2630 486 2887 544 Firmiani
2911 483 3173 541 Lactantii
3196 478 3568 554 praenomina.
3593 475 3865 546 Quamvis

551 597 703 655 Lucii
732 597 906 653 Cecilii
934 594 1195 649 Firmiani
1224 593 1481 647 Lactantii
1506 592 1632 646 liber
1657 591 1721 645 de
1741 589 1994 644 Mortibus
2019 588 2140 643 Pcr-

550 701 859 747 secutorum.

624 782 946 837 Prodierunt
975 788 1161 852 postea
1182 778 1346 833 variis
1377 779 1429 832 in
1460 777 1687 846 Europae
1712 774 1950 845 partibus
1979 771 2134 827 istius

554 872 676 930 libri
707 871 971 927 editiones
996 870 1115 925 alia:
1136 911 1150 936 ,
1181 868 1375 939 quibus
1416 882 1625 921 summo
1649 880 1916 921 consensu
1963 864 2016 916 in
2066 861 2136 915 ti-

562 963 673 1017 tulo
700 961 849 1017 Lucii
875 960 1053 1016 Cecilii
1078 958 1171 1015 seu
1199 958 1345 1015 Caelii
1372 960 1591 1014 vocibus
1617 958 1835 1029 praeﬁxa
1861 964 1988 1011 sunt
2016 953 2139 1008 Fir-

550 1055 707 1109 miaui
734 1053 987 1109 Lactantii
1009 1052 1284 1108 vocabula.

621 1149 691 1201 At
719 1147 958 1201 Domnus
984 1144 1234 1200 Nicolaus
1278 1143 1328 1198 le
1356 1142 1569 1214 Nourry
1592 1183 1607 1208 ,
1638 1141 1854 1198 Ordinis
1878 1141 1933 1198 S.
1969 1140 2140 1198 Bene-

551 1238 679 1294 dicti
710 1237 1035 1304 Monachus,
1068 1237 1153 1291 vir
1182 1238 1369 1307 utique
1394 1235 1790 1290 eruditissimus
1812 1276 1826 1302 ,
1848 1233 1999 1304 cujus
2029 1243 2139 1287 stu-

556 1328 645 1385 dio
670 1340 723 1384 et
751 1343 914 1400 opera
942 1344 1082 1383 anno
1108 1328 1391 1381 millesimo
1420 1326 1899 1396 septingentesimo
1931 1325 2140 1379 decimo

551 1437 687 1478 nova
716 1422 837 1477 libri
878 1422 940 1475 de
982 1421 1237 1475 Mortibus
1268 1419 1663 1474 Persecutorum
1711 1419 1877 1474 editio
1921 1417 2140 1472 Parisiis

549 1498 805 1571 adornata
855 1524 936 1569 est
958 1559 970 1583 ,
1023 1514 1171 1568 Lucii
1198 1513 1376 1569 Cecilii
1408 1514 1624 1567 nomina
1656 1494 1857 1567 tantum
1890 1512 1943 1566 in
1988 1510 2141 1567 titulo

556 1609 807 1678 reliquit,
840 1621 943 1663 nec
971 1605 1226 1661 Firmiani
1253 1604 1510 1659 Lactantii
1536 1619 1695 1661 voces
1720 1603 1940 1659 addidit.
1975 1601 2140 1672 quue

550 1699 830 1770 praestitit,
859 1706 970 1753 tum
1016 1701 1138 1767 quia
1183 1697 1588 1766 manuscriptusj
1629 1696 1721 1751 ille
1775 1694 1948 1750 codex
2010 1692 2138 1747 Fir-

555 1791 713 1844 miani
740 1788 997 1843 Lactantii
1034 1788 1249 1843 nomina
1273 1804 1380 1843 non
1409 1788 1603 1854 habet,
1630 1796 1742 1842 tum
1784 1788 1905 1858 quia
1929 1787 2137 1857 inﬁrma

2236 588 2381 643 enim
2413 584 2722 640 Lactantius
2767 581 2928 650 vulgo
2970 578 3182 633 dicatur
3205 574 3443 639 Czelius,
3477 581 3537 627 et
3583 570 3779 625 desint
3806 569 3862 623 in

2237 678 2375 733 libro
2395 677 2459 730 de
2483 674 2734 729 Mortibus
2765 670 3158 725 Persecutorum
3180 665 3401 720 nomina
3430 660 3710 715 Firmiani
3731 658 3864 713 Lac-

2238 771 2421 835 tantii;
2474 745 2539 824 in.
2579 767 2821 839 pluribus
2866 774 3043 817 tamen
3095 757 3532 814 iudubitatorum
3580 751 3862 808 Lactantii

2239 876 2464 933 Operum
2512 856 2891 927 manuscriptis
2935 852 3246 908 nominatur
3273 848 3466 903 Lucius
3509 845 3783 911 Cecilius,
3812 853 3865 899 et

2238 957 2295 1011 in
2320 953 2638 1026 quibusdam
2684 951 2806 1006 aliis
2853 944 3236 1014 manuscriptis
3264 937 3601 1002 Luciiﬂazlii
3631 935 3862 991 nomina

2238 1048 2632 1111 desiderantur,
2668 1054 2724 1099 ut
2764 1043 2961 1098 fatetur
2994 1039 3239 1094 Domnus
3271 1035 3321 1089 le
3349 1032 3577 1102 Nourry
3619 1047 3634 1083 :
3669 1027 3745 1084 de
3780 1027 3867 1082 his

2238 1153 2459 1210 agemus
2479 1138 2543 1192 ad
2568 1136 2729 1191 ﬁnem
2761 1133 2985 1202 hujusce
3008 1123 3433 1198 Disquisitionis.
3465 1121 3711 1190 Insuper
3733 1118 3861 1172 nul-

2244 1232 2329 1286 lus
2355 1231 2647 1299 scriptores
2672 1228 2813 1281 inter
2842 1220 3240 1278 ecclesiasticos
3271 1225 3475 1286 praeter
3501 1210 3863 1267 Lactantium

2242 1323 2431 1378 Lucius
2458 1321 2675 1376 Cecilius
2716 1324 3062 1379 recensetnr;
3093 1311 3317 1366 omnino
3365 1309 3597 1378 ignotus
3620 1312 3713 1359 est
3735 1301 3866 1372 qui-

2240 1418 2322 1472 vis
2352 1417 2488 1470 alius
2514 1413 2754 1483 ejusdem
2782 1408 3045 1473 nominis,
3073 1405 3159 1461 cui
3182 1403 3322 1458 liber
3342 1401 3408 1455 de
3432 1397 3707 1454 Mortibus
3729 1395 3865 1450 Per-

2240 1518 2529 1564 secutorum
2558 1502 2791 1560 adscribi
2826 1500 3016 1571 possit.
3415 1547 3432 1561 ,

2312 1600 2376 1653 20
2415 1597 2647 1655 Sanctus
2693 1594 3048 1663 Hieronymus
3098 1589 3152 1642 in
3198 1585 3463 1655 Catalogo
3504 1580 3869 1650 Scriptorum

2242 1690 2739 1747 Ecclesiastieorum
2763 1690 3028 1740 memorat
3060 1677 3329 1735 Lactantii
3359 1679 3427 1730 de
3479 1670 3870 1729 Persecutione

2243 1781 2426 1835 librum
2457 1795 2634 1833 unum.
2664 1776 2736 1832 At
2762 1775 2898 1830 liber
2926 1774 3026 1827 iste
3053 1772 3114 1823 de
3151 1767 3517 1823 Persecutione
3559 1780 3673 1819 non
3706 1763 3866 1819 vide-

553 1897 665 1937 esse
689 1882 1013 1936 existimavit
1040 1890 1353 1951 argumenta
1375 1923 1390 1949 ,
1421 1882 1615 1952 quibus
1641 1880 1728 1935 hic
1753 1854 1889 1935 liber
1913 1854 2139 1934 Lactan-
2166 1872 2215 1932 B
2243 1883 2330 1928 tur
2360 1871 2494 1926 alius
2523 1885 2643 1925 esse
2667 1884 2698 1923 a
2729 1867 2867 1921 libro
2895 1866 2959 1919 de
3005 1861 3260 1917 Mortibus
3306 1858 3736 1913 Persecutorum.
3766 1854 3865 1909 Li-

558 1975 634 2027 tio
667 1970 941 2037 tribuitur,
988 1974 1226 2043 aliaque,
1276 1982 1335 2027 ut
1379 1972 1479 2027 sibi
1513 1973 1685 2026 visum
1713 1981 1827 2038 est,
1872 1983 2140 2042 suppetere

552 2067 769 2131 censuit,
794 2082 883 2124 nec
905 2065 1102 2118 minimi
1136 2066 1395 2131 momenti,
1423 2065 1606 2135 quibus
1628 2065 1689 2119 ab
1717 2081 1774 2119 eo
1796 2065 2136 2136 abjudicetur.

627 2158 683 2210 In
714 2172 776 2211 ea
805 2172 862 2211 re
891 2156 954 2210 D.
984 2156 1291 2226 Stephanus
1318 2156 1566 2211 Baluzius
1591 2166 1646 2211 et
1691 2155 1932 2210 Domnus
1978 2155 2139 2209 Nico-

556 2250 675 2305 laus
706 2249 753 2304 le
780 2249 991 2321 Nourry
1019 2250 1391 2316 consentiunt,
1423 2250 1661 2304 codicem
1691 2248 2135 2315 manuscriptum,

553 2342 642 2414 qui
676 2357 811 2395 unus
839 2350 1012 2406 extat,
1038 2351 1092 2395 et
1118 2357 1147 2396 e
1173 2356 1279 2411 quo
1308 2342 1450 2412 typis
1479 2354 1768 2410 expressus
1795 2351 1877 2393 est
1899 2339 2037 2393 liber
2059 2339 2144 2393 hic

554 2434 618 2487 de
644 2432 896 2488 Mortibus
926 2432 1348 2494 Persecutorum,
1378 2440 1574 2501 praeter
1617 2431 1792 2484 hiatus
1822 2431 2145 2498 lacunasque

557 2528 874 2594 nonnullas,
908 2525 1118 2581 mendis
1142 2526 1395 2580 infectum
1438 2540 1560 2579 esse
1584 2524 1852 2594 plurimis.
1901 2523 2145 2577 Ostendit

552 2627 810 2689 prteterea
848 2618 1086 2673 Domnus
1125 2618 1176 2672 le
1216 2616 1459 2687 Nourry,
1518 2617 1741 2689 plurima
1787 2633 1893 2669 esse
1937 2616 2048 2668 loca
2092 2615 2146 2667 in

553 2727 612 2766 eo
637 2712 839 2777 codice,
864 2696 985 2780 [qua
1009 2727 1112 2764 non
1139 2712 1309 2764 solum
1336 2708 1560 2763 Librarii
1576 2750 1590 2774 ,
1614 2717 1670 2761 ut
1697 2708 1915 2771 assolet,
1940 2716 2029 2759 aut
2059 2723 2146 2761 os-

552 2802 792 2855 citatione
829 2818 890 2857 ac
934 2801 1281 2872 negligentia,
1311 2810 1401 2854 aut
1447 2800 1608 2853 nimia
1650 2799 1901 2852 scribendi
1931 2797 2148 2868 [estina-

557 2894 691 2948 tione
711 2934 726 2960 ,
756 2893 847 2948 sed
886 2909 1071 2963 magna
1097 2894 1247 2947 etiam
1268 2933 1282 2958 ,
1313 2901 1373 2946 ut
1411 2892 1486 2945 ait
1515 2906 1566 2960 p.
1603 2890 1705 2945 119
1733 2891 1928 2961 lingula
1974 2890 2151 2943 latina:

558 2983 876 3055 ignoratione
900 2982 1181 3051 depravata
1208 2991 1326 3035 sunt
1361 2981 1659 3051 penitusque
1687 2990 1953 3047 corrupta.

630 3075 760 3143 Qua:
783 3075 939 3145 igitur
962 3075 1014 3128 in
1043 3074 1180 3129 libro
1206 3073 1268 3127 de
1297 3072 1550 3127 Mortibus
1574 3070 1972 3126 Persecutorum
2004 3071 2153 3141 igna-

560 3181 628 3221 ve
650 3207 664 3233 ,
692 3181 906 3232 crasse,
936 3165 1161 3220 obscure
1191 3174 1248 3219 et
1278 3164 1534 3218 mendose
1568 3164 1765 3233 scripta
1805 3171 1963 3229 sunt,
1994 3170 2153 3231 atque

561 3271 590 3312 a
623 3258 864 3313 claritate
887 3273 949 3314 ac
977 3259 1153 3312 nitore
1175 3240 1475 3322 sermonis,
1502 3263 1595 3310 aut
1619 3256 1779 3309 etiam
1811 3254 2152 3324 opinionibus

562 3350 825 3405 Lactantii
869 3350 1040 3404 aliena
1070 3360 1400 3416 occurrunt,
1433 3364 1494 3403 ea
1536 3348 1768 3413 scribae,
1818 3363 1922 3401 non
1970 3355 2150 3401 autem

567 3440 771 3495 auctori
805 3440 1111 3510 imputanda
1137 3448 1292 3504 sunt;
1321 3454 1419 3492 nec
1461 3439 1530 3493 ob
1570 3437 1835 3508 ejusmodi
1862 3438 1987 3491 vitia
2018 3437 2154 3492 liber

563 3531 627 3584 de
650 3530 899 3584 Mortibus
928 3528 1324 3584 Persecutorum
1354 3529 1631 3583 Lactantio
1659 3528 2024 3583 detrahendus
2046 3537 2150 3583 est.

565 3622 701 3678 Hinc
728 3632 906 3678 tamen
934 3623 1272 3677 occasionem
1300 3620 1491 3689 arripit
1517 3620 1706 3674 doctus
1734 3636 1764 3674 e
1808 3619 2154 3673 Benedictino

567 3714 819 3769 sodalitio
845 3714 927 3767 vir
952 3713 1232 3782 religiosus
1250 3754 1265 3778 ,
1289 3711 1355 3766 ad
1381 3711 1715 3782 probandum
1756 3709 1947 3764 librum
1994 3709 2155 3763 istum

566 3819 673 3859 non
701 3819 819 3859 esse
848 3804 1126 3858 Lactantii.

640 3894 752 3948 Hac
780 3903 956 3949 autem
1007 3896 1160 3949 unica
1204 3894 1580 3951 observatione
1626 3893 1858 3963 praevia,
1904 3890 2157 3947 nonnulla

571 3995 888 4056 argumenta
908 4027 922 4050 ,
951 3987 1147 4055 quibus
1175 3988 1482 4057 opinionem
1510 3987 1653 4041 illam
1681 4028 1695 4053 ,
1728 4001 1850 4056 qua:
1880 3986 2072 4040 librum
2097 3985 2160 4039 de

573 4077 830 4132 Mortibus
873 4077 1266 4132 Persecutorum
1305 4080 1583 4134 Lactantio
1612 4079 1826 4142 tribuit,
1856 4080 2160 4135 convellere

573 4169 763 4223 nititur
794 4168 1031 4221 Domnus
1058 4169 1107 4222 le
1129 4168 1358 4239 Nourry,
1392 4183 1552 4223 ruere
1577 4183 1641 4222 ac
1666 4169 1801 4223 solvi
1828 4209 1843 4233 ,
1892 4168 1977 4222 vel
2026 4168 2160 4224 levi-

574 4267 659 4312 ter
686 4258 985 4313 attendenti
1015 4258 1359 4313 manifestum
1386 4263 1508 4314 erit.

643 4348 760 4404 lam
788 4348 855 4404 ab
884 4365 1027 4403 anno
1058 4351 1195 4405 1715
1221 4352 1426 4416 durius,
1458 4366 1616 4421 quam
1646 4366 1747 4421 par
1769 4360 1870 4416 est,
1897 4352 2162 4408 Domnum

573 4438 855 4495 Nicolaum
886 4441 936 4494 le
965 4439 1177 4510 Nourry
1207 4443 1653 4511 exagitaveragin
1682 4442 2163 4499 Observationibus

572 4529 789 4584 (Zriticis
818 4529 940 4599 (1),
969 4546 1103 4601 quas
1131 4533 1217 4585 edi
1245 4542 1524 4587 curaverat
1555 4533 1617 4586 ι).
1648 4533 1714 4586 de
1744 4533 1791 4585 la
1824 4530 1991 4589 Crose
2019 4545 2164 4591 tomo

2242 1965 2339 2019 ber
2367 1965 2506 2018 enim
2530 1963 2631 2017 iste
2659 1974 2794 2014 unus
2815 1967 2901 2014 est
2917 1999 2931 2023 ,
2956 1956 3096 2011 sicut
3119 1962 3174 2008 et
3201 1952 3339 2007 liber
3361 1950 3425 2004 de
3448 1947 3864 2012 Persecutione;

2242 2073 2307 2112 ac
2332 2058 2382 2110 in
2410 2071 2476 2111 eo
2501 2055 2639 2109 libro
2664 2069 2769 2108 non
2801 2052 2975 2121 agitur
3002 2056 3209 2103 tantum
3238 2044 3303 2098 de
3326 2042 3586 2097 mortibus
3611 2056 3865 2111 persecu-

2245 2159 2408 2203 torum
2430 2192 2444 2215 ,
2477 2163 2662 2202 verum
2688 2148 2851 2201 etiam
2890 2143 2959 2198 de
2987 2141 3179 2196 acerba
3223 2139 3276 2193 in
3307 2136 3649 2192 christianos
3695 2150 3724 2187 a
3769 2132 3857 2188 di-

2243 2240 2413 2293 versis
2443 2236 2855 2307 Imperatorihus
2881 2234 3110 2289 excitata
3139 2227 3523 2301 persecutione
3547 2243 3562 2279 :
3588 2223 3743 2279 unde
3760 2239 3864 2293 po-

2247 2332 2347 2385 tuit
2373 2329 2632 2383 utrumvis
2684 2326 2896 2381 titulum
2945 2338 3056 2392 pra:
3086 2336 3144 2376 se
3175 2320 3338 2375 ferre.
3390 2316 3689 2371 Minimum
3737 2314 3865 2384 qui-

2246 2421 2370 2475 dem
2421 2420 2558 2474 duas
2604 2419 2745 2472 inter
2794 2416 2925 2470 istas
2962 2412 3349 2478 inscriptiones
3388 2406 3697 2461 discrimen
3743 2413 3866 2465 est;

2247 2512 2339 2583 qui
2372 2511 2513 2565 enim
2545 2509 2613 2563 de
2650 2506 2997 2577 persecutione
3039 2502 3202 2557 verba
3252 2499 3418 2564 facit,
3471 2495 3645 2551 debet
3695 2502 3753 2550 et
3798 2493 3871 2549 de

2249 2602 2655 2673 persecutoribus
2682 2614 2844 2669 agere
2877 2615 2889 2650 :
2922 2610 2983 2651 ea
3008 2609 3139 2648 sane
3167 2591 3310 2645 inter
3335 2604 3396 2644 se
3423 2602 3683 2643 connexa
3712 2596 3867 2641 sunt.

2250 2698 2341 2753 Sic
2364 2710 2424 2748 ea
2455 2709 2561 2747 non
2591 2690 2847 2746 discrevit
2876 2685 3187 2742 Lactantius
3217 2682 3371 2752 ipse,
3399 2679 3697 2749 Epitomes
3741 2692 3864 2746 cap.

2252 2806 2360 2854 mn,
2391 2787 2480 2840 ubi
2508 2786 2575 2839 de
2605 2782 2979 2854 persecutione
2999 2820 3013 2843 .
3043 2777 3094 2833 id
3126 2786 3209 2832 est
3229 2818 3245 2843 ,
3286 2773 3574 2843 suppliciis
3599 2771 3867 2826 christia-

2252 2893 2478 2943 nornm,
2528 2875 2797 2943 simulque
2838 2872 2906 2927 dc
2940 2868 3220 2925 mortibus
3258 2873 3684 2936 persecutorum
3732 2877 3871 2917 con-

2248 2969 2473 3039 junctim
2506 2966 2758 3036 loquitur.

2325 3062 2388 3115 ὅθ
2430 3058 2588 3116 Liber
2613 3056 2675 3111 de
2698 3054 2947 3110 Mortibus
2973 3052 3366 3108 Persecutorum
3411 3045 3742 3102 inscribitur
3764 3043 3869 3098 Do-

2257 3161 2416 3217 nato;
2448 3150 2718 3218 inscripsit
2741 3156 2796 3201 et
2822 3145 3132 3201 Lactantius
3159 3142 3370 3197 Donato
3413 3140 3620 3194 librum
3665 3138 3739 3192 de
3786 3137 3872 3191 lra

2180 3234 2225 3299 C
2258 3243 2374 3298 Dei.
2404 3242 2606 3297 Auctor
2627 3240 2906 3307 utriusque
2939 3236 3061 3290 libri
3097 3218 3362 3289 Donatum
3391 3231 3642 3301 appellat
3669 3230 3873 3283 charis-

2254 3334 2456 3389 simam.
2506 3331 2729 3386 Videtur
2773 3343 2902 3397 ergo
2951 3340 3073 3381 esse
3113 3338 3253 3379 unus
3298 3331 3355 3378 et
3402 3321 3551 3376 idem
3591 3319 3872 3385 Donatus,

2255 3425 2342 3478 cui
2373 3423 2508 3477 liber
2539 3432 2761 3491 uterque
2791 3428 3131 3486 nuncupatur
3179 3432 3192 3468 :
3225 3414 3422 3469 asserit
3455 3423 3647 3468 tamen
3703 3412 3874 3466 Dom-

2259 3532 2358 3570 nus
2402 3515 2450 3568 |e
2495 3513 2738 3582 Nourry,
2770 3511 3035 3565 Donatum
3062 3549 3076 3575 ,
3111 3507 3199 3561 cui
3246 3505 3460 3560 dicatur
3503 3520 3535 3557 a
3588 3503 3878 3559 Lactantio

2258 3607 2395 3661 liber
2423 3606 2485 3658 de
2528 3604 2621 3657 lra
2667 3602 2798 3666 Dei,
2829 3602 3104 3656 diversum
3134 3613 3258 3654 esse
3286 3613 3315 3651 a
3345 3598 3562 3652 Donato
3587 3638 3603 3663 ,
3644 3598 3739 3651 cui
3788 3596 3875 3650 in-

2262 3697 2519 3753 scribitur
2564 3695 2700 3749 liber
2726 3693 2793 3748 de
2819 3692 3079 3747 Mortibus
3117 3700 3538 3760 persecuturum
3561 3706 3578 3753 ;
3604 3688 3757 3759 quod
3806 3687 3874 3741 ita

2261 3791 2453 3861 probat
2485 3805 2498 3841 :
2531 3786 2801 3851 Donatus,
2830 3785 2912 3839 cui
2939 3784 3240 3838 Lactantius
3272 3782 3463 3835 librum
3516 3784 3585 3835 de
3632 3781 3735 3836 Ira
3781 3780 3877 3834 Dei

2261 3882 2481 3945 dicavit,
2510 3881 2572 3933 ab
2607 3878 2698 3931 illo
2727 3877 2978 3945 expressis
3007 3874 3170 3928 verbis
3213 3874 3519 3944 appellatur
3546 3884 3671 3945 tyro
3699 3874 3877 3942 impli-

2263 3984 2405 4026 catus
2431 3972 2603 4026 sceculi
2631 3970 2842 4042 negotiis
2860 4011 2875 4035 ,
2906 3967 3187 4021 christiana
3219 3967 3461 4021 doctrina
3491 3983 3603 4021 non
3631 3968 3761 4021 satis
3781 3967 3877 4017 im-

2265 4064 2433 4117 butus.
2463 4062 2620 4131 Atqui
2650 4078 2769 4115 cum
2801 4060 3111 4115 Lactantius
3159 4057 3382 4126 scripsit
3426 4057 3635 4111 librum
3681 4060 3752 4113 de
3797 4056 3877 4111 lra

2268 4154 2360 4209 Dei
2382 4195 2397 4218 ,
2426 4168 2530 4207 non
2573 4152 2744 4223 potuit
2783 4150 3052 4219 appellare
3082 4149 3348 4202 Donatum
3381 4158 3651 4218 tyronem
3694 4146 3871 4217 impli-

2265 4255 2443 4301 catum
2470 4242 2654 4297 StBClIli
2684 4242 2911 4311 negotiis
2930 4280 2946 4307 ,
2972 4254 3072 4294 nec
3102 4239 3234 4293 satis
3278 4237 3588 4292 christiana
3620 4237 3870 4293 doctrina

2270 4339 2571 4400 imbutum,
2605 4335 2649 4389 si
2695 4334 2763 4388 sit
2804 4333 2945 4388 idem
2975 4347 3096 4385 cum
3127 4331 3369 4397 Donato,
3422 4329 3514 4384 cui
3558 4329 3880 4385 inscribitur

2268 4431 2406 4486 liber
2449 4430 2511 4483 de
2544 4427 2793 4482 Mortibus
2827 4425 3255 4489 Persecutorum;
3285 4422 3563 4492 siquidem
3619 4424 3768 4479 liber
3813 4422 3881 4477 de

2265 4522 2348 4578 Ira
2382 4523 2473 4577 Dei
2502 4521 2730 4589 scriptus
2761 4529 2845 4574 est
2872 4518 3055 4572 multis
3092 4517 3251 4571 annis
3280 4525 3405 4586 post
3440 4517 3666 4572 linitam
3699 4531 3880 4587 perse-

575 4637 652 4677 vn
684 4622 843 4677 Diarii
871 4623 1175 4692 Litterarii,
1210 4634 1360 4694 parte
1402 4626 1695 4697 t(.lournal
1722 4624 1997 4682 Littéraire
2039 4615 2575 4685 auniDCUlionemi
2638 4613 2690 4665 ίιι
2746 4625 2849 4680 qua
2905 4625 3001 4679 Per
3043 4622 3138 4661 εει
3183 4622 3358 4663 annos
3409 4606 3663 4664 υοηαεῑη
3719 4609 3883 4664 meml

572 4715 749 4784 1715,
792 4718 825 4770 ὰ
864 4717 915 4770 la
960 4716 1159 4789 Hage),
1207 4719 1293 4773 ubi
1342 4720 1499 4774 docte
1550 4722 1817 4791 pnecipua
1859 4723 2064 4777 Nicolai
2114 4722 2166 4778 le

571 4808 782 4881 Nourry
815 4821 1088 4866 momenta
1118 4814 1314 4867 evertit
1346 4833 1359 4869 :
1392 4813 1488 4869 sed
1514 4823 1697 4869 nostra
1722 4815 2036 4886 Disquisitio
2059 4817 2170 4870 erit

577 4900 765 4954 multa“
779 4902 1036 4969 pacatior.
1056 4916 1059 4921 λ

653 4990 748 5045 His
776 4993 1122 5060 pramotatis,
1150 5009 1271 5063 qua:
1316 4996 1587 5049 communi
1634 4994 1702 5050 de
1746 4995 1982 5051 Auctore
2011 4994 2170 5065 hujus

577 5084 702 5140 libri
741 5087 1023 5140 sententia:
1067 5085 1283 5153 favent,
1330 5088 1489 5143 simul
1537 5099 1589 5144 et
1635 5090 1774 5143 inter
1821 5100 2168 5159 argumenta,

583 5193 704 5249 qua:
746 5177 868 5233 huic
907 5178 1181 5234 adversari
1216 5180 1451 5235 Domnus
1495 5181 1547 5236 le
1587 5180 1796 5253 Nourry
1836 5190 2015 5250 putat,
2047 5181 2170 5248 illa,

578 5285 698 5339 qua:
724 5271 982 5338 peculiari
1009 5272 1360 5341 responsione
1388 5272 1630 5344 indigere
1668 5272 1800 5327 mihi
1840 5272 1954 5326 visa
2000 5281 2164 5338 sunt,

584 5360 908 5428 expendam.
956 5370 967 5379 '

661 5453 722 5504 1°
761 5452 971 5509 Titulus
1016 5453 1141 5510 libri
1170 5454 1233 5509 de
1263 5455 1517 5511 Mortibus
1543 5455 1933 5511 Persecutorum
1964 5450 2179 5525 praefert

586 5543 801 5597 nomina
830 5544 1014 5611 Lucn,
1044 5545 1129 5601 vel
1151 5546 1303 5601 chn
1334 5544 1561 5609 CECILII,
1591 5561 1712 5615 quae
1732 5544 1955 5615 quidem
1984 5545 2174 5600 viden-

656 5698 727 5761 (Ι)
761 5698 1046 5751 Réﬂexions
1076 5716 1159 5751 sur
1194 5701 1237 5751 la
1266 5701 1498 5751 nouvelle
1538 5700 1720 5750 édition
1761 5702 1823 5750 du
1846 5701 2016 5752 'I'raité
2047 5702 2111 5750 de
2139 5700 2183 5749 la

591 5758 720 5822 illort
739 5760 829 5822 des
864 5763 1229 5822 persécuteurs,
1255 5774 1377 5809 avec
1399 5777 1496 5811 une
1524 5764 1839 5814 dissertation
1874 5764 1938 5813 de
1961 5764 2071 5814 dom
2096 5763 2185 5813 Ni-

596 5819 732 5868 colas
751 5821 797 5869 Ie
821 5819 1027 5885 Nourry,
1056 5823 1372 5886 in-8*,Paris,
1402 5824 1537 5873 1710.

2273 4705 2475 4760 catenis
2530 4710 2585 4758 et
2636 4717 2852 4756 carcere
2903 4699 3228 4755 constrictus
3265 4699 3339 4754 ob
3379 4697 3592 4754 Christi
3654 4715 3879 4762 nomen,

2274 4799 2458 4853 novies
2548 4802 2871 4865 pugnaverat
2939 4791 3197 4846 adversus
3279 4799 3545 4862 tyrannos
3577 4832 3596 4858 ,
3673 4801 3730 4848 et
3805 4791 3881 4844 in-

2277 4893 2452 4947 victus
2482 4900 2740 4955 steterat,
2770 4896 2829 4941 ut
2861 4885 3089 4940 habetur
3122 4885 3175 4938 in
3205 4884 3347 4939 libro
3373 4885 3437 4938 de
3467 4883 3745 4940 Mortibus
3775 4883 3885 4938 Per~

2276 4992 2583 5038 secutorum.
2614 4978 2989 5033 Conlessorem
3037 4987 3147 5030 tam
3176 4976 3436 5030 eximium
3484 4985 3690 5046 postea
3740 4988 3880 5048 tyro-

2279 5091 2401 5131 nem
2438 5072 2695 5143 appellari
2721 5069 2983 5140 potuisse,
3015 5067 3197 5122 smculi
3228 5068 3461 5137 negotiis
3501 5068 3889 5139 impliCatnm,

2276 5176 2332 5222 et
2359 5166 2652 5221 christiana
2678 5161 2937 5233 religione
2975 5173 3085 5215 non
3117 5158 3252 5214 satis
3281 5159 3591 5227 imbutum,
3622 5162 3756 5232 quis
3779 5146 3889 5215 cre-

2276 5258 2410 5314 dat?

2350 5350 2456 5405 Sed
2484 5365 2590 5403 non
2617 5356 2702 5403 est
2742 5355 2850 5401 tam
2876 5345 3155 5414 explorata
3182 5342 3272 5399 illa
3300 5343 3478 5411 ratio,
3526 5344 3602 5399 ad
3654 5354 3887 5402 mentem

2279 5450 2439 5513 atque
2466 5441 2771 5509 opinionem
2792 5478 2808 5505 ,
2834 5451 2994 5507 quam
3042 5437 3281 5491 Domnus
3309 5436 3360 5491 le
3390 5431 3616 5510 Nourry
3648 5451 3889 5495 astruere

2281 5536 2487 5592 nititur.
2511 5532 2707 5588 Nullibi
2738 5531 2881 5587 enim
2913 5531 2965 5585 in
2995 5529 3133 5585 libro
3178 5531 3242 5583 de
3281 5528 3376 5583 Ira
3417 5528 3518 5583 Dei
3556 5531 3824 5596 ,Donalus
3861 5546 3887 5584 a

2284 5626 2563 5684 Lactantio
2603 5623 2853 5693 expressis
2895 5622 3059 5675 verbis
3088 5621 3384 5691 appellatur
3431 5631 3552 5691 tyro
3600 5625 3888 5695 implicatus

2286 5719 2457 5773 sreculi
2488 5717 2718 5787 negotiis,
2752 5724 2798 5768 et
2828 5711 3123 5768 Christiana
3153 5713 3406 5783 religione
3433 5730 3544 5768 non
3575 5717 3714 5772 satis
3742 5717 3891 5770 imbue

2286 5819 2386 5864 tus.
2412 5809 2528 5863 Non
2559 5807 2729 5862 solum
2776 5805 2907 5861 illud
2952 5820 3059 5861 non
3104 5803 3337 5860 habetur
3382 5803 3454 5861 de
3503 5805 3727 5863 Donato
3760 5805 3885 5879 apud
