3970 6316
135 234 225 289 Nil

1114 230 1201 291 DE
1241 233 1447 294 AUCT.
1482 236 1610 294 LIB.
1655 240 1742 296 DE
1780 236 1987 299 MORT.
2035 242 2414 303 PERSECUT.

3308 252 3413 314 liii

126 344 446 407 laetantium
470 341 727 415 expressis
758 344 920 402 verbis
953 364 971 401 :
1010 363 1192 404 verum
1223 352 1386 427 etiam
1420 351 1553 408 nihil
1580 369 1700 409 om-
1729 357 1781 417 Α
1808 356 1944 425 phiae
1972 359 2256 414 doctrinam
2287 370 2334 414 et
2373 362 2578 432 planius
2598 405 2614 430 ,
2659 374 2707 417 et
2739 366 2903 421 verius
2948 368 3270 424 cohortabor.
3302 371 3409 429 Ista

133 438 248 492 nino
287 434 421 506 apud
463 451 586 491 eum
633 440 912 506 occurrit,
961 455 1069 510 quo
1112 442 1393 515 quisquam
1439 444 1589 499 illum
1636 446 1705 502 de

130 529 319 584 Donato
345 527 414 581 ita
438 527 680 584 sensisse
705 531 970 599 suspicari
1003 535 1193 602 possit.

192 619 394 673 Duobus
427 626 632 674 tantum
661 622 716 674 in
767 621 901 677 locis
945 621 1257 681 Lactantius
1302 627 1603 685 orationem
1633 628 1703 686 ad

132 709 369 766 Donatum
398 709 665 765 convertit
695 710 748 765 in
778 711 920 767 libro
950 713 1013 767 de
1036 712 1131 769 Ira
1162 714 1278 784 Dei,
1304 733 1497 788 nempe
1519 734 1638 789 cap.
1661 736 1700 785 ι,

128 800 207 856 ubi
261 800 335 854 sic
397 798 560 854 habet
626 817 641 853 :
708 801 918 856 Adverti
958 819 1130 874 sirpe,
1176 803 1410 875 Donate,
1453 811 1703 877 plurimos

130 890 393 946 existimare
419 905 522 944 non
552 891 710 945 irasci
736 891 1094 948 Deum........
1123 912 1343 966 quorum
1371 914 1535 965 error,
1580 901 1703 971 quia

130 982 359 1037 maximus
397 991 504 1047 est,
551 990 599 1037 et
643 983 713 1037 ad
741 986 1069 1041 evertendam
1108 989 1224 1044 vitae
1251 990 1492 1046 humana:
1512 1002 1701 1048 statum

128 1082 330 1146 spectat,
357 1075 712 1145 coarguendus
737 1087 811 1131 est
835 1094 866 1131 α
897 1079 1041 1134 nobis
1063 1122 1077 1146 ,
1111 1097 1175 1136 ne
1218 1083 1328 1149 ipse
1368 1084 1571 1153 fallaris
1597 1085 1698 1138 im-

126 1170 287 1239 pulsus
309 1170 609 1223 auctoritate
636 1170 901 1225 hominum
921 1214 935 1237 ,
965 1174 1053 1241 qui
1078 1190 1132 1228 se
1158 1186 1340 1243 putant
1367 1192 1473 1231 esse
1496 1178 1701 1248 sapien-

127 1273 206 1317 tes.
236 1262 377 1317 Alter
404 1262 556 1316 locus
589 1263 785 1333 legitur
809 1278 928 1341 cap.
950 1265 1053 1331 22,
1087 1265 1176 1320 ubi
1206 1266 1284 1321 sic
1311 1268 1543 1338 loquitur
1564 1268 1699 1325 Lac-

125 1353 302 1407 tantius
332 1370 346 1406 :
375 1351 504 1408 Herc
529 1354 716 1420 habui,
747 1371 864 1426 quae
891 1356 953 1410 de
976 1356 1068 1409 Ira
1097 1355 1191 1411 Dei
1218 1357 1435 1413 dicerem
1453 1400 1468 1426 ,
1499 1359 1700 1416 Donate

123 1444 391 1499 charissinte
406 1487 420 1509 ,
450 1455 508 1499 ut
532 1447 693 1500 scires
716 1448 1151 1516 quemadmodum
1172 1450 1430 1519 refelleres
1469 1468 1553 1506 eos
1570 1494 1585 1518 ,
1609 1453 1699 1523 qui

125 1536 268 1590 Deum
293 1538 485 1607 faciunt
511 1538 941 1596 immobilem.....
975 1540 1251 1612 PrOphetaz
1271 1546 1494 1599 universi
1523 1548 1696 1603 divino

123 1628 305 1700 Spiritu
340 1630 520 1699 repleti
564 1631 701 1689 nihil
747 1631 894 1686 aliud
917 1675 932 1699 ,
965 1650 1118 1705 quam
1149 1634 1212 1689 de
1254 1638 1425 1706 gratia
1454 1636 1548 1692 Dei
1574 1655 1695 1709 erga

1807 460 1960 506 certe
1982 454 2145 509 verba
2174 453 2439 510 Lactantii
2468 460 2818 528 praeceptoris
2845 472 2971 514 sunt
2996 470 3240 534 lyronem
3266 464 3410 518 chri-

1807 541 1981 597 stiana
2011 542 2273 615 religione
2318 561 2424 601 non
2456 548 2587 603 satis
2634 550 2894 605 imbutum
2939 553 3264 623 alloquentis
3308 564 3410 612 :at

1803 627 1923 685 huic
1954 633 2355 690 Demetrianum
2376 676 2392 701 ,
2426 652 2533 692 non
2564 648 2743 695 autem
2773 640 3037 697 Donatum
3069 654 3337 714 spectant.

1880 721 1939 774 4°
1959 723 2295 781 Lactantium
2318 737 2592 785 auctorem
2614 746 2736 786 esse
2758 732 2883 788 libri
2907 734 2975 789 de
2995 734 3256 793 Mortibus
3277 740 3406 795 Pcr-

1805 826 2136 885 secutorum,
2170 820 2294 875 inde
2315 822 2595 891 probatur,
2621 825 2765 893 quod
2788 826 3115 884 Nicomedia:
3145 830 3196 884 iu
3220 831 3409 905 Bithy-

1806 909 1891 987 nia
1914 951 1928 976 ,
1960 911 2099 965 sicut
2125 920 2179 966 et
2205 922 2394 967 auctor
2423 913 2543 969 libri
2576 915 2640 969 de
2685 915 3369 978 Mortibus’Persecutorum
3389 966 3406 993 ,

1803 1004 2237 1057 commorabatur
2282 1005 2444 1060 etiam
2497 1005 2809 1062 Lactantius
2854 1025 2920 1064 eo
2972 1022 3253 1082 tempore,
3302 1031 3408 1086 quo

1804 1094 2107 1164 persecutio
2151 1094 2203 1149 in
2237 1095 2572 1151 Christianos
2618 1110 2859 1168 grassata
2908 1111 3028 1168 est,
3062 1112 3118 1160 et
3147 1106 3241 1161 Dei
3272 1116 3408 1162 tcm-

1805 1185 1950 1254 plum
1991 1200 2243 1241 eversum
2274 1196 2379 1242 est.
2425 1188 2479 1241 Id
2513 1190 2685 1260 ipsum
2718 1190 2787 1246 de
2815 1207 2877 1246 se
2907 1203 3134 1250 testatur
3177 1196 3407 1253 Lactan-

1804 1275 1944 1343 tius,
1977 1277 2115 1331 libro
2146 1293 2198 1344 ν,
2236 1278 2635 1334 lnstitutionnm
2661 1322 2676 1345 ,
2708 1297 2831 1351 cap.
2862 1282 2898 1336 2
2922 1325 2938 1349 ,
2986 1285 3074 1339 ubi
3106 1288 3185 1341 sic
3231 1288 3407 1357 loqui-

1802 1378 1889 1425 tur
1921 1389 1932 1424 :
1969 1370 2079 1442 Ego
2103 1387 2220 1425 cum
2240 1372 2293 1425 in
2318 1371 2563 1443 Bithynia
2591 1375 2844 1430 oratorias
2870 1377 3064 1431 litteras
3093 1379 3284 1433 accitus
3313 1381 3408 1434 do-

1800 1478 1961 1515 cerent
1982 1503 1997 1527 ,
2025 1463 2414 1534 contigissetque
2434 1505 2449 1528 ,
2478 1475 2534 1517 ut
2563 1466 2740 1519 eodem
2784 1456 3009 1538 tempore
3036 1469 3130 1523 Dei
3160 1471 3405 1541 templum

1797 1564 2115 1608 everteretur.
2146 1554 2305 1609 Siluit
2333 1556 2480 1611 urbis
2511 1571 2730 1623 nomen,
2755 1558 2807 1612 in
2831 1574 2936 1629 qua
2964 1560 3149 1615 docuit
3175 1561 3404 1618 Lactan-

1799 1643 1906 1698 tius
1935 1661 1949 1698 :
1980 1644 2074 1698 sed
2101 1643 2456 1716 Hieronymus
2477 1662 2584 1701 non
2612 1650 2991 1716 praetermisit;
3017 1644 3092 1705 ait
3111 1652 3254 1706 enim
3281 1654 3400 1710 loco

114 1722 288 1790 justas,
316 1731 363 1775 et
390 1722 453 1776 de
476 1723 558 1775 ira
592 1720 695 1776 Dei
724 1723 966 1780 adversus
1007 1724 1191 1796 intpios
1219 1727 1519 1797 loquuntur,
1566 1747 1695 1801 quo-
1723 1745 1771 1805 Β
1798 1746 1959 1801 supra
1987 1734 2171 1799 citato,
2196 1733 2531 1791 Lactantium
2559 1737 2903 1794 Rhetoricam
2931 1740 3257 1819 Nicomedia:
3281 1745 3391 1800 do-

122 1828 220 1866 rum
242 1814 522 1868 testimonia
551 1815 701 1869 nobis
727 1816 933 1886 quidem
963 1818 1089 1872 satis
1119 1827 1235 1872 sunt
1257 1835 1277 1873 :
1296 1835 1468 1874 verum
1490 1821 1553 1874 iis
1571 1837 1696 1890 quo-

121 1904 242 1957 niam
267 1921 363 1959 non
392 1905 608 1960 credunt
635 1907 758 1973 isti,
781 1909 868 1977 qui
888 1909 1195 1977 sapientiam
1218 1911 1424 1980 capillis
1451 1921 1497 1966 et
1519 1912 1695 1967 habitu

113 1996 290 2066 jactant
309 2038 323 2062 ,
352 1997 547 2052 ratione
573 2014 780 2070 quoque
807 2007 854 2054 et
882 2002 1196 2072 argumentis
1223 2004 1433 2075 fuerunt
1475 2022 1506 2058 a
1549 2005 1693 2061 nobis

121 2092 380 2164 refellendi.

178 2185 249 2240 Ex
291 2185 377 2241 hic
415 2186 551 2242 locis
591 2186 802 2258 liquet,
854 2188 1138 2243 consilium
1179 2188 1441 2245 Lactantii
1492 2192 1686 2261 fuisse,

120 2277 179 2332 ita
236 2278 486 2332 Donatum
535 2279 687 2334 circa
743 2279 833 2335 Dei
887 2280 1278 2349 providentiam
1326 2278 1579 2350 erudire,
1633 2295 1691 2340 ut

121 2351 280 2441 posset
307 2372 450 2443 ipsos
473 2371 881 2443 .Philosophos,
920 2374 1011 2443 qui
1041 2388 1160 2428 eam
1193 2374 1485 2441 tollebant,
1519 2377 1688 2432 ratio-

118 2480 225 2519 num
248 2465 527 2520 momentis
554 2463 834 2520 refellere.
865 2463 973 2520 Sed
1001 2464 1140 2520 adeo
1172 2481 1277 2520 non
1309 2466 1543 2536 appellat
1564 2482 1686 2522 eum

121 2568 336 2627 tyronem
379 2556 719 2627 implicatum
761 2556 945 2611 saeculi
993 2557 1258 2627 negotiis,
1301 2568 1355 2611 et
1397 2548 1687 2614 christiana

120 2650 348 2721 religione
376 2665 480 2705 non
514 2649 656 2705 satis
682 2648 975 2713 imbutum,
1006 2658 1065 2704 ut
1108 2664 1173 2704 ex
1216 2649 1396 2704 verbis
1426 2649 1686 2707 Lactantii

118 2742 392 2812 colligatur,
425 2743 699 2795 Donatum
745 2756 853 2795 non
907 2741 1183 2811 ignorasse
1204 2783 1217 2808 ,
1245 2742 1369 2811 quid
1402 2742 1686 2812 Prophetas

114 2835 321 2891 universi
349 2836 600 2892 dicerent
629 2835 700 2891 de
727 2836 896 2905 gratia
928 2834 1020 2890 Dei
1047 2850 1175 2903 erga
1200 2835 1377 2904 justos
1396 2877 1411 2901 ,
1440 2845 1493 2890 et
1519 2835 1587 2890 de
1606 2835 1685 2889 ira

114 2929 211 2997 ejus
233 2930 481 2986 adversus
511 2931 717 3000 impios
739 2971 754 2997 ,
778 2928 942 3001 atque
966 2929 1037 2984 ita
1078 2930 1285 2983 Donato
1311 2944 1497 2983 corum
1527 2928 1683 2983 testi-

113 3021 264 3075 monia
290 3036 408 3077 esse
438 3030 588 3089 nota,
620 3029 682 3075 ut
706 3021 807 3086 ipsi
833 3020 964 3075 satis
990 3029 1200 3086 essent,
1229 3018 1679 3090 quemadmodum

1796 1825 1994 1879 cuisse.
2020 1825 2223 1880 Auctor
2248 1827 2408 1881 etiam
2437 1827 2560 1882 libri
2588 1828 2651 1882 de
2696 1829 2950 1886 Mortibus
2993 1831 3392 1890 Persecutorum

1794 1916 2120 1974 Nicomediae
2148 1936 2238 1985 se,
2290 1921 2405 1992 ipsa
2440 1926 2819 1992 persecutione
2860 1928 3118 1984 saeviente
3144 1969 3158 1994 ,
3188 1939 3243 1984 et
3273 1946 3396 1988 cum

1795 2008 2054 2075 templum
2091 2010 2186 2066 Dei
2217 2012 2335 2066 solo
2362 2013 2702 2084 aquuatum
2731 2026 2846 2084 est,
2878 2020 3173 2088 mansisse,
3206 2038 3394 2079 revera

1793 2114 1901 2153 non
1928 2100 2057 2155 dicit
2091 2122 2105 2157 :
2139 2103 2235 2157 scd
2266 2119 2377 2158 rem
2410 2113 2573 2160 totam
2606 2106 2675 2161 ita
2718 2119 2904 2163 narrat
2932 2126 3080 2167 num.
3116 2112 3220 2180 12,
3252 2124 3311 2169 ut
3342 2116 3397 2171 in

1795 2192 1971 2247 oculis
1999 2194 2116 2262 ejus
2146 2205 2354 2265 gestam
2388 2212 2509 2252 esse
2533 2199 2880 2270 intelligatur.
2908 2203 3156 2274 Repente,
3189 2207 3387 2278 inquit,

1790 2283 1961 2337 adhuc
1990 2285 2144 2340 dubia
2171 2288 2284 2342 luce
2310 2289 2380 2341 ad
2403 2288 2753 2348 Ecclesium...
2786 2294 2956 2359 venit;
2984 2305 3032 2349 et
3067 2298 3283 2352 revulsis
3309 2301 3397 2371 fo-

1790 2376 1932 2431 ribus
1960 2378 2293 2433 simulacrum
2324 2380 2419 2435 Dei
2455 2384 2724 2452 quwritur,
2753 2383 3040 2456 Scriptum
3063 2399 3279 2458 reperta:
3314 2393 3398 2445 in-

1790 2467 2097 2535 cenduntur,
2127 2471 2281 2525 datur
2311 2474 2543 2528 omnibus
2572 2475 2750 2542 prceda
2789 2492 2809 2530 :
2835 2479 3055 2546 rapitur,
3087 2480 3393 2550 trepidatur,

1790 2557 2114 2614 discurritur.
2145 2560 2261 2631 Ipsi
2284 2566 2300 2626 (
2320 2564 2674 2636 imperatores)
2702 2583 2818 2620 vero
2844 2568 2897 2620 in
2920 2571 3143 2637 speculis
3172 2572 3261 2643 (in
3288 2573 3396 2629 alto

1789 2651 1922 2704 enim
1941 2654 2216 2707 constituta
2242 2653 2470 2711 Ecclesia
2499 2674 2562 2712 ex
2585 2658 2779 2727 palatio
2804 2660 3085 2734 videbatur)
3099 2665 3189 2718 diu
3203 2666 3396 2723 interse

1787 2744 2162 2809 concertabant,
2177 2755 2347 2799 utrum
2367 2748 2533 2818 ignem
2557 2751 2724 2820 potius
2734 2754 2956 2822 supponi
2967 2767 3240 2823 oporteret.
3258 2756 3391 2814 Vicit

1786 2834 2032 2887 sententia
2055 2828 2431 2908 Diocletianus,
2449 2856 2657 2907 cavens,
2677 2858 2741 2896 ne
2761 2860 2950 2913 magno
2970 2846 3204 2903 incendio
3228 2850 3390 2919 facto,

1786 2939 1906 2993 pars
1953 2925 2129 2995 aliqua
2174 2928 2395 2982 civitatis
2442 2931 2664 2987 arderet.
2710 2931 2982 2990 Veniebant
3009 2938 3162 3008 igitur
3191 2938 3394 3015 Proeto-

1785 3016 1923 3070 riani
1949 3018 2059 3072 acie
2087 3028 2284 3074 structa
2314 3037 2431 3076 cum
2456 3024 2719 3080 securibus
2734 3036 2781 3080 et
2802 3027 2923 3082 aliis
2955 3031 3274 3099 ferramentis
3293 3076 3310 3102 ,
3343 3044 3393 3089 et

112 3112 195 3182 ipsi
236 3112 541 3181 Lactantio;
593 3128 820 3184 quorum
891 3112 1217 3178 testimonia,
1269 3111 1439 3182 inquit
1462 3154 1477 3179 ,
1532 3109 1676 3165 nobis
1704 3130 1749 3194 ρ
1783 3106 1997 3163 immissi
2021 3110 2274 3181 undique,
2309 3122 2479 3168 tamen
2515 3113 2650 3169 illud
2675 3116 3014 3173 editissimum
3039 3123 3219 3191 paucis
3245 3125 3389 3181 horis

108 3206 212 3261 satis
232 3217 360 3261 sunt.

167 3300 399 3356 Arbitror
437 3301 696 3372 equidem
742 3300 1003 3371 plurimos
1048 3299 1217 3355 fuisse
1264 3307 1531 3369 martyres
1556 3298 1677 3353 exi-

109 3391 223 3446 mios
245 3391 530 3448 christiana
558 3391 827 3461 religione
850 3391 981 3445 satis
1008 3390 1242 3446 imbutos
1258 3430 1272 3455 ,
1303 3398 1359 3445 et
1382 3390 1676 3445 etiamnum

107 3495 209 3537 esse
234 3483 513 3538 nonnullos
562 3482 768 3553 pietate
810 3481 1135 3551 conspicuos
1176 3478 1537 3543 christianos,
1583 3479 1676 3549 qui

107 3581 259 3631 tamen
284 3586 649 3649 nonpossent
691 3574 903 3630 ratione
946 3582 1000 3629 et
1023 3576 1388 3644 argumentis,
1422 3579 1480 3626 ut
1527 3572 1580 3626 in
1608 3586 1675 3628 eo

106 3666 301 3722 libi-ode
345 3666 438 3722 Ira
464 3667 565 3723 Dei
610 3676 876 3737 praestare
917 3676 1146 3721 conatus
1190 3674 1275 3721 est
1316 3663 1668 3731 Lactantius,

104 3759 344 3816 extricare
366 3775 425 3816 se
453 3758 796 3831 argumentis
829 3756 1271 3828 philosophorum
1290 3755 1554 3811 adversus
1580 3755 1672 3811 Dei

105 3851 487 3919 providentiam.
536 3849 822 3921 Ejusmodi
849 3850 993 3905 enim
1024 3858 1151 3904 sunt
1180 3849 1279 3903 ista
1311 3857 1626 3917 argumenta
1653 3888 1671 3916 ,

106 3951 151 3995 ut
170 3957 275 4012 cap.
325 3944 392 3998 13
436 3943 586 3998 dicat
614 3940 965 4009 Laelantius,
995 3940 1077 3994 his
1121 3940 1386 4010 plerosque
1432 3934 1673 3992 Philoso-

106 4035 327 4104 phorum,
365 4038 454 4106 qui
481 4033 862 4107 providentiant
897 4033 1219 4104 defendunt,
1264 4030 1549 4102 perturbari
1591 4046 1674 4084 so-

103 4129 206 4195 lere,
222 4142 264 4186 et
279 4131 461 4186 invitos
473 4145 605 4201 pene
617 4127 779 4199 adigi,
796 4136 851 4181 ut
872 4124 1037 4180 Deum
1051 4124 1180 4179 nihil
1194 4140 1375 4178 curare
1387 4127 1668 4194 fateantur.

160 4223 366 4279 Videtur
388 4223 635 4279 Domnus
657 4221 706 4275 le
726 4220 938 4291 Nourry
962 4217 1236 4274 memoriae
1258 4216 1411 4286 lapsu
1436 4214 1674 4270 tribuere

101 4311 305 4379 Donato,
330 4312 472 4386 quod
504 4311 824 4367 Lactantius
848 4309 1195 4365 Demetriano
1217 4307 1350 4363 dicit
1366 4306 1419 4360 in
1448 4305 1583 4360 libro
1604 4305 1674 4360 de

99 4399 298 4471 Opiﬁcio
322 4404 432 4459 Dci.
460 4402 809 4459 Demetriauo
829 4401 1035 4457 scilicet
1056 4400 1250 4455 librum
1271 4398 1432 4485 istum
1456 4398 1524 4452 de
1545 4396 1675 4467 Opi-

1779 3199 1891 3254 solo
1915 3201 2273 3285 adtequarunt.
2324 3204 2395 3259 Et
2442 3222 2591 3261 num.
2627 3208 2695 3262 15
2726 3226 2738 3263 :
2770 3208 3029 3266 Postridie
3071 3215 3390 3285 propositum

1778 3301 1852 3345 est
1871 3282 2127 3360 edictum,
2169 3311 2270 3365 quo
2309 3295 2597 3365 cavebatur,
2646 3308 2702 3353 ut
2730 3300 2994 3371 religionis
3037 3282 3179 3359 illius
3223 3307 3390 3363 homi-

1780 3398 1866 3435 nes
1895 3396 2125 3440 carerent
2153 3386 2292 3440 omni
2322 3388 2515 3442 honore
2542 3405 2605 3442 ac
2649 3390 2898 3461 dignitate
2917 3433 2932 3461 ,
2966 3396 3228 3451 torntentis
3256 3398 3383 3453 sub-

1770 3474 1896 3545 jecti
1937 3484 2168 3530 essent...
2211 3477 2364 3543 Quod
2402 3479 2625 3533 edictum
2668 3481 2913 3549 quidam,
2959 3486 3055 3539 etsi
3083 3502 3186 3540 non
3211 3499 3382 3557 recte,

1776 3581 1961 3637 magno
2007 3575 2175 3622 tamen
2214 3569 2385 3624 animo
2414 3570 2631 3637 diripuit
2672 3582 2719 3626 et
2765 3576 3081 3630 conscidit...
3114 3580 3384 3648 statimque

1778 3659 2087 3729 productus,
2118 3677 2222 3715 non
2251 3662 2403 3717 modo
2429 3673 2678 3731 extortus,
2709 3666 2800 3719 sed
2827 3666 2983 3721 etiam
3013 3669 3233 3739 legitime
3259 3688 3380 3726 coc-

1779 3759 1880 3814 tus,
1902 3767 2015 3806 cum
2035 3752 2326 3807 admirabili
2352 3754 2596 3823 patientia
2617 3765 2871 3825 postremo
2893 3769 3099 3813 exustus
3122 3769 3213 3814 est.
3235 3761 3380 3817 Prm-

1780 3851 1924 3896 terea
1951 3856 2071 3912 qua:
2104 3842 2370 3897 habentur
2400 3860 2547 3897 num.
2582 3844 2649 3898 l7
2678 3845 2747 3900 de
2770 3847 2980 3915 morbo,
3006 3866 3113 3920 quo
3134 3850 3383 3911 Nicome-

1776 3930 1879 3986 diae
1908 3930 2176 3986 laboravit
2208 3933 2605 4002 Diocletianus;
2625 3944 2842 3990 etnum.
2872 3938 2942 3994 55
2964 3938 3033 3995 de
3057 3934 3249 3999 Edicto
3274 3943 3382 4000 Ga-

1775 4023 1893 4078 lerii
1914 4023 2237 4079 Nicomediae
2260 4027 2556 4096 pr0posito,
2576 4042 2639 4084 ac
2656 4028 2724 4084 de
2750 4028 2870 4098 die,
2902 4047 3008 4103 quo
3032 4036 3244 4105 cognita
3270 4036 3377 4093 fuit

1775 4114 2101 4172 Nicomediae
2130 4133 2275 4173 mors
2296 4116 2516 4184 Galerii,
2539 4120 2628 4175 illa
2646 4133 2924 4179 auctorem
2954 4125 3115 4182 istum
3149 4128 3272 4184 libri
3316 4130 3380 4186 de

1776 4205 2030 4264 Mortibus
2049 4207 2444 4266 Persecutorum
2463 4211 2776 4284 aliquandiu
2801 4214 3129 4275 Nicomediae
3154 4218 3372 4293 degisse

1776 4298 1991 4355 abunde
2022 4300 2275 4371 probant.

1850 4388 1906 4445 5°
1930 4391 2076 4447 Idem
2104 4402 2189 4448 est
2215 4394 2453 4450 auctoris
2499 4395 2621 4450 libri
2652 4396 2722 4453 de
2765 4397 3026 4456 Mortibus
3052 4402 3376 4460 Persecuto-

98 4494 200 4549 licio
227 4495 314 4551 Dei
343 4496 700 4564 inscripserat
722 4534 737 4558 ,
766 4501 821 4548 et
846 4492 990 4547 hunc
1018 4492 1166 4547 velut
1195 4484 1438 4561 tyronem
1469 4490 1550 4544 sic
1590 4489 1672 4543 al-
1697 4520 1753 4581 Β
1777 4498 1895 4537 rum
1920 4526 1935 4551 ,
1964 4498 2029 4538 ac
2058 4484 2320 4540 Lactantii
2351 4486 2545 4557 stylus.
2575 4488 2728 4556 Quod
2755 4499 2811 4545 ut
2836 4491 3040 4547 clarius
3071 4503 3271 4563 pateat,
3291 4494 3376 4551 hic

97 4583 326 4653 loquitur.
370 4585 694 4655 Prteceptor,
723 4585 799 4639 ait
839 4584 1013 4652 capite
1064 4581 1268 4652 primo,
1301 4581 1454 4635 etiam
1492 4596 1629 4633 nunc
1652 4619 1668 4644 ,

95 4676 170 4729 sed
193 4678 487 4733 honestioris
509 4677 587 4730 rei
610 4676 934 4746 meliorisque
955 4674 1267 4728 doctrinm...
1300 4682 1346 4727 te
1373 4687 1553 4725 moneo
1584 4687 1671 4726 re-

96 4780 276 4836 petens,
300 4771 591 4841 iterumque
615 4770 858 4836 monebo,
898 4785 961 4823 ne
997 4769 1363 4824 oblectamenta
1399 4767 1499 4819 ista
1525 4773 1674 4819 terra:

95 4876 174 4928 pro
198 4863 390 4935 magnis
414 4873 507 4916 aut
537 4863 669 4917 veris
707 4861 852 4916 bonis
877 4860 1061 4915 habere
1101 4869 1149 4914 te
1173 4859 1372 4914 credas.
1407 4858 1475 4912 Et
1498 4857 1674 4927 capite

96 4952 261 5009 ultimo
286 4972 301 5010 :
329 4953 392 5010 Si
432 4953 580 5010 Deus
608 4953 835 5021 dederit,
869 4953 1078 5024 inquit,
1124 4961 1172 5006 te
1199 4951 1268 5005 ad
1288 4966 1418 5006 verte
1447 4950 1676 5020 philoso-

155 5094 273 5151 Htec
302 5096 846 5170 'leguntur__numero
888 5092 1128 5170 secundo
1159 5090 1278 5170 libri
1308 5091 1379 5170 de
1407 5088 1672 5170 Mortibus

98 5161 488 5239 Persecutorum
523 5184 539 5239 ς
574 5164 829 5239 Extremis
853 5167 1159 5239 temporibus
1188 5161 1665 5239 ijeriitgcusaris,

96 5245 143 5288 ut
164 5237 399 5307 scriptum
440 5238 684 5307 legimus,
731 5231 982 5307 Dominus
1010 5244 1181 5307 noster
1204 5231 1366 5307 Iesus;
1384 5231 1613 5307 Christus
1639 5245 1672 5282 a

96 5303 275 5363 Iudaeis
303 5303 565 5362 cruciatus
594 5317 666 5376 est
694 5316 806 5376 post
826 5306 978 5376 _diem
1023 5305 1273 5358 decimum
1319 5303 1672 5358 Kalendarum

95 5377 268 5449 Aprilis
286 5420 301 5449 ,
331 5380 530 5434 duobus
561 5374 786 5433 Geminis
810 5374 1134 5431 Consulibus.

151 5618 339 5678 Testus
381 5619 509 5679 libri
536 5619 608 5675 de
632 5618 892 5675 Mortibus
921 5618 1344 5676 Persecutorum
1391 5623 1663 5680 consentit

86 5724 194 5770 cum
218 5712 428 5773 duobus
459 5711 703 5772 testibus
723 5727 756 5769 θ
784 5710 1005 5786 regione
1031 5711 1245 5784 positis,
1262 5727 1329 5769 eo
1347 5715 1491 5788 quod
1512 5712 1663 5774 dica-

1781 4574 2043 4646 descripsi
2075 4586 2185 4632 tum
2214 4593 2336 4643 res,
2389 4588 2499 4633 tum
2531 4583 2828 4637 sententias
2848 4625 2864 4649 ,
2898 4595 3009 4639 tum
3039 4586 3373 4656 locutiones,

1779 4681 1979 4737 easque
2003 4668 2305 4738 singulares
2326 4679 2380 4725 et
2403 4669 2683 4727 Lactantio
2712 4675 2979 4743 proprias,
3006 4692 3124 4745 qua:
3153 4678 3205 4731 iu
3232 4679 3375 4735 libro

1780 4759 1844 4813 de
1864 4756 2117 4813 Mortibus
2144 4769 2522 4823 persecutorum
2541 4798 2558 4826 ,
2588 4770 2643 4817 et
2670 4764 2721 4817 in
2751 4762 2874 4817 aliis
2895 4765 3208 4821 indubitatis
3233 4767 3374 4823 Lac~
3446 4802 3452 4809 ς

1780 4848 1930 4904 tantii
1958 4848 2211 4918 operibus
2251 4851 2456 4906 similes
2485 4852 2862 4922 reperiuntur,
2895 4864 3056 4926 atque
3085 4856 3156 4911 ob
3184 4859 3371 4917 oculos

1780 4957 1813 4998 e
1843 4942 2060 5013 regione
2091 4941 2265 5012 posui.

1848 5079 1976 5135 Hrcc
2012 5080 2281 5151 leguntur,
2324 5081 2463 5136 libro
2486 5097 2538 5136 Iv
2562 5080 2995 5151 lnstitutionum,
3023 5099 3075 5142 c.
3110 5086 3178 5141 10
3207 5104 3220 5140 :
3254 5087 3365 5143 Sub

1776 5152 1989 5225 imperio
2020 5150 2211 5225 _Tiberii
2242 5151 2489 5225 Cwsaris,
2520 5157 2669 5225 cujus
2691 5171 2825 5209 anno
2855 5159 3032 5225 quinto
3060 5159 3253 5212 decimo
3275 5200 3289 5223 ,
3314 5160 3371 5214 id

1775 5232 1880 5299 est,
1909 5221 2105 5299 duobus
2143 5223 2365 5299 Geminis
2394 5221 2733 5299 consulibus,
2781 5221 2899 5280 ante
2928 5228 3060 5281 diem
3101 5221 3370 5299 septimum

1776 5294 1885 5420 gita
1940 5295 2124 5347 multm
2172 5294 2471 5365 editiones)
2505 5294 2849 5350 Calendarum
2876 5294 3165 5371 Aprilium,
3195 5301 3370 5357 Judcei

1820 5366 2035 5418 hristum
2059 5366 2445 5420 cruciﬁxerunt;
2604 5396 2610 5405 ι
3090 5386 3097 5391 -

1820 5366 2035 5418 hristum
2059 5366 2445 5431 cruciﬁxerunt;
2604 5396 2610 5405 ι
2924 5366 2932 5369 ’
3032 5366 3041 5371 ’
3090 5386 3097 5391 ·

1848 5436 1913 5489 Et
1939 5436 2178 5502 ejusdem
2206 5437 2323 5489 libri
2355 5450 2475 5504 cap.
2504 5436 2577 5491 Ἠ
2609 5454 2622 5491 :
2653 5436 2839 5492 Mirari
2880 5440 3072 5494 desinet
3110 5438 3276 5497 Deum
3304 5443 3368 5499 ab

1776 5506 2059 5560 hominibus
2082 5522 2186 5560 esse
2214 5508 2515 5563 cruciatum.

1767 5631 1854 5679 tur
1879 5624 1979 5678 sub
2010 5623 2229 5680 Tiberio
2254 5626 2481 5681 Caesare
2493 5625 2744 5689 Christus
2772 5642 2801 5685 a
2827 5610 3028 5688 Judteis
3056 5642 3365 5713 cruciatus,

1766 5715 1976 5775 duobus
2004 5714 2250 5775 Geminis
2274 5714 2618 5776 Consulibus.
