3970 6390
524 262 629 324 107

1960 249 2361 323 DlSQUlSlTIt)

3715 245 3812 303 168

528 382 752 436 bentur:
780 381 918 435 Illud
934 397 1050 433 vero
1070 379 1304 448 capitale,
1328 388 1371 431 et
1385 394 1538 439 supra
1556 393 1748 440 omnes,
1767 375 1855 444 qui
1871 378 2097 448 fuerunt,
2128 376 2181 432 Α
2204 370 2735 448 aboiiiimmduntnon
2752 370 3036 448 libidinem,
3057 369 3145 421 sed
3175 368 3429 448 insaniant
3461 365 3635 446 potius
3660 381 3802 418 exer-

527 454 883 522 corrumpendi
911 447 1185 522 cupiditas,
1216 449 1347 522 quid
1367 449 1533 522 dicam
1562 449 1751 522 nescio,
1781 447 2037 522 nisicreca
2055 450 2123 502 et'

532 516 811 587 elfrenata;
842 531 890 574 et
921 516 1087 573 tamen
1116 520 1194 573 his
1230 516 1405 573 verbis
1441 519 1723 584 exprimere
1751 532 1844 583 pro
1869 516 2106 587 indigna.

530 586 666 645 tione
694 609 797 715 su:
834 606 936 665 non
984 599 1164 662 potest.
1204 587 1370 644 Vincit
1426 588 1644 658 officium
1684 586 1871 657 lingua:
1911 586 2119 644 sceleris

532 671 759 715 maamtu
801 678 851 714 ο.

532 671 851 733 magnitudo.

598 824 654 879 In
690 822 775 878 bis
804 823 1013 878 duobus
1046 823 1286 877 textibus
1325 820 1625 877 locutiones
1650 819 1872 874 omnino
1901 818 2111 875 similes

527 922 833 970 occurrunt.
870 913 1156 968 Mendosus
1189 922 1364 967 tamen
1394 920 1477 966 est
1506 919 1681 965 textus
1711 910 1833 963 libri
1863 908 1931 963 de
1969 909 2115 964 Mor-

528 1006 669 1063 tibus
709 1016 1116 1076 persecutorqu
1149 1023 1163 1059 :
1202 1005 1296 1059 sed
1327 1005 1372 1059 si
1416 1003 1643 1057 addatur
1668 1018 1769 1056 vox
1817 1002 1916 1055 ista
1945 1019 2117 1069 mens,

526 1113 646 1168 qua:
685 1098 857 1169 potuit
903 1096 1246 1153 amanuensis
1286 1096 1441 1165 culpa
1484 1093 1680 1167 omitti,
1714 1093 1791 1147 sic
1832 1092 2119 1163 legendum

600 1252 724 1307 Hzec
749 1266 896 1306 num.
926 1248 959 1304 5
986 1250 1077 1304 lib.
1106 1248 1174 1303 de
1195 1248 1454 1303 Mortibus
1479 1248 1888 1302 Persecutorum
1914 1246 2101 1316 legun-

2208 452 2318 495 cent
2338 443 2455 495 ?....
2490 442 2682 506 Quibus
2716 442 2811 494 hoc
2831 442 2991 510 verbis
3011 483 3025 506 ,
3051 450 3141 493 aut
3166 456 3266 510 qua
3297 439 3657 510 indignatione
3698 444 3814 510 tan-

2222 522 2327 565 tum
2381 512 2523 635 unciis
2567 511 2888 582 prosequar?
2928 509 3091 565 Vincit
3132 506 3364 580 ofﬁciunt
3394 506 3588 579 lingua:
3614 506 3818 562 sceleris

2227 592 2449 635 maamtu
2491 599 2541 635 ο.

2227 592 2541 652 magnitudo.

2214 825 2313 879 erit
2346 843 2359 879 :
2390 824 2455 878 Et
2484 834 2653 879 tamen
2675 824 2754 878 his
2791 823 2952 877 verbis
2979 822 3261 893 exprimere
3286 835 3429 875 mens
3455 834 3552 890 pro
3579 818 3821 891 indigna-

2216 919 2350 971 tione
2373 935 2466 972 sua
2497 934 2598 970 non
2622 925 2785 985 potest
2805 932 2823 981 ;
2843 925 2898 970 et
2924 929 3116 970 sensus
3136 913 3240 968 erit
3267 911 3457 982 planus
3480 918 3538 967 et
3556 921 3819 981 apertus;

2220 1011 2292 1064 ita
2322 1008 2680 1065 emendarunt
2704 1008 2975 1063 doctiores
2996 1006 3217 1076 quique.

2278 1246 2402 1321 "11370
2445 1248 2625 1321 capi
2668 1247 2763 1302 lib.
2805 1248 3085 1303 tlnstitut.
3124 1248 3380 1321 leguntur
3428 1264 3444 1303 :
3498 1248 3828 1321 Majestatent

528 1332 615 1379 tur
643 1341 655 1375 :
692 1321 875 1375 Nonne
908 1320 1137 1374 mirabile
1162 1328 1234 1373 est
1260 1335 1443 1391 ausum
1474 1332 1991 1391 esse7qufiiiquaitt...
2018 1332 2105 1369 co-
2168 1383 2179 1391 7
2218 1317 2623 1391 Deisingularis
2636 1334 2697 1371 ac
2722 1320 2828 1373 veri
2853 1330 2901 1373 et
2920 1319 3218 1391 cognovisti,
3227 1330 3297 1391 _et
3328 1317 3613 1374 honorasti'.

528 1395 686 1465 gitare
722 1394 961 1465 adversus
998 1394 1309 1465 ntajestatem
1354 1388 1630 1458 singularis
1662 1386 1758 1442 Dei
1802 1388 2018 1457 regentis
2061 1395 2108 1440 et

530 1461 827 1518 continentis
856 1461 1123 1514 universa?

532 1545 538 1552 '
599 1533 669 1588 Et
709 1549 856 1587 num.
886 1530 953 1586 ‘12
980 1548 993 1585 :
1020 1529 1292 1597 Templum
1335 1531 1510 1598 paucis
1551 1528 1689 1583 horis
1717 1529 1828 1582 solo
1872 1525 2114 1597 adwqua—

528 1614 665 1659 runt.

2282 1389 2350 1442 Et
2399 1391 2488 1444 lib.
2524 1406 2575 1443 tv
2609 1389 2839 1443 lnstitut.
2862 1431 2876 1452 ,
2909 1388 3027 1457 cap.
3060 1390 3123 1443 2t
3168 1406 3181 1444 :
3217 1388 3479 1443 Futurum
3520 1406 3635 1445 esse
3681 1390 3829 1445 dixe-

2213 1470 2354 1521 runt,
2384 1468 2509 1513 ut...
2539 1462 2765 1513 civitates
2788 1476 2961 1514 eorum
2989 1461 3097 1513 solo
3122 1460 3433 1525 adaequaret.

2290 1530 2348 1582 Et
2380 1529 2469 1584 lib.
2498 1545 2531 1583 v
2558 1530 2809 1591 luslitut.,
2835 1544 2954 1602 cap.
2984 1531 3042 1584 11
3075 1547 3088 1582 :
3119 1528 3263 1584 Unus
3288 1530 3341 1584 in
3376 1529 3685 1602 Phrygia...
3711 1531 3831 1585 uni-

2217 1616 2418 1653 versum
2448 1601 2696 1671 populum
2724 1616 2839 1654 cum
2871 1601 2986 1670 ipso
3015 1601 3582 1671 pariterconventiculo
3608 1618 3829 1657 concre-

690 1689 836 1727 num.
868 1673 933 1725 15
964 1689 978 1724 :
1009 1671 1499 1726 Constantius.......
1529 1650 1896 1733 conventicula,
1920 1668 1973 1720 id
2002 1678 2112 1734 est,
2147 1665 2194 1723 B
2220 1650 2391 1723 tritavi-t7.

532 1747 771 1817 parietes,
800 1744 886 1817 qui
912 1742 1108 1817 restitui
1137 1740 1549 1817 poterarit,_dir7ui
1577 1756 1754 1817 passus
1780 1748 1875 1817 est.

603 1815 757 1869 Num.
792 1809 858 1868 16
892 1830 904 1866 :
940 1814 1125 1865 Auctor
1162 1820 1207 1863 rt
1240 1810 1561 1863 consiliarius
1587 1811 1653 1862 ad
1691 1809 1977 1878 faciendam
2000 1826 2119 1879 per-

537 1887 865 1949 secutionem;
906 1883 974 1937 de
1001 1881 1246 1937 Hierocle
1269 1882 1483 1935 dicitur.

602 2037 804 2120 Eodem
830 2051 1082 2091 numero:
1104 2034 1491 2089 chalumcum
1516 2036 1624 2089 suis
1640 2034 1917 2089 terroribus
1939 2036 2123 2089 trium-

533 2113 808 2233 plubllbdldem
832 2191 1054 2231 numero
1087 2194 1098 2228 :
1131 2175 1370 2244 Nefanda
1384 2176 1619 2246 jussione
1656 2185 1969 2245 contempta.
1999 2176 2123 2230 Jus-

534 2252 637 2310 sio.
664 2264 767 2303 vox
798 2247 1164 2305 Lactantiana.
1730 2280 1733 2285 .

607 2321 817 2397 Eodem
838 2333 981 2371 num.
1019 2316 1209 2370 Nullus
1238 2316 1450 2386 laqueus
1480 2317 1712 2369 inducat.

535 2474 548 2483 °
603 2471 759 2526 Num.
792 2469 855 2524 I8
876 2469 941 2522 tle
964 2468 1219 2522 Mortibus
1242 2475 1646 2536 persecutor-mn
1678 2483 1692 2520 :
1725 2464 2006 2518 Multorum
2030 2464 2127 2517 sibi

534 2544 651 2596 odia
698 2542 985 2611 qua'sisset;
1024 2542 1246 2594 verbum
1289 2538 1867 2605 Lactantiatmni,,pro
1899 2537 2126 2606 acquisi-

538 2616 708 2668 visset.

610 2744 811 2801 Eodem
845 2758 1068 2798 numero
1102 2760 1115 2795 :
1146 2741 1228 2795 Ita
1256 2741 1428 2812 plane.

608 2878 687 2933 De
719 2879 969 2933 Mortibus
998 2888 1408 2945 persccutorunt,
1435 2893 1581 2929 num.
1620 2876 1684 2929 2i
1718 2894 1731 2929 :
1764 2891 1812 2929 IN
1846 2889 2128 2930 scnvrrmu

540 2967 594 3004 se
621 2951 896 3010 addicam;
930 2949 979 3001 id
1008 2959 1123 3012 cst,
1153 2948 1203 2999 in
1229 2949 1561 2999 servitutem.

614 3021 689 3101 De
724 3018 967 3100 mortibus
998 3025 1371 3101 persecutorum
1392 3057 1407 3081 ,
1448 3032 1592 3069 num.
1631 3015 1740 3069 23:
1770 3013 1960 3068 Contra
1983 3030 2131 3068 omne
2156 3042 2201 3101 C

533 3094 627 3162 jus
651 3088 980 3143 humanitatis
1005 3086 1210 3139 occidit.

612 3182 892 3275 De'Morte
922 3234 1140 3289 persec.,
1173 3210 1320 3271 numl
1352 3216 1423 3273 24
1458 3234 1472 3271 :
1502 3217 1623 3272 lant
1652 3218 2009 3289 propinquavit
2054 3216 2134 3272 illi

530 3294 790 3367 judicium
820 3291 934 3345 Dei.

542 3608 549 3615 ο
612 3575 816 3630 Eodem
849 3590 996 3630 num.
1034 3574 1097 3627 Ei
1126 3576 1389 3645 imperium
1416 3591 1505 3646 per
1528 3591 1708 3628 manus
1739 3556 1967 3627 tradidit.

614 3771 690 3826 De
728 3770 883 3825 Mart.
921 3787 1136 3841 persec.,
1187 3788 1336 3826 nutu.
1386 3769 1458 3825 26
1492 3788 1504 3822 :
1554 3771 1822 3837 Quaerebat
1859 3781 2127 3841 quatenus.

543 3841 801 3909 Quatenus
831 3857 895 3895 eo
927 3844 1056 3903 loci,
1092 3858 1187 3909 pro
1217 3842 1490 3910 quomodo.
1524 3909 1531 3910 7
2131 3888 2139 3895 .

610 3913 687 3965 Dc
720 3911 923 3965 Mortib.
957 3929 1169 3981 perser.7,
1200 3909 1349 3965 Itum.
1372 3912 1440 3965 27
1469 3930 1481 3963 :
1510 3909 1890 3981 Inﬂammatum
1920 3913 2030 3977 ira;
2052 3913 2132 3967 sic

541 3994 595 4036 et
621 3998 801 4051 supra,
830 3998 974 4051 unm.
1004 3981 1069 4033 M
1100 3998 1113 4033 :
1141 3980 1500 4051 Inﬂammatus
1526 3980 1623 4035 ira.

614 4050 697 4104 Dc
715 4051 867 4103 Mart.
896 4050 1108 4103 Pcrsec.
1139 4067 1281 4103 llttlll.
1304 4050 1393 4102 28.
1423 4050 1687 4120 Tanquam
1707 4052 1956 4119 superbus
1975 4054 2129 4118 alter,

456 4186 459 4189 _
539 4133 747 4175 exactus
771 4132 863 4173 est.
896 4120 1156 4188 Loquitur
1184 4121 1250 4171 dc
1280 4120 1594 4189 Tarquinio.

617 4193 694 4244 De
727 4190 884 4244 Mart.
917 4205 1109 4259 persec.
1142 4206 1289 4245 num.
1324 4190 1413 4243 50.
1447 4188 1636 4243 Habuit
1663 4191 1890 4260 impune.

614 4326 677 4381 Et
704 4341 849 4380 num.
878 4325 966 4378 55.
1001 4322 1255 4377 Percussit
1282 4340 1395 4381 eum
1424 4322 1558 4378 Deus
1584 4324 1858 4379 insanabili
1880 4325 2057 4397 plaga.

610 4462 810 4516 Eodem
843 4477 988 4515 unm.
1023 4458 1362 4525 Forinsecus;
1394 4459 1495 4514 vos
1527 4460 1762 4515 insolita.

610 4598 809 4653 Eadem
842 4612 985 4653 num.
1021 4595 1386 4651 Inwstimabile
1412 4598 1633 4651 scatebat
1667 4614 1899 4652 examen.

612 4734 684 4788 De
714 4732 866 4787 Mort.
902 4733 1114 4787 Persec.
1147 4749 1270 4786 num
1293 4732 1382 4787 50.
1409 4732 1489 4785 Ad
1514 4749 1759 4802 prwsens.

611 4888 673 4941 Et
702 4902 848 4941 num.
880 4885 971 4941 38.
999 4884 1255 4955 lngenuns
1280 4886 1497 4955 virgines
1521 4887 1811 4941 imminutus
1836 4889 1991 4942 servis
2011 4890 2117 4944 suis

539 4958 777 5011 donabat.

612 5028 766 5080 Nutu.
799 5026 868 5079 M
900 5026 1017 5079 libri
1063 5025 1129 5079 dc
1160 5026 1314 5078 Mart.
1363 5026 1572 5081 Pcrscc.
1621 5030 1697 5082 sic
1743 5028 1968 5083 habetur
2007 5047 2020 5081 :
2054 5029 2123 5083 Et
2166 5022 2169 5025 ⁷

538 5101 763 5166 quamvis
792 5113 844 5150 se
870 5095 1159 5149 Maxentius
1194 5096 1367 5149 Roma:
1405 5098 1676 5151 contineret
1698 5140 1711 5157 ,
1741 5102 1878 5168 quod
1905 5117 2121 5167 respon-

538 5186 649 5221 sum
690 5177 948 5235 acceperat
991 5169 1268 5232 periturum
1309 5183 1430 5228 esse,
1480 5170 1710 5238 sirxtra
1760 5180 1932 5238 portas
1982 5171 2121 5222 urbis

540 5248 784 5291 exisset...
808 5238 1143 5289 commonitus
1164 5246 1235 5287 est
1259 5238 1311 5288 in
1332 5238 1496 5305 quiete
1521 5237 1907 5306 Constantinus,
1937 5250 1992 5292 ut
2020 5257 2121 5306 cce:

540 5310 663 5364 leste
690 5310 891 5378 signum
921 5306 1015 5361 Dei
1041 5315 1236 5362 notaret
1262 5307 1315 5363 in
1342 5300 1519 5362 scutis.
1894 5300 1904 5306 ’
2105 5300 2125 5323 ⁸

2295 1741 2411 1794 Lib.
2445 1756 2478 1794 v
2513 1741 2683 1809 Divin.
2747 1741 3017 1804 Institut.,
3061 1756 3179 1811 cap.
3232 1742 3295 1795 11
3336 1759 3350 1794 :
3403 1741 3551 1796 Alius
3593 1742 3832 1796 eamdem

2224 1811 2491 1865 materiam
2525 1812 2814 1865 mordacius
2864 1813 3098 1880 scripsit,
3139 1812 3225 1880 qui
3262 1821 3366 1865 erat
3394 1822 3501 1866 tum
3542 1829 3569 1867 e
3611 1830 3833 1866 numero

2223 1880 2497 1945 Jndieum,
2529 1893 2573 1935 et
2599 1885 2686 1950 qui
2720 1892 2897 1935 auctor
2950 1884 3004 1935 in
3037 1883 3213 1951 primis
3241 1898 3519 1937 ΡΑΟΙΕΝοιΒ
3555 1898 3834 1938 musaeu-

2226 1966 2403 2023 'I'IQNIS
2433 1956 2549 2023 fuit.
2579 1954 2702 2007 [lucc
2732 1954 2893 2006 etiam
2921 1952 2988 2007 de
3012 1954 3274 2007 Hierocle.

2296 2021 2518 2086 Lib.'iv,
2545 2025 2716 2077 Divin.
2750 2023 3005 2089 lnstitut.,
3036 2038 3154 2091 cap.
3181 2023 3253 2077 26
3284 2039 3298 2075 :
3333 2022 3554 2079 Mortem
3574 2040 3688 2080 cunt
3715 2038 3836 2080 svis

2225 2108 2550 2149 Tnuuomsus
2578 2108 2981 2156 ranuncutner;
3014 2103 3067 2147 et
3095 2094 3130 2146 Ι.
3163 2109 3235 2159 vi,
3268 2108 3316 2147 c.
3344 2092 3433 2148 25.

2298 2164 2472 2228 Lact.,
2508 2164 2658 2229 lust.,
2695 2164 2729 2216 l.
2754 2180 2823 2235 iv,
2849 2178 2898 2217 c.
2925 2162 3009 2229 l5,
3034 2164 3225 2219 eodem
3243 2165 3598 2235 verbojussio
3630 2165 3834 2234 utitur,

2227 2241 2283 2287 et
2305 2235 2340 2286 Ι.
2369 2250 2420 2296 v,
2451 2250 2503 2289 c.
2538 2237 2598 2288 11
2634 2242 2688 2289 et
2718 2234 2803 2287 15.

2228 2374 2262 2426 d
2299 2303 2474 2426 Laeti”
2509 2304 2546 2358 ι.
2574 2320 2623 2358 Vt
2667 2305 2779 2358 Div.
2817 2302 2946 2367 inst.
2982 2320 3032 2359 c.
3056 2304 3148 2369 2|,
3181 2305 3234 2356 in
3276 2305 3479 2360 eosdem
3507 2306 3841 2377 laqueos'in-

2266 2390 2394 2426 ucan
2423 2391 2504 2426 ur.
2684 2400 2689 2405 -

2266 2383 2504 2429 ucantur.
2684 2400 2689 2405 '

2298 2443 2386 2499 Sic
2438 2444 2614 2509 Lact.,
2675 2445 2788 2498 Div.
2840 2444 3007 2497 instit.
3065 2444 3101 2497 l.
3132 2458 3182 2501 ι.
3225 2460 3275 2497 c.
3307 2444 3421 2507 20;
3455 2445 3491 2498 1.
3526 2461 3586 2504 ιι.
3621 2462 3676 2501 c.
3714 2446 3837 2512 12;

2231 2515 2374 2580 Liv,
2408 2530 2456 2568 c.
2496 2516 2554 2579 1;
2586 2515 2622 2569 l.
2652 2530 2703 2578 v,
2734 2529 2786 2567 c.
2812 2514 2917 2579 1;Ι.
2940 2530 3031 2576 vn.
3056 2529 3105 2569 c.
3128 2516 3213 2578 11,
3242 2517 3304 2569 1-1
3351 2524 3406 2569 et
3436 2516 3523 2569 15.
3554 2516 3841 2585 Epitmn.,

2227 2601 2278 2641 c.
2309 2586 2461 2666 4,720
2488 2595 2541 2639 ct
2568 2586 2680 2639 27:
2741 2585 2823 2639 bis
2851 2586 3101 2639 omnibus
3147 2586 3197 2638 in
3246 2587 3377 2640 locis
3433 2601 3692 2655 qurerere,
3733 2600 3844 2657 pro

2230 2673 2511 2721 acquirere.

2301 2727 2473 2791 Lact.,
2510 2726 2631 2780 Div.
2656 2724 2812 2790 lust.,
2835 2725 2872 2779 I.
2905 2740 3006 2791 t,c.
3032 2724 3090 2778 11
3123 2740 3138 2789 ;
3171 2724 3207 2779 l.
3239 2738 3308 2789 ιι,
3339 2740 3388 2779 c.
3420 2723 3495 2779 2:
3529 2723 3614 2779 Ita
3648 2727 3842 2797 plane,

2231 2799 2421 2853 eodem
2453 2797 2631 2851 modo.

2306 2869 2475 2931 Lact.,
2525 2868 2693 2936 Epit.,
2751 2882 2799 2921 c.
2832 2864 2902 2918 52
2941 2881 2957 2918 :
2994 2863 3179 2919 Tradet
3225 2880 3277 2920 IN
3308 2879 3600 2920 sanvrnuu
3646 2867 3846 2925 Gentes

2231 2940 2507 2997 universas.
2529 2938 2714 2991 eodem
2747 2951 2928 2990 sensu.

2308 3009 2478 3071 Lact.,
2511 3007 2549 3059 l.
2576 3023 2603 3059 v
2638 3008 2749 3060 Div.
2782 3006 2937 3063 Inst...
2974 3022 3021 3061 c.
3052 3004 3118 3059 19
3153 3015 3206 3061 et
3231 3004 3303 3057 22
3337 3024 3350 3060 :
3382 3006 3572 3059 Contra
3604 3008 3707 3074 jus
3733 3008 3842 3062 ltu-

2234 3079 2539 3141 manitatis;
2589 3077 2625 3131 I.
2679 3092 2751 3139 vt,
2802 3091 2849 3131 c.
2887 3077 2952 3130 10
2987 3096 3000 3132 :
3031 3075 3219 3130 Contra
3256 3083 3349 3145 jus
3398 3077 3744 3133 humanitatis
3795 3089 3845 3134 et

2236 3154 2325 3220 fas
2343 3164 2487 3201 omne
2507 3147 2750 3220 spoliant,
2773 3148 3023 3220 cruciant,
3055 3148 3313 3220 occidunt,
3356 3148 3722 3220 exterminant.

2306 3218 2480 3283 Lact.,
2505 3219 2619 3271 Div.
2642 3216 2798 3280 lnst.,
2825 3217 2861 3289 Ι,
2885 3233 2980 3280 vu,
3008 3232 3057 3272 c.
3087 3218 3156 3272 M
3188 3234 3211 3289 :7
3228 3216 3390 3289 Cujus
3408 3218 3601 3283 judicii
3631 3227 3845 3289 tempus

2235 3290 2645 3360 appropinquare
2685 3288 2947 3360 ostendam
2972 3304 2989 3351 ,°
3011 3298 3065 3360 et
3108 3303 3160 3360 ρ.
3189 3287 3260 3360 24
3293 3305 3306 3339 :
3335 3287 3398 3340 Et
3447 3287 3845 3360 jam77propin-

2138 3398 2141 3401 -
2235 3358 2667 3430 ᾳιιανέεαηιηιωη
2714 3358 2860 3430 illum
2890 3358 3499 3430 conclusionis_extremte
3547 3358 3841 3415 diam—Sic

2237 3427 2579 3499 propinquare
2634 3428 2823 3501 eodem
2862 3428 3022 3483 modo
3051 3428 3216 3483 utitur
3244 3427 3552 3483 Lactantius
3609 3430 3667 3483 iu
3706 3431 3843 3501 Epi—

2237 3498 2400 3565 tome,
2430 3515 2480 3555 c.
2502 3501 2565 3553 71
2600 3498 2771 3565 initio.

2308 3572 2481 3633 Lact.,
2514 3570 2635 3624 Div.
2662 3569 2788 3623 Inst.
2815 3570 2852 3623 Ι.
2880 3584 2938 3633 It,
2965 3583 3017 3623 c.
3044 3569 3079 3622 4
3110 3584 3123 3620 :
3160 3567 3294 3623 Vixit
3322 3586 3483 3640 usque
3504 3570 3573 3623 ad
3595 3583 3843 3627 senectu-

2236 3651 2353 3707 tem,
2384 3656 2691 3711 regnumque
2717 3640 2825 3708 ﬁlio
2855 3656 2943 3709 per
2965 3655 3147 3693 manus
3177 3640 3411 3694 tradidit.

2310 3776 2481 3839 Lact.,
2510 3776 2625 3829 Div.
2652 3773 2780 3830 Inst.
2813 3775 2851 3828 l.
2880 3790 2947 3841 ιι,
2971 3789 3021 3829 c.
3045 3775 3136 3840 2i,
3164 3783 3412 3843 quatenus
3440 3776 3604 3830 etiam
3636 3776 3842 3836 eodem

2235 3862 2397 3903 sensu
2425 3848 2705 3915 accipitur,
2737 3847 2890 3899 sicuti
2922 3854 2976 3898 et
3006 3846 3040 3898 Ι.
3069 3861 3142 3906 tv,
3170 3860 3219 3898 c.
3249 3845 3340 3909 27;
3371 3845 3405 3897 ι.
3438 3861 3531 3905 vn.
3564 3861 3616 3901 c.
3657 3848 3718 3903 6.

2306 3919 2483 3983 Lact.,
2511 3914 2627 3971 Div.
2654 3914 2783 3972 Inst.
2816 3917 2851 3970 Ι.
2888 3931 2977 3982 vu,
3012 3930 3062 3969 c.
3098 3916 3187 3981 17,
3219 3916 3570 3984 inﬂammatus
3598 3918 3707 3974 ira.

2308 4051 2483 4115 Lact.,
2514 4051 2627 4104 Div.
2652 4048 2823 4104 lustit.
2850 4049 2942 4105 lib.
2972 4063 3043 4114 tv,
3067 4063 3187 4119 cap.
3207 4046 3626 4119 M.Tarquinius
3652 4068 3843 4124 super-

2237 4125 2328 4178 bus
2352 4131 2557 4175 exactus
2585 4130 2677 4173 est.

2308 4192 2482 4256 Lact.,
2512 4190 2779 4259 Epitome,
2808 4190 3035 4260 cap.5'5.
3061 4187 3494 4259 Impunehabuit;
3512 4200 3568 4246 et
3588 4207 3719 4263 cap.
3745 4192 3839 4262 55,

2236 4263 2458 4332 Impune
2488 4263 2695 4332 habens.
2781 4331 2784 4332 7
3254 4314 3311 4332 __
3584 4331 3588 4332 7
3630 4306 3635 4309 _

2313 4329 2378 4386 Et
2424 4333 2517 4386 lib.
2549 4347 2615 4385 vti
2662 4330 2893 4404 institut.
2936 4344 3055 4400 cap.
3112 4331 3200 4386 15.
3246 4329 3505 4385 Percussit
3531 4331 3838 4404 Egyptum

2158 4422 2213 4483 D
2243 4403 2376 4483 De_us
2404 4402 2677 4483 insanabiii
2706 4403 2879 4483 plaga:

2308 4474 2481 4541 Lact.,
2526 4473 2594 4528 dc
2636 4470 2825 4543 Opilic.
2866 4472 2957 4527 Dei
2984 4486 3101 4541 cap.
3148 4471 3203 4525 2.
3243 4470 3585 4540 Forinsecus,
3635 4476 3836 4532 eodem

2235 4560 2418 4601 sensu.

2308 4614 2482 4680 Lact.,
2520 4615 2689 4668 Divin.
2723 4613 2894 4686 Iustit.
2924 4612 3017 4686 lib.
3048 4627 3096 4686 1,7
3117 4628 3236 4682 cap.
3258 4614 3347 4677 16;
3376 4614 3469 4686 lib.
3496 4614 3671 4669 delra
3709 4632 3832 4686 cap.

2240 4686 2326 4743 10,
2359 4686 2630 4754 Εριιοιιιεε
2652 4700 2768 4754 cap.
2800 4683 2886 4747 72,
2920 4683 3323 4747 lnwstimabilis,
3359 4685 3551 4738 eodem
3581 4700 3776 4741 sensu.

2314 4728 2326 4743 .
2359 4700 2630 4754 bpttOIlteS
2652 4700 2708 4737 ca
2757 4725 2768 4737 .
2808 4700 2886 4747 t2,
2920 4700 3323 4747 marsnmavms,
3359 4700 3551 4738 eouem
3581 4700 3776 4741 sensu.

2310 4756 2480 4821 Lact.,
2509 4756 2683 4809 Divin.
2710 4700 2879 4807 sistit.
2912 4755 3001 4808 lib.
3029 4770 3120 4818 vn,
3152 4769 3270 4819 cap.
3303 4755 3355 4818 6,
3382 4754 3448 4807 10
3473 4766 3527 4808 et
3560 4757 3652 4819 15.
3682 4768 3736 4812 et
3764 4757 3833 4812 dc

2237 4827 2319 4881 lra
2347 4843 2464 4893 cap.
2486 4826 2578 4887 22,
2612 4826 2679 4877 ad
2710 4840 2930 4893 prtesens
2954 4824 3142 4894 eodem
3170 4839 3329 4878 sensu
3360 4836 3675 4894 usurpatur.

2306 4896 2373 4950 Et
2396 4892 2487 4951 lib.
2517 4911 2533 4949 ι
2561 4896 2794 4950 lustitut.
2818 4910 2937 4963 cap.
2964 4895 3031 4949 10
3057 4912 3069 4947 :
3098 4892 3294 4949 Omitto
3323 4892 3545 4965 virgines
3570 4913 3708 4966 quas
3734 4899 3834 4952 im-

2231 4967 2434 5021 minuit.
3218 5018 3229 5023 ,

2302 5036 2418 5091 Lib.
2448 5052 2483 5089 ιι
2509 5036 2741 5090 lustitut.
2768 5051 2915 5090 num.
2947 5036 2977 5090 7
3017 5036 3094 5089 sic
3135 5034 3400 5097 habetur:
3432 5034 3637 5090 Tiberio
3675 5055 3830 5092 nam-

2229 5125 2325 5171 que
2353 5108 2541 5160 Attinio
2571 5108 2762 5160 ltomiui
2791 5107 2984 5176 plebeio
3014 5122 3102 5175 per
3130 5108 3350 5176 quietem
3391 5109 3835 5176 observatusesse

2228 5177 2431 5247 Jupiter
2459 5178 2663 5230 dicitur.
3015 5172 3023 5175 “
3144 5172 3153 5176 ⁷
3384 5246 3387 5247 7
3710 5172 3719 5177 ’

2301 5246 2362 5303 Et
2397 5259 2576 5314 postea
2607 5246 2831 5316 lotptens
2857 5247 2926 5301 de
2967 5247 3233 5315 Augusto,
3262 5248 3341 5301 sic
3380 5246 3583 5302 habet:
3623 5249 3835 5304 Medico

2227 5322 2336 5389 eius
2365 5319 2566 5371 Artoria
2597 5318 2839 5371 Minerva:
2863 5319 3051 5389 species
3081 5316 3344 5370 obversata
3373 5330 3469 5384 est,
3503 5336 3720 5375 monens
3771 5337 3836 5374 ne

2229 5401 2437 5457 prapter
2488 5390 2714 5460 corporis
2759 5388 3153 5441 imbecillitatem
3206 5389 3389 5442 castris
3440 5406 3495 5444 se
3545 5392 3834 5446 contineret

2229 5461 2419 5514 Cresar.

609 5607 865 5664 Noteutur
890 5610 939 5664 in
970 5619 1195 5681 utroque
1226 5620 1372 5666 textu
1398 5611 1692 5670 locutiones
1722 5615 1838 5671 ista:
1867 5615 2069 5673 similes
2094 5634 2107 5673 :
2149 5615 2221 5672 Se
2251 5612 2430 5673 Ranae
2456 5620 2764 5685 contineret;
2809 5619 2990 5674 castris
3028 5634 3080 5675 se
3111 5621 3388 5675 contineret
3412 5659 3431 5695 ,
3485 5624 3843 5685 commonitus

539 5710 611 5761 est
636 5702 690 5757 in
716 5702 902 5773 quiete,
933 5719 1022 5774 per
1044 5704 1260 5775 quietem
1290 5719 1516 5771 manens.
