3970 6324
177 296 265 351 tu!)

160 494 243 535 ccs
269 483 487 537 omnino
513 482 901 546 Lactantianat.
1070 510 1077 515 λ

225 633 294 727 Die
318 633 579 727 Mortibus
602 641 818 700 Persec.
849 660 1000 702 num.
1029 647 1100 704 47
1132 668 1145 703 :
1180 652 1487 727 Quiverunt,
1518 662 1743 720 verbum

159 700 421 761 lactantia
452 706 731 781 frequens.

222 863 453 956 lituum.
485 868 558 925 49
593 888 614 956 :_
634 871 1029 935 Insustentabili
1058 883 1236 940 dolore
1263 902 1419 956 usque
1443 891 1515 944 ad
1544 894 1736 949 rabiem

158 936 322 990 utentis
349 938 512 993 elatus
540 954 637 996 est.

310 1044 461 1122 num:
483 1031 576 1122 ξε,
601 1035 773 1122 qui‘et
794 1040 1130 1122 'ultimusuest
1154 1063 1167 1099 :
1199 1047 1336 1122 Deus
1361 1068 1561 1122 gregem
1585 1073 1735 1111 suum

156 1105 608 1197 gustatum
630 1121 665 1197 tt
688 1107 830 1197 lupis
854 1115 1141 1197 rapacibus,
1177 1105 1735 1197 partiinfvéotlisper-v

154 1181 255 1255 sum
280 1169 570 1255 reﬁcere'ac
593 1169 889 1255 recolligere
910 1169 1151 1255 ilignum}
1172 1169 1739 1255 éii,'éi"bé£it}s'ii.'ii£zs

764 1241 873 1336 50:.
898 1241 992 1307 Sic
1009 1270 1185 1336 omnes
1214 1241 1733 1336 iiiipii'oéib"éi}iiié

144 1307 326 1375 judicio
354 1308 453 1364 Dei
481 1314 685 1381 eadem,
708 1335 823 1388 qua!
843 1307 1442 1400 feceruntIreceperrunt‘.‘

210 1504 513 1577 Congruuut
538 1513 792 1585 utrinque
819 1526 995 1576 textus
1038 1522 1143 1579 isti:
1181 1524 1507 1598 Notandum,
1535 1510 1727 1592 vocem

1157 311 1246 368 DE
1278 312 1479 371 AUCT.
1525 316 1652 374 LIB.
1699 318 1787 377 DE
1830 320 2039 380 MORT.
2082 326 2466 386 PERSECUT.

227 410 299 506 pe
321 406 892 506 Mgtltlliersecxnum.
924 419 1114 478 “:13:
1137 440 1285 481 suum
1313 431 1613 500 proprium;
1651 449 1748 491 vo-
1775 442 1827 502 Α
1847 450 1873 470 ο
1927 438 2078 495 Lact.
2110 441 2286 498 Divin.
2319 444 2488 501 lnstit.
2514 447 2607 503 lib.
2631 464 2688 505 Ill
2713 464 2773 506 ca

3343 314 3453 405 no

2779 466 2833 530 p.
2867 452 2968 530 1(ᾌ;⁸
2987 454 3079 512 lib.
3113 471 3169 513 tv
3194 473 3313 530 cap.
3344 463 3443 529 ll;
3493 504 3503 515 .

1856 508 1949 564 lib.
1979 524 2014 564 v
2039 513 2241 601 cap.“
2268 531 2282 579 ;
2316 514 2395 570 De
2424 516 2615 600 Opilic.
2646 536 2764 591 cap.
2779 508 2850 591 ’2,
2882 508 3444 601 nigrainpiiﬁniiiﬁ

1852 595 1946 633 suo
1971 582 2207 652 proprio,
2237 601 2333 638 sua
2351 582 2565 658 propria
2590 582 2806 663 semper
2832 582 3173 653 adhibentur:

1923 671 2072 728 Lact.
2100 674 2217 757 [)iv.
2242 675 2417 757 Instit.
2446 678 2540 757 lib.
2570 696 2614 757 lt.
2636 697 2754 754 cap.
2782 685 2855 749 5;
2882 686 2975 742 lib.
3001 700 3037 743 ν
3071 703 3190 757 cap.
3225 692 3315 757 2’2,
3350 694 3443 748 ubi

1848 743 2011 868 etiam
2038 746 2304 815 quiverunt
2329 756 2384 804 et
2408 751 2655 819 quiverint
2676 743 3003 827 usurpentur
3053 743 3440 834 eadem—signi:

1872 828 1948 867 ica
1976 830 2117 868 none.

1872 828 2117 871 tcauone.

1919 904 1988 959 Et
2014 906 2105 985 lib.
2141 923 2209 962 vn
2240 908 2472 985 Institut.
2512 927 2633 985 cap.
2673 916 2783 973 £6:
2816 914 2916 972 Hii:
2942 919 3318 978 insustentabili
3345 926 3443 980 do-

1844 975 2124 1031 minatione
2147 980 2348 1034 vexabit
2378 982 2568 1039 orbem.

2017 1066 2111 1148 lib.
2151 1083 2186 1121 ν
2216 1068 2387 1148 Instit.
2421 1076 2641 1148 ραι)..ἓὸ
2671 1093 2684 1129 :
2712 1076 2998 1133 Punientur
3032 1082 3226 1148 iudicio
3270 1083 3437 1141 Dei...

1840 1136 2214 1215 vindicaturum
2227 1156 2283 1215 se
2303 1142 2353 1194 in
2379 1159 2464 1196 eos
2488 1136 2721 1200 'celeriter
2743 1136 3044 1215 pollicetur;
3062 1162 3109 1205 et
3135 1136 3442 1209 extermina;

1838 1215 1955 1258 turn
2002 1206 2164 1291 malas
2217 1211 2407 1291 bestias
2445 1214 2510 1267 de
2548 1206 2755 1271 terra”;
2792 1220 2955 1281 veniet
2976 1263 2992 1291 ,
3020 1206 3440 1283 uenietrabio—sis

1840 1284 1889 1330 et
1918 1277 2180 1334 uoracibus
2210 1279 2346 1350 lupis
2371 1300 2559 1339 merces
2587 1302 2709 1341 sua:

1833 1550 2012 1613 tusque
2039 1552 2246 1620 corrupi
2274 1567 2344 1606 se.
2378 1553 2508 1623 Quae
2532 1569 2654 1610 cum
2684 1557 2754 1611 ita
2778 1557 2884 1612 sint
2905 1600 2922 1627 ,
2962 1561 3217 1629 numquid
3277 1562 3441 1619 libra-

1493 1594 1502 1598 ,
1838 1594 2007 1613 mw---
2040 1594 2188 1602 --ηπ
2231 1594 2243 1603 .
2274 1594 2344 1606 -.η
2429 1594 2507 1609 ..ω
2533 1594 2654 1610 νωι-
2684 1594 2754 1611 un
2778 1594 2884 1612 υιιιι
2962 1594 3217 1629 ιιιιυιιιυιυ
3277 1594 3439 1619 ιιυιῐι-

148 1594 293 1700 hanc,
316 1600 715 1673 insustcntabili,
746 1605 884 1663 forte
910 1611 963 1665 in
991 1613 1138 1668 nullo
1176 1616 1286 1672 alio
1310 1629 1531 1678 auctore
1573 1639 1734 1696 repe-
1759 1648 1810 1709 Β
1838 1637 1947 1691 rius
1972 1639 2073 1696 iste
2099 1594 2222 1697 nonr
2238 1594 2423 1706 potui:
2441 1648 2694 1705 omittere
2723 1600 2922 1705 ultima,
2945 1651 3053 1706 duo
3082 1652 3233 1709 Lucu
3258 1654 3439 1711 Οερε-

149 1702 229 1742 ΙΊΙῚ
239 1729 252 1743 .

208 1780 308 1836 llas
355 1787 538 1854 procul
568 1787 734 1845 dubio
777 1792 1028 1864 loquendi
1055 1795 1338 1869 formulas,
1392 1821 1512 1875 qua:
1568 1823 1730 1865 unum

145 1872 479 1946 eumdemque
521 1892 915 1949 repraesentant
958 1898 1269 1960 auctorem,
1320 1872 1421 1950 sat-
1446 1897 1734 1970 diligenter

145 1975 240 2016 non
265 1968 564 2023 contulerat
590 1970 824 2028 domnus
850 1977 899 2030 le
932 1976 1144 2052 Nourry
1171 2001 1183 2037 :
1212 1983 1451 2055 alioquin
1489 1968 1565 2043 inv
1586 2006 1727 2059 eam,

145 2060 195 2106 ut
215 2065 353 2123 puto,
386 2067 494 2113 tam
526 2062 701 2118 libere
722 2080 828 2120 non
857 2068 1041 2125 ivisset
1071 2075 1402 2144 opinionem,
1432 2095 1464 2134 a
1491 2097 1593 2152 qua
1621 2084 1733 2139 dis-

160 2159 360 2216 crepant
380 2153 610 2208 omnino
632 2159 948 2231 viriquique
968 2162 1289 2235 doctissimi.
1323 2170 1470 2226 Hanc
1499 2189 1660 2243 porro
1683 2176 1731 2231 si

144 2240 369 2310 amplecti
410 2248 718 2315 statuisset,
769 2268 874 2307 non
922 2253 1153 2326 frigidis,
1204 2274 1311 2314 non
1344 2240 1574 2330 levibus,
1620 2283 1726 2324 non

144 2338 275 2391 vanis
300 2342 370 2394 uti
409 2342 677 2399 debuerat
718 2352 1091 2417 argumentis:
1134 2354 1229 2409 sed
1277 2356 1490 2423 lirmas,
1523 2359 1631 2416 imo
1673 2372 1729 2418 et

141 2427 459 2493 gravissimas
498 2432 678 2502 ipsius
728 2450 844 2492 erat
888 2439 1148 2497 adhibere
1200 2446 1471 2516 rationes,
1531 2452 1727 2521 quibus

142 2529 341 2585 possent
386 2525 592 2579 eruditi
633 2542 665 2581 a
712 2531 932 2597 pristina
978 2548 1076 2587 sua
1118 2534 1382 2594 dimoveri
1432 2546 1719 2601 sententia.

141 2604 235 2663 Nec
256 2610 391 2667 dicat
409 2612 770 2688 Nourrysius,
795 2623 1009 2677 nonnisi
1037 2639 1166 2679 casu
1196 2634 1251 2681 et
1277 2627 1497 2685 fortuito
1519 2634 1723 2690 similes

138 2696 283 2755 luisse
306 2718 554 2774 repertas
583 2708 637 2762 in
669 2720 895 2781 utroque
922 2723 1142 2770 auctore
1176 2717 1491 2776 locutiones.
1524 2723 1581 2777 Id
1607 2726 1725 2794 qui-

139 2790 243 2846 dem
274 2805 444 2863 potest
472 2800 597 2853 lieri
628 2804 823 2868 semel,
864 2815 956 2858 aut
998 2806 1097 2872 bis,
1122 2808 1218 2863 sed
1263 2826 1371 2866 non
1403 2790 1640 2884 ubique,
1658 2833 1724 2873 ac

138 2883 427 2956 quadragies
442 2900 496 2944 et
516 2893 774 2963 amplius,
800 2895 956 2950 sicuti
976 2901 1160 2954 evenit
1178 2902 1231 2955 in
1253 2902 1435 2959 libello
1447 2883 1721 2977 sexaginta

137 2972 329 3033 circiter
368 2984 730 3052 paginarum;
785 2988 1057 3059 praecipue
1103 3006 1233 3047 vero
1275 3008 1396 3050 cum
1442 2972 1631 3067 agatur
1654 3000 1721 3056 de

139 3066 210 3122 bis
231 3068 469 3129 formulis
497 3076 575 3130 ita
623 3078 1008 3148 singularibus,
1038 3093 1095 3137 ut
1121 3086 1210 3139 vix
1239 3101 1331 3141 eas
1354 3088 1404 3142 in
1450 3066 1720 3161 aliquibus

137 3164 352 3228 reperias
377 3165 766 3236 scriptoribus.

196 3255 269 3310 Ex
286 3257 370 3313 bis
402 3276 534 3331 ergo
567 3263 725 3330 locis,
750 3280 884 3335 quos
907 3283 1014 3322 non
1041 3284 1072 3322 e
1097 3268 1236 3324 libro
1260 3281 1457 3326 tantum
1481 3273 1549 3328 de
1577 3274 1717 3330 Mor-

140 3346 257 3403 tibus
278 3349 717 3420 Persecutorum,
745 3372 929 3412 verum
958 3360 1118 3413 etiam
1150 3376 1218 3416 ex
1246 3362 1557 3418 indubitatis
1583 3365 1715 3420 Lac-

139 3441 267 3494 tantii
296 3443 549 3512 operibus
599 3447 898 3516 exscripsi,
927 3450 1128 3520 stylum
1156 3452 1404 3507 eumdem
1434 3470 1556 3509 esse
1589 3456 1711 3512 libri

136 3532 193 3586 de
216 3531 462 3590 Mortibus
489 3535 913 3594 Persecutorum
943 3555 1005 3594 ac
1032 3542 1294 3597 Lactantii
1321 3556 1553 3600 constat.

195 3627 445 3685 Disertum
473 3639 630 3686 certe
658 3632 978 3700 scriptorem
1022 3634 1075 3689 in
1117 3635 1420 3707 eloquendo
1458 3638 1668 3694 facilem
1691 3682 1707 3705 ,

134 3729 377 3788 comptum
420 3729 476 3776 et
502 3733 777 3791 apertum,
810 3724 1009 3794 quique
1054 3725 1316 3782 bonarum
1359 3730 1555 3783 artium
1582 3745 1710 3786 auc-

135 3818 256 3864 tores
279 3814 722 3881 pervolutaverit,
753 3830 874 3885 quae
911 3826 1037 3870 sunt
1064 3831 1279 3887 quoque
1316 3817 1582 3876 Lactantii
1612 3821 1707 3878 do-

135 3906 217 3963 tes,
246 3900 376 3956 liber
394 3903 463 3956 de
493 3902 757 3957 Mortibus
787 3904 1198 3960 Persecutorum
1224 3907 1464 3963 exhibet.

187 3990 410 4047 Tandem
440 3994 645 4049 librum
671 3993 738 4049 de
762 3994 1018 4052 Mortibus
1044 3997 1453 4054 Persecutorum
1479 3999 1706 4056 Lactan-

130 4082 191 4134 tio
216 4082 548 4140 tribuendum
592 4087 783 4165 suadet
810 4087 985 4143 adhuc
1005 4130 1018 4155 ,
1051 4090 1192 4157 quod
1218 4091 1356 4145 sicut
1392 4093 1552 4147 docet
1582 4093 1703 4149 libri

129 4174 261 4230 istius
279 4189 464 4232 auctor
488 4194 643 4233 num.
682 4179 706 4232 1
740 4189 794 4234 et
822 4179 914 4247 50,
939 4182 1198 4237 universos
1229 4184 1506 4239 christiani
1539 4186 1706 4241 nomi-

94 4292 101 4299 ο
127 4266 195 4319 nis
213 4280 554 4336 persecutores
584 4286 617 4324 a
645 4286 858 4326 summu
886 4272 997 4327 Deo
1016 4273 1337 4341 debellatos,
1367 4284 1421 4330 et
1439 4277 1597 4348 digna
1619 4279 1703 4334 ul-

1839 1742 1911 1782 LII
1934 1728 2229 1791 LAC'I‘ANTII
2251 1734 2499 1793 Flauum
2527 1741 2780 1796 nomina?
2808 1742 2881 1796 At
2910 1759 3174 1813 nusquam
3200 1751 3439 1816 reperire

1834 1818 2012 1888 datur,
2033 1827 2109 1879 ait
2133 1827 2368 1884 Domnus
2395 1830 2444 1885 le
2468 1831 2677 1903 Nourry
2701 1832 3036 1890 Lactantium
3060 1836 3208 1893 chn
3236 1838 3434 1907 C(ELII,

1833 1910 1947 1967 sive
1962 1912 2112 1970 Lucu
2129 1914 2347 1974 CECILII
2372 1923 2794 1990 prmnominibus
2818 1924 3129 1995 insignitum
3159 1927 3342 1985 fuisse.
3368 1932 3438 1997 At

1833 2002 1889 2055 id
1917 2015 2049 2059 certe
2072 2009 2233 2062 multo
2258 2010 2453 2073 minus,
2487 2013 2649 2068 verba
2681 2024 2809 2068 sunt
2835 2015 3092 2078 editoris,
3126 2019 3179 2072 in
3210 2019 3438 2085 alicuius

1833 2094 1951 2149 libri
1978 2099 2043 2151 ab
2067 2116 2125 2154 eo
2147 2102 2326 2171 scripti
2357 2103 2506 2158 titulo
2528 2108 2711 2175 poterit
2737 2109 2972 2163 inveniri.
3002 2109 3133 2178 Quis
3164 2127 3271 2168 non
3306 2129 3432 2171 cre-

1789 2256 1795 2262 ,
1832 2191 1987 2248 deret
2011 2195 2129 2249 viro
2153 2210 2364 2253 summe
2391 2200 2644 2271 religioso
2671 2218 2825 2272 teque
2851 2219 2915 2260 ac
2955 2204 3170 2263 erudito
3215 2225 3328 2264 rem
3358 2211 3434 2267 ita

1830 2284 2158 2343 al‘lirmanti?
2187 2289 2434 2347 Jurarem
2461 2293 2577 2363 ipse
2603 2296 2652 2349 in
2686 2296 2851 2351 verba
2872 2298 3012 2353 docti
3038 2300 3282 2366 editoris,
3306 2318 3433 2360 eum

1829 2378 2123 2434 contulisse
2171 2382 2388 2437 codices
2445 2387 2839 2456 manuscriptos
2886 2404 3111 2456 onmes,
3165 2403 3431 2463 quotquot

1828 2470 2053 2537 reperiri
2083 2481 2374 2539 potuerunt
2396 2476 2536 2544 apud
2565 2486 2855 2543 nostrates,
2887 2480 2938 2533 in
2965 2481 3137 2549 iisque
3163 2498 3431 2552 nusquam

1827 2558 1931 2631 legi
1964 2566 2293 2632 praenomina
2315 2565 2466 2621 Lucii
2486 2566 2640 2622 Caelii
2658 2578 2713 2623 et
2741 2569 2892 2625 Lucii
2917 2572 3116 2627 Caecilii
3145 2573 3434 2632 Lactantio

1825 2654 2117 2721 adscripta.
2152 2655 2334 2727 Longe
2352 2668 2528 2713 tamen
2555 2658 2714 2714 aliter
2732 2670 2833 2715 est.
2862 2662 3095 2717 Domnus
3115 2665 3164 2718 le
3187 2663 3426 2738 Nourry,

1825 2759 1946 2798 cum
1976 2745 2143 2801 edidit
2173 2747 2365 2803 librum
2394 2749 2462 2803 de
2487 2750 2746 2805 Mortibus
2782 2752 3195 2837 Persecutorum
3218 2795 3235 2817 ,
3266 2756 3426 2812 Pari-

1825 2836 1920 2889 siis
1950 2846 2077 2891 tunc
2104 2837 2349 2908 degebat.
2375 2839 2487 2905 Qua
2518 2841 2683 2909 igitur
2701 2843 2907 2896 ratione
2939 2858 3044 2897 non
3079 2836 3432 2911 perlustravit

1824 2923 1988 2995 Regis
2028 2926 2475 2985 Christianissimi
2524 2932 2954 2988 Bibliothecam?
2985 2933 3099 2989 Hoc
3149 2937 3201 2990 in
3253 2937 3431 3007 Regio

1748 3023 1793 3085 ο
1827 3017 2105 3074 Thesauro
2129 3021 2263 3075 vidit
2287 3023 2406 3092 ipse
2432 3024 2654 3079 codices
2682 3026 2912 3092 multos,
2943 3041 3147 3097 eosque
3190 3030 3427 3099 appellat

1824 3112 1876 3166 in
1901 3114 2174 3182 Apparatu
2198 3130 2296 3169 suo
2316 3115 2384 3169 ad
2409 3114 2795 3172 Bibliothecam
2810 3118 2907 3174 SS.
2941 3119 3156 3174 Patrum
3191 3134 3337 3176 tumo
3362 3137 3431 3177 tt.-

1821 3206 2015 3273 Quidni
2042 3221 2138 3262 eos
2162 3206 2429 3262 curiosius
2454 3216 2511 3262 et
2532 3210 2790 3265 attentius
2813 3211 3086 3279 inspexit?
3116 3212 3271 3277 Quod
3294 3227 3424 3269 vero

1823 3311 1917 3365 per
1942 3297 2200 3351 incuriam
2230 3311 2337 3352 non
2368 3297 2491 3353 fecit
2520 3298 2872 3369 Nourrysius,
2907 3301 2957 3355 id
2987 3302 3162 3370 ipsqu
3193 3318 3420 3360 accura-

1820 3386 1926 3442 tius
1957 3403 2311 3457 exequamur.

1891 3478 2100 3533 Primus
2115 3479 2276 3549 igitur
2290 3478 2461 3533 codex
2476 3491 2866 3551 nongentorum
2881 3499 3168 3550 annorum,
3189 3499 3425 3541 numero

1819 3567 1976 3635 1662,
2011 3572 2125 3625 haec
2153 3571 2313 3627 habet
2338 3574 2519 3640 verba,
2550 3572 2681 3627 folio
2705 3574 2806 3627 25:

1887 3660 2089 3715 Cson."
2131 3660 2383 3718 FIRIIANI
2434 3664 2498 3717 de
2546 3664 2686 3734 falsa
2738 3663 3006 3735 Religione
3048 3664 3175 3720 liber
3219 3668 3426 3737 primus

1813 3751 2043 3820 explieil.

1885 3841 2074 3912 Incipit
2099 3844 2227 3898 liber
2252 3847 2506 3900 secundus
2535 3847 2797 3902 Lactantii
2812 3848 3031 3904 C£C|Lil
3059 3850 3309 3908 FIBIIANI
3338 3855 3415 3908 de

1815 3931 2025 4000 Origine
2053 3936 2242 3989 erroris
2272 3935 2341 3988 ad
2367 3933 2755 3991 Constantinum
2778 3939 3159 4009 imperatorem.

1882 4023 1963 4078 Ad
1992 4024 2195 4079 calcem
2246 4026 2461 4096 septimi
2494 4027 2625 4082 libri
2657 4029 2727 4082 ita
2767 4030 3028 4099 scriptmn
3057 4043 3141 4087 est
3167 4051 3181 4087 :
3207 4030 3417 4089 Cscmr

1811 4114 2056 4170 FIRIIANI
2082 4115 2472 4172 Institutionum
2501 4120 2788 4175 divinarum
2816 4122 2880 4176 de
2918 4122 3032 4177 Vita
3065 4125 3212 4195 beata
3237 4126 3411 4196 expli-

1807 4206 1876 4258 cit
1894 4206 2140 4275 septimus
2165 4206 2310 4262 liber.

1879 4298 2034 4355 Folio
2064 4300 2166 4355 179
2193 4315 2353 4356 verso
2393 4302 2592 4373 legitur
2617 4320 2631 4357 :
2656 4301 2874 4359 Cacum
2926 4305 3176 4387 Flauum
3221 4309 3285 4361 de
3312 4307 3408 4363 Ira

125 4360 251 4416 tione
276 4359 442 4419 fuisse
461 4363 716 4419 deletos:
748 4364 824 4420 Ita
852 4365 1162 4420 Lactantius
1195 4366 1289 4422 lib.
1323 4384 1356 4421 v
1382 4367 1615 4462 Institut.
1727 4399 1780 4459 Β
1805 4391 1979 4447 dim-na
1999 4392 2124 4446 me,
2144 4409 2216 4447 νη
2239 4359 2466 4462 explica:

121 4450 331 4509 $29423
360 4455 549 4519 tradit,
583 4457 751 4511 Deum
779 4455 831 4511 in
873 4456 1036 4511 malos
1064 4456 1323 4526 principes
1354 4468 1400 4511 et
1427 4459 1702 4522 iniustissi-

119 4563 211 4602 mos
250 4561 601 4619 persecutores
652 4551 953 4606 vindicasse
1003 4551 1184 4622 populi
1229 4552 1312 4607 sui
1366 4552 1700 4621 vexationes,

118 4654 416 4714 Semperqne
435 4644 707 4711 accidisse,
738 4655 806 4716 ut_
823 4645 952 4697 ultio
979 4652 1249 4698 consecuta
1273 4644 1452 4701 luerit.

177 4733 272 4788 Has
298 4735 541 4790 rationes
570 4736 659 4805 qui
687 4735 977 4789 contulerit
1004 4735 1057 4788 iu
1094 4749 1294 4799 unum,
1335 4749 1440 4789 non
1474 4734 1698 4790 mirabi-

116 4832 205 4887 tur,
231 4826 391 4893 quod,
424 4826 611 4878 statim
640 4839 705 4880 ac
729 4826 781 4879 in
824 4824 998 4879 lucem
1028 4824 1224 4893 prodiit
1249 4825 1385 4879 libcr
1421 4824 1489 4879 de
1513 4824 1697 4880 Morti-

114 4914 198 4970 bus
221 4916 634 4973 Persecutorum
660 4958 674 4981 ,
703 4916 961 4987 judicium
994 4917 1098 4972 hoc
1137 4918 1375 4972 omnium
1421 4919 1694 4972 litterato-

111 5019 215 5061 rum
239 5011 416 5075 fuerit,
450 5025 579 5064 eum
608 5008 889 5063 Lactantio
912 5023 1033 5064 esse
1063 5008 1501 5063 adscribendum.

171 5101 396 5170 Agatnus
422 5118 574 5157 nunc
602 5104 670 5158 de
692 5103 963 5173 praecipuo
988 5102 1192 5158 Nicolai
1216 5102 1264 5156 lc
1300 5102 1510 5173 Nourry
1540 5116 1699 5172 argu-

109 5205 291 5247 mento.
318 5195 504 5250 Codex
537 5209 641 5250 ms.
666 5196 856 5267 inquit,
880 5197 950 5251 de
973 5195 1235 5249 Mortibus
1257 5194 1695 5262 Persecutorum,

108 5297 283 5349 praese
328 5284 435 5341 lert
465 5301 669 5341 nomen
714 5286 889 5353 Lxcn,
941 5286 1026 5341 vel
1073 5286 1225 5341 Lucu
1274 5285 1517 5350 Cscmt;
1562 5301 1692 5356 ergo

108 5388 198 5428 non
234 5385 314 5431 est
351 5377 643 5433 Lactantii.
672 5378 857 5444 Miror,
889 5379 1104 5433 doctum
1135 5378 1399 5433 editorem
1448 5379 1536 5432 hic
1584 5392 1692 5432 non

108 5469 416 5537 meminisse,
448 5471 597 5541 quod
625 5471 738 5540 ipse
765 5485 941 5527 tamen
972 5470 1150 5524 fassus
1175 5479 1277 5531 est,
1302 5486 1690 5526 amanuensem

107 5555 247 5625 hujus
270 5563 475 5617 codicis
496 5562 838 5631 scriptorem,
874 5563 951 5617 vel
979 5564 1277 5618 oscitatione
1302 5580 1361 5617 ac
1381 5566 1692 5635 negligentia

104 5662 181 5703 aut
207 5656 361 5709 nimia
404 5654 665 5709 scribendi
703 5657 1059 5727 festinatione,
1113 5667 1266 5723 atque
1307 5660 1459 5710 etiam
1498 5657 1694 5737 lingua:

104 5738 286 5799 Latine
306 5746 652 5817 ignoratione,
680 5748 838 5801 multa
860 5749 915 5802 in
940 5764 999 5803 eo
1029 5747 1159 5803 libro
1190 5748 1518 5821 depravasse,
1546 5751 1691 5822 peni-

447 5862 727 5924 PATROL.
779 5860 919 5923 VII.

1875 4481 2031 4538 Folio
2058 4483 2155 4538 191
2184 4502 2196 4535 :
2230 4481 2449 4541 Cit-lett.“
2478 4483 2728 4542 Flauum
2774 4489 2840 4542 de
2878 4488 3102 4560 Opiﬁeio
3128 4489 3229 4545 Dei
3276 4490 3405 4546 liber

1803 4590 1899 4630 vm
1924 4573 2152 4646 explicit.

1873 4673 2144 4740 Omissum
2200 4687 2450 4755 equidem
2506 4697 2592 4743 est
2645 4689 2732 4744 bis
2790 4691 2845 4745 in
2894 4691 3033 4747 locis
3088 4707 3407 4763 praenomen

1801 4776 1974 4833 Lucn.

1873 4891 1964 4948 Sic
1984 4892 2038 4947 in
2061 4892 2248 4947 codice
2263 4908 2588 4948 ms.numero
2611 4894 2773 4960 1664,
2795 4896 2862 4949 ad
2891 4898 3053 4952 linem
3077 4901 3221 4956 tertii
3247 4903 3405 4973 libri.

1799 4984 1871 5038 ita
1904 4983 2172 5054 legaszL.
2224 4983 2378 5039 Casu
2410 4984 2684 5049 FIRMIANI,
2737 4986 2943 5041 omisso
2988 4989 3249 5049 Lactantii
3301 5012 3403 5051 ως-

1803 5091 2081 5224 milite-line
2119 5167 2262 5224 sexti
2301 5167 2423 5222 libri
2454 5178 2603 5223 extat
2639 5187 2654 5228 :
2686 5168 2908 5227 Cacum
2958 5172 3205 5229 FIRIIANI
3250 5175 3395 5234 Lac-

1803 5274 1984 5313 nuru
2010 5259 2220 5327 explicit
2244 5257 2371 5313 liber
2398 5272 2454 5312 v1
2483 5259 2546 5312 de
2573 5274 2689 5314 vero
2718 5258 2894 5315 Cultu.

1869 5366 2052 5423 Codex
2090 5368 2222 5423 3665
2248 5368 2327 5423 sic
2359 5369 2517 5423 habet
2542 5387 2555 5422 :
2581 5369 2773 5441 Incipit
2799 5372 2924 5427 liber
2951 5371 3203 5430 FIRIIANI
3227 5360 3391 5432 Insti-

1799 5460 2051 5513 tutionum
2084 5461 2395 5514 divinarum.
2426 5462 2496 5516 At
2524 5462 2721 5531 legitur
2746 5463 2813 5518 ad
2842 5479 2992 5519 oram
3022 5465 3227 5521 codicis
3254 5468 3396 5525 lilte-
3462 5522 3469 5529 .

1782 5553 1875 5607 ris
1914 5550 2218 5606 uncialibus
2241 5568 2254 5604 :
2278 5551 2431 5607 CELII
2461 5551 2712 5607 FIRIIANI
2755 5553 2820 5607 de
2864 5552 3137 5625 Religione
3161 5566 3217 5611 et
3237 5558 3392 5616 rebus

1796 5641 1980 5695 divinis
2006 5641 2074 5694 ad
2104 5640 2495 5697 Constantinum
2516 5643 2895 5710 imperatorem.

1875 5753 1931 5809 In
1968 5751 2074 5808 line
2098 5762 2275 5809 autem
2306 5754 2464 5825 primi
2521 5753 2644 5809 libri
2690 5756 2953 5827 scriptum
2985 5767 3069 5812 est
3095 5775 3110 5815 :
3137 5758 3199 5815 L.
3231 5759 3381 5820 Cum
