3970 6342
485 281 588 340 175

1527 267 1808 328 IIENRICI
1843 265 2204 327 DODWELLI
2248 268 2700 327 DISSEBTATIO

3667 262 3770 320 1⁸16

558 394 752 448 Multos
799 391 983 463 primis
1011 389 1270 445 Ecclesiae
1299 388 1510 444 saeculis
1534 387 1870 442 Christianos
1899 388 1952 441 in
1997 402 2060 442 ea
2087 393 2139 454 Α
2167 397 2362 454 tempus
2391 386 2860 455 appropinquans;
2895 388 2952 436 et
2985 379 3039 434 in
3070 378 3210 434 libro
3233 378 3330 460 ad‘
3355 376 3771 433 Demetrianum

485 487 654 541 fuisse
679 483 941 540 sententia
963 489 1146 536 notum
1163 494 1266 544 esr,
1289 477 1472 534 mundi
1494 477 1656 534 ﬁnem
1681 479 2060 547 propinquare.

491 576 639 631 Hanc
683 575 844 630 fuisse
869 573 1035 642 ipsius
1063 571 1347 634 Lactantii,
1380 579 1528 640 patet
1561 585 1626 623 ex
1671 568 2068 624 Institutionum
2111 555 2122 568 ’

485 667 576 720 lib.
616 679 706 730 vit,
731 677 848 732 cap.
877 659 969 730 i6,
997 661 1084 716 ubi
1109 660 1268 715 tradit
1287 659 1584 714 Romanum
1607 674 1800 714 nomen
1827 658 1975 714 brevi
2003 657 2074 714 de

485 766 624 809 terra
651 751 942 808 tollendum
961 767 976 816 ;
995 759 1050 806 et
1075 752 1128 805 in
1157 751 1664 820 Epitome,cap.10,
1696 749 1855 804 docet
1881 749 2070 805 interi-

483 855 594 898 tum
639 842 820 897 mundi
851 841 1078 910 expletis
1125 857 1219 895 sex
1257 855 1518 895 annorum
1564 839 1800 894 millibus
1827 839 1941 894 fieri
1968 854 2066 894 ne-

491 949 642 988 cesse
666 948 806 988 esse.
837 931 1007 998 Quod,
1041 933 1230 1001 inquit,
1261 933 1314 984 in
1343 933 1574 1000 proximo
1600 941 1694 996 est,
1725 940 1970 1000 quantum
1999 929 2062 984 de

478 1041 684 1078 mortem
711 1041 980 1088 annorum,
1009 1024 1168 1093 deque
1194 1023 1372 1094 signis,
1415 1039 1529 1092 quae
1567 1039 1600 1076 a
1631 1023 1904 1092 Prophetis
1931 1037 2065 1092 prte-

479 1118 616 1170 dicta
641 1127 778 1181 sunt,
807 1117 978 1186 colligi
1023 1123 1182 1184 potest
1199 1133 1220 1182 ;
1251 1125 1305 1170 et
1331 1129 1451 1184 cap.
1502 1115 1574 1170 25
1605 1116 1724 1170 libri
1751 1131 1824 1170 vn
1849 1116 2066 1171 Institu-

477 1207 680 1260 tionum
712 1221 870 1275 supra
901 1205 1050 1260 citati
1090 1207 1202 1260 ait:
1239 1204 1418 1259 Omnis
1447 1214 1616 1260 tamen
1651 1207 1932 1275 expectatio
1959 1223 2064 1262 non

475 1299 694 1367 amplius
731 1313 884 1366 quam
928 1297 1258 1350 ducentorum
1303 1296 1499 1350 videtur
1524 1312 1795 1362 annorum,
1828 1298 1945 1351 licet
1969 1311 2062 1350 va-

471 1391 602 1442 rient
655 1389 876 1444 historice
929 1390 1064 1442 circa
1119 1403 1385 1442 numerum
1433 1405 1685 1443 annorum
1741 1389 1802 1442 ab
1853 1390 2062 1444 exordio

471 1479 668 1531 mundi.

541 1567 594 1622 Id
625 1570 796 1639 ipsum
825 1583 930 1623 non
959 1568 1136 1622 minus
1161 1567 1362 1622 diserte
1391 1567 1754 1622 affirmaverat
1779 1576 1904 1624 ante
1933 1583 2060 1624 eum

473 1661 703 1714 Sanctus
731 1657 1030 1730 Cyprianus
1071 1657 1318 1714 scribens
1347 1657 1414 1712 ad
1465 1657 1855 1712 Thibaritanos.
1913 1658 2060 1713 Scire

473 1752 606 1804 enim
634 1751 842 1814 debetis,
889 1751 1082 1818 inquit,
1135 1765 1198 1802 ac
1227 1759 1410 1814 tenere,
1441 1751 1576 1802 diem
1627 1766 1877 1820 pressurae
1905 1767 2058 1820 super

2169 477 2351 544 tradit,
2386 485 2554 531 totum
2593 477 2705 546 jam
2733 474 2906 544 ipsum
2951 469 3208 550 mundum
3239 469 3294 524 in
3329 469 3618 540 defectione
3647 481 3774 524 esse

2172 578 2226 624 et
2253 571 2308 622 in
2335 567 2456 636 ﬁne.

2244 659 2355 713 Hoc
2373 658 2533 712 etiam
2555 659 2628 713 ita
2654 657 2819 712 Beato
2839 654 3070 710 Martino
3101 665 3420 722 persuasum
3453 652 3651 715 fuerat,
3688 659 3768 718 ut,

2167 759 2303 806 teste
2342 749 2569 820 Sulpitio
2596 749 2818 814 Severo,
2855 747 3076 816 Dialogo
3101 743 3137 798 2
3161 745 3228 800 de
3268 745 3570 801 Virtutibus
3617 743 3772 800 Beati

2167 841 2396 907 Martini,
2429 858 2573 895 ntun.
2607 839 2699 908 l6,
2733 839 2926 894 Beatus
2949 836 3302 916 Martinusde
3329 837 3434 893 fine
3459 836 3774 893 sacculidis-

2173 947 2381 996 serens,
2438 933 2656 996 dixerit,
2703 930 2921 985 dubium
2950 945 3058 982 non
3088 943 3231 994 esse,
3257 929 3382 998 quin
3421 928 3776 982 Antichristus

2167 1033 2294 1077 esset
2317 1024 2370 1076 in
2414 1023 2560 1076 annis
2615 1020 2894 1091 puerilibus
2939 1017 3275 1086 constitutus,
3329 1028 3480 1073 wtate
3535 1017 3774 1088 legitima

2165 1125 2455 1185 sumpturus
2483 1115 2772 1184 imperium.
2805 1111 2996 1168 Subdit
3029 1125 3158 1166 vero
3186 1110 3447 1180 Sulpitius
3474 1109 3720 1166 Severus
3745 1126 3760 1166 :

2169 1205 2318 1270 Quod
2356 1215 2522 1259 autem
2553 1206 2660 1258 lucc
2689 1203 2751 1256 ab
2775 1203 2865 1256 illo
2891 1201 3199 1264 audivimus,
3237 1217 3404 1255 annus
3427 1209 3641 1254 octavus
3669 1207 3766 1254 est.

2179 1293 2276 1348 Vos
2301 1305 2470 1348 autem
2503 1295 2765 1360 aestimate,
2794 1307 2892 1362 quo
2919 1293 2972 1346 in
3001 1291 3282 1362 praecipitio
3323 1291 3614 1346 consistunt
3653 1305 3774 1361 quia

2168 1389 2345 1452 futura
2385 1393 2522 1438 sunt.

2237 1476 2346 1532 Nec
2376 1477 2567 1532 mirum
2600 1473 2767 1530 videri
2811 1473 2990 1538 debet,
3043 1473 3088 1528 si
3121 1473 3430 1528 Lactantius
3453 1473 3508 1528 in
3540 1471 3674 1528 libri
3703 1473 3774 1526 de

2165 1565 2415 1622 Mortibus
2443 1576 2818 1638 persecuturum
2870 1565 3092 1634 Epilogo
3141 1563 3208 1620 ad
3244 1565 3513 1620 Donatum
3555 1565 3775 1619 oratio-

2163 1673 2286 1714 nem
2313 1667 2654 1723 convertens,
2681 1657 3009 1712 mentionem
3031 1655 3263 1725 aliquam
3287 1655 3534 1726 iniecerit
3555 1655 3628 1711 de
3660 1656 3782 1712 fine

2160 1750 2359 1816 saeculi,
2387 1764 2546 1820 quem
2573 1748 2856 1804 imminere
2879 1763 2978 1802 nec
2997 1745 3330 1815 Lactantius,
3359 1761 3461 1804 nec
3488 1747 3582 1804 ille
3609 1747 3778 1804 nobi-

467 1849 618 1909 caput
645 1856 752 1894 esse
773 1840 982 1910 coepisse
1003 1880 1019 1906 ,
1045 1852 1093 1896 et
1118 1855 1354 1894 occasum
1381 1839 1556 1894 διεδηιὶ
1581 1851 1728 1912 atque
1757 1842 2058 1896 Antichristi
2085 1834 2133 1894 B
2161 1841 2397 1896 lissimus
2419 1841 2698 1896 confessor
2727 1841 2966 1894 Donatus
2991 1839 3292 1894 dubitabat.

469 2008 3758 2034 —————————-———-————————————————————-———————-———-—-—-—~

1179 2126 1954 2240 EENBICI
2006 2127 3008 2240 DODWELLI

1720 2353 2492 2502 Eisscrtatio

1647 2698 1790 2769 DE
1855 2701 1974 2770 BI
1987 2701 2128 2772 PA
2166 2701 2577 2774 STBIGA.

1831 2905 2304 2960 QIQEDIQ-o-

453 3057 490 3084 κ
509 3065 514 3070 ·
561 3053 638 3104 Ad
665 3051 898 3104 Lactant.
932 3047 996 3100 de
1039 3045 1286 3100 Mortibus
1329 3043 1717 3098 Persecutorum
1745 3043 1774 3114 ᾖ
1805 3044 1934 3096 xu.’.

459 3185 488 3246 ς
521 3183 560 3234 1,
595 3181 716 3242 Ripa
737 3179 844 3246 haec
865 3190 971 3246 non
995 3176 1138 3246 Maris
1163 3183 1300 3246 erat,
1329 3177 1420 3246 sed
1437 3173 1625 3246 .il‘luv‘ii.
1645 3200 1712 3246 f—
1733 3173 1848 3246 §_II.
1884 3172 2053 3246 {triga

523 3257 614 3292 vox
642 3235 904 3302 gromatica
928 3244 981 3302 et
999 3235 1365 3302 castr_ensis.'-—-
1385 3235 1524 3302 §_III.
1551 3235 1718 3302 Castra
1737 3235 1974 3302 Romanis,
1990 3235 2054 3284 ἰιι

525 3295 1082 3367 plurimumouadrata;
1105 3295 1628 3367 gastrorum'ﬂilorum
1663 3296 1799 3367 frons
1834 3295 2052 3367 Oriens,

523 3357 774 3414 mobilium
795 3357 966 3423 hostis.
990 3360 1084 3423 -θ
1105 3357 1187 3408 ιν.
1213 3357 1445 3406 Frontem
1463 3361 1630 3423 itaque
1647 3359 2056 3423 castrorutn_st_ri-

525 3431 881 3486 gamgveteres,
907 3421 1035 3486 latus
1061 3417 1313 3486 scamnum
1341 3417 1664 3486 appellabant.
1690 3445 1752 3486 -_—
1773 3421 1799 3482 §
1821 3417 1881 3486 Υ.
1909 3417 2052 3466 Colo-

525 3479 616 3534 iiiae
639 3479 974 3546 Romauaapro
995 3482 1240 3532 Castrensi
1261 3479 1514 3546 disciplina
1537 3479 1804 3543 dispositaa'.
1831 3479 2056 3528 Praeten-

524 3555 646 3598 tura:
671 3541 978 3596 Coloniarum
1001 3546 1187 3604 strigae.
1220 3568 1280 3578 -—
1299 3541 1434 3650 3V1.
1461 3541 1719 3604 Agrorum,
1743 3550 2015 3592 castrorum
2033 3579 2048 3601 ,

525 3609 978 3650 timvinciarummle
1015 3605 1262 3650 nraecinue
1339 3615 1618 3650 omanarttm
1661 3603 1843 3650 limites
1869 3601 2048 3650 Fluvii.

523 3609 978 3670 provinciarumque
1015 3601 1262 3670 praecipue
1299 3601 1641 3670 Romanarum
1661 3603 1843 3670 limites
1869 3601 2050 3670 Fluvii.

527 3664 622 3732 ἓξ
643 3668 751 3732 VII.
773 3664 1188 3732 Praetenturarum
1211 3665 1591 3732 Illyricianarum
1611 3665 1755 3732 limes
1779 3664 2052 3732 Danubius.

527 3725 793 3778 Provincise
811 3728 1096 3788 Illyricianze
1113 3725 1357 3788 Riperises
1375 3727 1436 3774 ab
1458 3726 1674 3788 ejusdem
1695 3725 1902 3788 Danubii
1929 3725 2051 3788 ripa.

527 3789 782 3853 ⁵--ξῖῐῐῐι
829 3786 966 3853 Idem?
1003 3786 1232 3853 probatur
1264 3801 1310 3853 ε
1317 3787 1502 3853 castris
1521 3787 1722 3853 stativis
1760 3789 1809 3834 in
1843 3786 2055 3853 Danu_bii

529 3847 630 3912 ripa
657 3847 1083 3912 frequentissimis,
1111 3857 1162 3912 et
1183 3849 1243 3896 ab
1264 3848 1497 3912 Historia.
1521 3847 2056 3912 Pr:elenturarum_Ro-

473 3967 476 3970 ,
535 3907 785 3972 manarum
809 3911 970 3972 qualia
993 3911 1313 3972 munimenta:
1337 3909 1618 3972 Explicatur
1642 3909 1891 3972 adversus
1919 3907 2055 3972 lihe-

533 3985 708 4021 nauum
731 3968 1183 4032 Tertullinus”:
1201 3971 1228 4032 §
1251 3968 1498 4032 lxuld‘em
1535 3983 1596 4019 ex
1626 3968 1788 4017 Attilae
1807 3969 2056 4032 provincia

535 4033 762 4080 Romanis
779 4031 1058 4092 erepta.—-§
1077 4029 1137 4092 Χ.
1149 4029 1323 4092 lll'pam
1339 4029 1548 4078 Danubii
1567 4032 1758 4089 egressi
1773 4031 2052 4092 aliquando,

533 4093 622 4142 sed
649 4105 755 4142 raro
779 4089 997 4140 Romani.
1020 4089 1082 4126 -ὶ-
1102 4089 1128 4150 §
1149 4089 1234 4138 XI.
1276 4089 1547 4150 Quominus
1583 4103 1714 4149 saepe
1750 4089 2056 4150 egrederen-

535 4162 635 4214 tur,
665 4155 726 4200 im
765 4153 962 4201 ediebat
984 4149 1149 4214 Opinio
1171 4151 1236 4198 de
1273 4149 1522 4198 Fatalibus
1547 4149 1860 4209 imperiorum
1887 4153 2058 4198 termi-

535 4217 630 4259 nis.
654 4169 844 4259 Nurlam
869 4221 1034 4259 tamen
1057 4211 1350 4259 provinciam
1373 4211 1847 4258 'l‘ransdanubianam
1875 4212 2058 4259 retine-

535 4211 630 4263 nisl
654 4211 844 4262 Nullam
869 4211 1034 4260 tamen
1057 4211 1350 4270 provinciam
1373 4211 1847 4258 'l‘ransdanubianam
1875 4212 2058 4260 retine-

537 4277 655 4324 bant
693 4283 836 4323 aetate
877 4272 1206 4334 Diocletiani._
1227 4297 1290 4306 --
1321 4270 1478 4334 §XII.
1500 4271 1754 4334 Convenit
1787 4271 1902 4334 haec
1939 4274 2060 4334 ripae

535 4338 703 4397 strigae
727 4335 911 4382 mentio
933 4347 1044 4382 cum
1059 4331 1260 4382 consilio
1285 4331 1430 4394 atque
1457 4333 1638 4380 itinere
1661 4331 1970 4382 Diocletiani.

553 4459 582 4528 §
611 4457 652 4510 1.
675 4457 762 4528 Sic
776 4461 1248 4528 testatetransactg,
1273 4469 1361 4522 per
1376 4457 1642 4506 circuitum
1661 4469 1796 4528 mea;
1827 4469 2047 4528 smmis,

483 4522 838 4581 Nicomediam
863 4527 1015 4588 venit,
1042 4535 1146 4578 etc.
1179 4522 1352 4577 RIPAII
1380 4538 1628 4592 s'rmcau,
1675 4525 1826 4592 eojus
1865 4526 2054 4579 memi-

482 4599 560 4651 nit
591 4599 640 4649 in
677 4594 990 4648 Diocletiani
1017 4609 1045 4646 a
1077 4593 1327 4647 Ravenna
1359 4591 1719 4647 Nicomediam
1742 4591 1933 4648 versus
1963 4595 2052 4649 iti-

485 4683 614 4722 nere
639 4665 962 4728 Lactantius,
1003 4663 1072 4718 de
1097 4663 1292 4717 mendo
1313 4675 1612 4732 suspectam
1642 4663 1798 4718 habet
1827 4666 1895 4719 cl.
1925 4665 2057 4720 Lac-

486 4737 634 4792 tantii
665 4735 864 4799 editor;
903 4735 1008 4796 vel,
1062 4734 1105 4788 si
1137 4747 1260 4786 vere
1289 4733 1359 4786 sit
1387 4733 1669 4798 Lactantii,
1698 4735 1766 4788 de
1797 4749 1890 4788 ora
1923 4735 2054 4790 Pro-

486 4805 734 4876 poatidis,
757 4819 926 4876 quam
953 4803 1142 4876 legerit
1168 4803 1544 4876 Diocletianus,
1577 4804 2020 4876 ptitatlintelligen
2040 4834 2054 4846 -

484 4871 628 4930 dam.
659 4871 878 4928 Falli—tur
905 4871 1187 4938 utrobique
1211 4874 1292 4924 vir
1317 4871 1680 4926 doctissimus.
1724 4875 1882 4928 Maris
1911 4871 2055 4928 omni

483 4949 686 5000 tittusve
711 4945 812 5012 legi
861 4943 1002 5010 apud
1049 4957 1212 5010 puros
1241 4942 1496 4996 Romanae
1545 4943 1736 5012 linguai
1786 4955 2054 5008 auctores,

483 5016 642 5070 facile
685 5013 984 5067 concedent
1023 5012 1246 5069 eruditi:
1295 5027 1364 5065 ne
1393 5012 1446 5065 id
1473 5012 1688 5080 quidem
1714 5015 1949 5076 difficile,
1997 5023 2056 5069 ut

485 5101 610 5139 raro
637 5081 818 5138 forsan
859 5081 1222 5154 maris__etiam
1249 5081 1420 5154 ripam
1457 5083 1742 5150 aliquando
1794 5085 2052 5154 legamus,

489 5157 644 5222 longe
669 5161 844 5206 tamen
875 5165 998 5222 (δερ
1027 5151 1171 5222 illam
1197 5149 1250 5202 in
1279 5151 1474 5222 ﬂuviis,
1510 5149 1668 5220 quam
1693 5155 1744 5206 in
1776 5149 1929 5219 ma'ri,
1955 5149 2058 5206 fre-

487 5221 842 5292 quentiorem.
887 5221 1060 5292 Fluvii
1085 5221 1280 5292 itaque
1323 5221 1486 5286 ripam
1529 5223 1694 5277 fuisse
1735 5223 2060 5278 verisimilii—

490 5289 634 5348 mum
683 5301 786 5354 est,
839 5305 962 5360 quia}
990 5289 1164 5360 Striga
1213 5292 1528 5360 appellatur,
1571 5307 1676 5345 non
1709 5295 1891 5356 maris,
1949 5309 2055 5346 non

489 5359 869 5432 Propontidis.
903 5359 958 5432 Id
987 5359 1117 5432 vero
1163 5359 1326 5432 restat
1369 5373 1624 5432 praeterea
1653 5361 1886 5426 difficile,
1931 5363 2059 5432 quid

489 5429 680 5500 Strigie
701 5431 918 5484 nomine
947 5429 1208 5496 intelligat
1232 5429 1574 5500 Lactantius,
1616 5440 1775 5500 utque
1800 5447 1860 5486 ea
1893 5429 2061 5500 possit

491 5504 542 5554 in
558 5499 798 5574 ﬂuvium
817 5501 1124 5574 convenire,
1153 5508 1208 5574 et
1233 5515 1392 5574 quem
1417 5499 1506 5552 ille
1524 5569 1533 5574 _
1549 5499 1766 5574 ﬂuvium
1805 5499 2061 5574 denotare

483 5573 727 5692 lvritteril.
781 5569 854 5624 tta
901 5568 1212 5624 Diocletiani
1263 5571 1364 5622 iter
1415 5569 1898 5637 exploratissimum
1965 5571 2058 5626 ba-

507 5655 746 5692 tt"lm2'..

507 5655 746 5694 u-mmuz.

559 5711 585 5776 §
615 5708 674 5762 ll.
719 5708 812 5764 Est
835 5711 1010 5780 itaque
1037 5707 1214 5778 Striga
1241 5721 1344 5764 vox
1369 5709 1754 5780 agrimcnsaria
1795 5725 1894 5766 seu
1937 5725 2060 5782 gro-

2077 3044 2123 3105 C
2157 3045 2375 3110 matica,
2405 3060 2430 3096 a
2462 3045 2930 3100 castramelaiione
2959 3041 3208 3110 primum,
3245 3039 3370 3094 inde
3395 3040 3466 3096 ad
3495 3041 3769 3100 Colonia-

2157 3127 2274 3166 rum
2305 3129 2483 3182 agros,
2529 3115 2615 3182 qui
2645 3128 2742 3181 pro
2767 3121 3067 3167 castrorum
3101 3126 3288 3166 norma
3339 3116 3646 3168 mensurari
3681 3128 3772 3170 at-

2155 3197 2260 3249 que
2286 3184 2530 3236 distribui
2561 3183 2825 3248 solebant,
2853 3183 3089 3234 traducta
3124 3193 3281 3248 atque
3309 3193 3587 3250 usurpata.
3619 3184 3768 3240 Cas-

2157 3262 2336 3306 trense
2363 3270 2481 3308 esse
2527 3253 2841 3306 vocabulum
2865 3253 3020 3306 docet
3061 3267 3156 3304 nos
3187 3253 3540 3307 disertissime
3565 3251 3770 3309 Chari-

2157 3321 2288 3375 sius.
2315 3324 2493 3392 Neque
2517 3338 2646 3377 vero
2674 3335 2757 3377 est
2785 3322 2928 3390 quod
2959 3323 3078 3392 quis
3107 3331 3274 3392 putet,
3309 3322 3410 3374 hoc
3439 3323 3492 3376 in
3521 3339 3585 3378 ea
3618 3341 3768 3382 voce

2155 3391 2443 3459 singulare.
2495 3395 2638 3447 Idem
2671 3393 2738 3446 de
2779 3395 2964 3460 peritia
3003 3391 3308 3446 Gram-alica
3337 3393 3588 3447 universa
3622 3411 3766 3450 seu-

2159 3462 2416 3528 tiendum,
2471 3464 2644 3531 deque
2693 3464 2912 3516 vocibus
2943 3463 3082 3516 illius
3111 3464 3240 3514 artis
3271 3461 3397 3515 item
3449 3464 3762 3520 universis.

2157 3531 2238 3586 Ad
2283 3535 2551 3587 introitum
2583 3533 2819 3604 Prmtorii
2850 3534 3022 3604 locum
3053 3531 3286 3604 Grom:e_
3311 3533 3551 3604 appellat
3579 3533 3770 3604 Hygi-

2157 3619 2256 3656 nus
2276 3613 2366 3674 ;ret
2387 3619 2542 3674 quem
2560 3603 2770 3674 scripsit
2793 3603 2859 3656 de
2879 3601 3287 3674 Castrametandi
3305 3601 3762 3674 rationeliliritt'n,
3791 3639 3794 3644 -

2158 3671 2592 3744 eumdem'etiam
2621 3671 2966 3744 Graiimticnm
2995 3673 3284 3744 inscripsit.
3327 3671 3474 3726 Idem
3507 3671 3768 3744 Hyginus

2157 3757 2186 3796 a
2233 3743 2428 3796 Groma
2475 3745 2582 3808 illa,
2633 3759 2789 3806 quam
2817 3743 2946 3806 dixi,
2981 3743 3238 3795 castrensi
3267 3743 3616 3808 professores
3633 3745 3767 3808 ejus

2157 3813 2290 3866 arlis
2323 3823 2544 3867 testatur
2597 3812 2911 3866 Gromaticos
2951 3811 3116 3866 fuisse
3160 3811 3593 3880 cognominatos.
3657 3811 3769 3871 Est

2157 3883 2336 3950 itaque
2383 3900 2410 3936 a
2451 3885 2706 3954 castrensi
2760 3883 2914 3951 hujus
2957 3883 3102 3936 vocis
3139 3897 3254 3954 _usu
3289 3881 3358 3936 de
3405 3883 3514 3937 alio
3553 3887 3770 3954 quovis

2161 3967 2260 4009 usu
2305 3953 2621 4008 secundario
2646 3954 2864 4007 omnino
2903 3951 3272 4006 statuendum.

2235 4033 2262 4103 ᾗ
2303 4031 2389 4084 lli.
2421 4031 2728 4103 Castrorum
2780 4046 2908 4099 ergo
2957 4033 3176 4100 figuram
3209 4038 3266 4082 ut
3301 4031 3461 4103 aliam
3495 4047 3766 4090 nonnun-

2159 4101 2316 4172 quam
2349 4103 2570 4172 “imiimi
2600 4102 2936 4172 adhibuerim
2957 4142 2973 4164 ,
3003 4115 3162 4169 quam
3191 4101 3507 4172 quadratam
3531 4143 3548 4166 ,
3587 4119 3764 4160 tremo

2163 4169 2337 4226 tamen
2367 4181 2446 4224 est
2467 4171 2554 4238 qui
2582 4171 2804 4242 dubitet,
2831 4173 2972 4224 illam
3005 4173 3244 4242 nomium
3273 4169 3438 4224 fuisse
3465 4172 3634 4242 longe
3657 4175 3767 4230 fre-

2161 4242 2583 4312 quentissimam.
2619 4240 2734 4294 Non
2773 4251 2853 4294 est
2889 4241 3028 4312 quod
3069 4241 3413 4312 dubitemus,
3435 4240 3634 4296 eodem
3671 4260 3770 4300 or-

2159 4311 2284 4366 dine
2329 4312 2645 4364 constitutos
2675 4312 2726 4364 in
2765 4311 2953 4364 castris
2981 4312 3210 4374 milites,
3259 4325 3366 4380 quo
3403 4311 3454 4364 in
3485 4312 3630 4366 acie.
3693 4315 3770 4371 At

2165 4381 2425 4450 quadrato
2452 4381 2660 4450 agmine
2687 4381 2968 4434 incessisse
2997 4389 3226 4440 constat,
3256 4382 3468 4449 quoties
3499 4381 3770 4441 immine-

2163 4461 2246 4505 ret
2273 4465 2301 4502 a
2333 4453 2626 4520 propinquo
2655 4451 2806 4504 hoste
2835 4452 3148 4518 perieulum.
3186 4450 3333 4504 Illam
3367 4451 3578 4506 scilicet
3631 4469 3766 4510 cre-

2157 4521 2356 4575 debant
2383 4521 2611 4590 figurant
2645 4521 3030 4574 munitionibus
3063 4521 3416 4590 aptissimam.
3451 4520 3768 4582 Numerum

2153 4587 2550 4660 quaternarium
2579 4587 2810 4647 ἄπτωτον
2829 4587 3444 4660 Ιιεώθι)³ῃῑ“ΡγιΙιθεοι·ιιεὶ
3467 4605 3480 4648 :
3515 4592 3770 4650 invicta;-

2154 4659 2262 4736 que
2287 4661 2600 4736 constantiae
2617 4661 2980 4736 viruntsolent
3003 4659 3302 4736 philosophi
3325 4663 3650 4736 τετράγωνον
3673 4679 3768 4736 ap-

2157 4731 2380 4800 pellare.
2425 4731 2590 4784 Recte
2611 4745 2739 4800 ergo
2767 4731 2912 4784 illam
2936 4744 3032 4798 pro
3057 4733 3364 4800 gromaticze
3389 4731 3524 4784 artis
3557 4731 3766 4791 nornia

2157 4799 2474 4854 statuemus.
2499 4801 2598 4855 Est
2621 4799 2796 4855 autem
2825 4801 3018 4868 duplex
3049 4799 3320 4870 quadratae
3347 4799 3532 4870 figuris
3555 4803 3724 4859 limes
3745 4847 3762 4870 ,

2158 4871 2211 4924 in
2242 4871 2620 4938 longitudinem
2647 4871 2804 4935 alius,
2835 4871 2966 4923 alitis
2991 4871 3040 4922 in
3065 4869 3418 4924 latitudinem.
3441 4869 3614 4940 quue
3637 4888 3768 4930 cer-

2159 4950 2270 5013 tum
2291 4982 2305 5006 ,
2338 4941 2526 5013 borum
2549 4943 2772 5013 alterum
2801 4942 3018 5008 strigam
3043 4981 3057 5004 ,
3087 4943 3314 4993 alterum
3337 4955 3622 5013 scamnum
3661 4959 3766 5013 ap-

2159 5011 2406 5080 pellasse.
2441 5010 2640 5079 Duplex
2685 5021 2860 5064 autem
2905 5019 3018 5080 erat
3057 5017 3354 5080 castrorum
3383 5011 3523 5064 situs
3555 5027 3568 5061 :
3603 5010 3760 5068 alius

2159 5079 2256 5150 pro
2277 5095 2338 5135 re
2361 5091 2482 5134 nata
2513 5089 2568 5134 et
2591 5081 2711 5135 belli
2734 5079 3023 5150 exigentia,
3055 5079 3286 5133 incertus
3307 5088 3466 5148 atque
3489 5081 3724 5136 mobilis
3747 5102 3762 5150 ;

2159 5149 2296 5220 fixus
2317 5152 2458 5204 'alius
2487 5159 2542 5204 et
2569 5150 2884 5220 immobilis,
2929 5158 2985 5201 ut
3013 5149 3066 5202 in
3099 5151 3277 5203 castris
3301 5149 3518 5220 statiuis.
3551 5150 3612 5206 In
3647 5155 3764 5209 situ

2161 5218 2266 5288 ﬁxo
2296 5220 2606 5285 Orientem,
2655 5221 2706 5272 in
2753 5218 2924 5272 mobili
2974 5220 3178 5274 hostem
3227 5219 3552 5288 respiciebat
3597 5234 3764 5288 porta

2161 5289 2432 5362 Prin-toria.
2463 5290 2767 5362 Ita_scilicet
2795 5289 3056 5362 Hyginum
3091 5289 3331 5362 intelligo
3353 5299 3534 5362 atque
3565 5289 3764 5362 Vege—

2155 5360 2314 5442 tiu'm.
2348 5359 2500 5442 Quod
2527 5357 2728 5442 Drien‘ti
2755 5357 2927 5442 castra
2959 5357 3284 5442 obvertprlut
3305 5357 3524 5442 ,_inheo,
3561 5373 3627 5416 iit
3657 5357 3766 5442 ξι-

2163 5427 2368 5492 istimo,
2421 5429 2746 5482 salubritatis
2787 5429 3044 5481 rationem
3073 5427 3361 5483 habebant.
3389 5429 3566 5484 Situm
3603 5435 3765 5489 enim

2165 5500 2308 5551 illum
2335 5497 2710 5552 commendant
2732 5499 3020 5566 scriptores
3047 5499 3121 5550 rei
3149 5501 3360 5552 rustica:
3377 5541 3393 5564 ,
3425 5511 3478 5553 ut
3503 5504 3765 5560 omnium

2164 5567 2590 5640 saluberrimum.
2647 5567 2750 5640 Sed
2781 5569 2948 5640 hostis
2985 5569 3164 5636 procul
3193 5569 3355 5624 dubio
3385 5573 3562 5640 potior
3593 5587 3726 5628 eral.
3749 5617 3764 5640 ,

2163 5653 2322 5708 quam
2357 5637 2588 5690 Orientis
2633 5639 2784 5692 ratio.
2833 5637 2906 5691 Ita
2951 5647 3122 5708 tamen
3153 5647 3240 5702 ut,
3281 5639 3491 5708 quoties
3537 5637 3764 5700 nullum

2163 5707 2374 5762 aliunde
2397 5717 2722 5763 metueretur
2743 5707 3154 5772 incommodum,
3176 5707 3452 5768 Orientem
3477 5711 3604 5770 aliis
3625 5715 3765 5776 coeli
