3970 6322
551 298 657 364 187

1105 288 1325 367 scitir.
1367 290 1705 366 absonos
1749 307 2130 368 prnsccur.

2279 311 2515 372 BALUZ.
2557 312 2898 371 CHRONOL.
2940 307 3250 370 DIOCLET.

3723 311 3821 370 l88

553 421 632 498 ibi
655 422 1038 498 Diocletianum
1063 421 1643 498 invenit,_i_nterfuitq_ue
1663 436 1718 477 ιιι
1751 421 1872 476 ldus
1892 412 2132 498 Fovem-
2161 427 2216 489 Α
2239 427 2515 498 christiani
2545 429 2632 498 qui
2659 428 2765 483 illic
2793 427 3205 498 detinebantur,_
3221 426 3368 482 abire
3396 425 3650 496 permissi
3677 436 3816 498 sunt.

551 491 664 564 bris
701 492 1321 564 nuncupationiLicinii
1369 491 1618 564 ᾼιιίζιιειίι
1668 509 1826 564 quem
1856 494 2130 564 Galerius

553 559 904 616 Maximianus
949 562 1220 624 substituit
1263 561 1318 614 in
1369 559 1544 616 Io‘ctnn
1593 559 1794 619 Severi.
1840 563 1969 617 Cum
2003 565 2130 618 vero

555 630 748 685 fruSIra
780 632 1160 686 Diocletianum
1193 631 1434 686 hortatus
1463 636 1606 687 esset
1643 634 1705 685 ad
1753 635 2133 688 resumendnm

553 702 852 769 imperium;
877 701 944 754 ab
964 703 1028 754 eo
1048 693 1353 770 i-rpudiatus
1377 703 1535 755 rediit
1566 705 1615 754 in
1639 701 1883 766 Galliam,
1921 701 2010 758 ubi
2032 703 2134 758 ite-

551 785 668 842 rum
700 771 949 842 deposuit
971 769 1278 841 imperium,
1299 786 1360 825 ac
1385 781 1570 842 postea
1591 771 1698 827 illic
1725 773 1988 842 reliquum
2013 773 2136 828 vita:

552 841 664 895 sum
691 841 816 912 egit.
1209 909 1452 966 CCCVI"
1674 882 1680 888 .
1765 841 1914 897 lusu.

623 1013 778 1073 COSS.
835 981 1182 1063 Maximianus
1208 981 1486 1066 Herculius
1513 997 1567 1036 ι.

837 1051 1078 1105 Galerius
1107 1051 1238 1106 Max.
1271 1052 1512 1106 Arment.
1549 1051 1616 1106 vn

553 1121 740 1178 Annus
761 1091 982 1189 “usus
998 1091 1512 1189 ’τὶῐκνῗιῐῖὶῖίιὲῖὲὶἓέιῖἰέἔ
1536 1091 1834 1179 t'néimtu's.
1863 1124 2128 1178 Constan-

555 1195 698 1246 tinus
717 1187 1986 1266 Aitg‘ustttsde‘rlaratur.FirmilianusLPalrcStinze
2011 1210 2140 1266 prte-

554 1277 644 1316 ses
669 1261 1108 1336 mutilatloirib'ns,
1134 1261 1312 1336 potius
1340 1277 1498 1332 quam
1535 1263 1790 1336 caedibus,
1823 1261 2137 1336 persecutus

557 1341 659 1406 est.
689 1332 996 1386 Persecutio
1025 1333 1246 1406 remissa
1260 1344 1304 1406 _a
1333 1330 1521 1406 mense
1540 1331 1781 1406 Augnsm
1810 1330 1874 1389 ad
1911 1330 2140 1406 Novem-

559 1401 736 1466 brem,
767 1411 1068 1469 rursusque
1115 1403 1214 1456 sub
1259 1400 1416 1470 bujus
1443 1404 1566 1457 anni
1623 1400 1780 1460 tinem
1811 1419 1948 1458 novo
1975 1403 2128 1458 Maxi-

556 1471 684 1526 mini
711 1471 886 1526 edicto
911 1471 1224 1535 inStaurata,
1257 1473 1321 1524 ita
1352 1479 1548 1541 tamen,
1576 1483 1634 1527 ut
1688 1490 1872 1529 mense
1915 1473 2139 1529 Deccm-

556 1541 637 1596 iu'i
693 1541 952 1596 redierint
999 1541 1065 1595 a‘d
1119 1541 1484 1598 mutilatio'ncs
1541 1555 1930 1666 peltisecutores.

1640 1626 1884 1670 onwsu.

629 1670 982 1736 Maxiniiantts
1032 1672 1309 1736 “ciuilius
1340 1682 1388 1738 Χ
1416 1692 1468 1738 et
1508 1653 2140 1739 Galte‘rbt'suMaximianus

562 1751 652 1806 Vit
679 1752 925 1806 consules
951 1751 1120 1819 fuere,
1144 1753 1428 1808 consultus
1445 1753 1553 1824 jam
1577 1753 1860 1810 concordia
1885 1755 2024 1809 inter
2047 1767 2139 1809 eos

562 1833 617 1875 et
647 1821 986 1875 Mamllti'um.
1645 1825 1926 1875 Bawzms.

562 1833 617 1876 et
647 1833 986 1875 mxenuum.
1646 1833 1926 1880 BALUZIUS.

635 1891 725 1946 20.
758 1891 959 1960 Aprilis
1000 1876 1296 1946 Maxentius
1345 1893 1544 1948 Consul
1579 1895 1770 1960 Romae
1809 1896 2140 1958 deciaratur;

513 1985 528 1998 ο
561 1971 686 2036 cum
716 1957 940 2016 Romulo
968 1962 1245 2036 Herculius
1265 1965 1316 2036 in
1342 1963 1542 2019 Gallias
1569 1957 1700 2036 fugit
1721 2006 1736 2033 ,
1762 1963 1848 2020 ubi
1870 1979 1959 2020 res
1980 1977 2147 2020 novas

562 2032 779 2088 metitur
797 2037 979 2087 contra
1008 2033 1438 2088 Constantinum.

730 2156 739 2160 _
1241 2102 1461 2160 CCCIX.
1475 2131 1485 2141 -

846 2171 1081 2244 Licinius
1110 2143 1509 2244 Atig.vv‘e‘l"po.3t
1534 2171 1894 2244 Consulatum
1929 2191 1956 2229 ιι
2017 2173 2150 2231 Her-

636 2274 790 2334 δοες.
917 2243 1213 2324 euliietttt
1265 2243 1462 2300 Galerii
1484 2243 1806 2300 Maximiani.

849 2313 1146 2373 Maxentius
1174 2329 1232 2368 ιι.

849 2354 1108 2437 Rumpitis
1131 2399 1188 2437 ιι.

569 2455 754 2508 Annus
777 2457 958 2524 sextus
979 2455 1268 2517 absolutus,
1298 2455 1556 2524 septimus
1579 2455 1876 2510 inchoatus.
1913 2455 2083 2510 Martii
2117 2456 2151 2510 7

569 2527 755 2591 pessius
777 2531 860 2578 est
883 2522 1120 2580 E’ubuius
1149 2522 1674 2593 ultimusMartyrum
1702 2525 2146 2582 Caesareensium.

568 2593 696 2650 inde
721 2596 964 2666 neglecm
992 2595 1279 2652 Gentilium
1326 2596 1484 2652 rediit
1508 2595 1826 2651 Christianis
1855 2611 1977 2664 pax.

1691 2667 1982 2722 υοιιιτνειῐ..

1260 2735 1459 2791 CCCX.

608 2804 790 2862 cess.
832 2805 1126 2876 Matemins
1151 2822 1228 2869 ιιι,
1260 2809 1376 2860 sine
1395 2807 1620 2876 collega.
1649 2806 1847 2864 Srtnx.

1053 2875 1343 2946 sectmd‘unt
1373 2875 1668 2946 Lydiatum.

849 2944 1096 3001 Galerius
1117 2945 1330 3000 Maxim.
1364 2944 1608 3000 Armant.
1627 2961 1745 3012 vui,

909 3063 924 3069 _
1172 3015 1394 3069 suffecto

639 3012 793 3070 Coss.
907 3063 924 3078 ,
1172 3015 1394 3069 suifecto

851 3084 1058 3139 Licinio
1074 3083 1346 3138 Liciniano
1371 3084 1632 3153 Angusto.
1647 3084 1798 3138 iuni.

574 3156 761 3210 Annus
786 3155 1046 3221 septunce
1084 3155 1378 3219 absolutus,
1419 3151 1640 3210 octavus
1663 3155 1960 3208 inchoatus.
2005 3151 2150 3208 Nova
2175 3159 2226 3222 θ

575 3232 784 3292 rursus,-
807 3224 1003 3278 invidia
1025 3224 1333 3287 Gemitium,
1365 3235 1481 3278 orta
1525 3223 1946 3278 Christianorum
1965 3235 2152 3292 perse-

577 3295 724 3350 cutio
763 3293 990 3349 Herum
1044 3303 1107 3350 ea
1155 3293 1500 3360 brevissima,
1541 3302 1594 3349 et
1624 3293 1780 3416 ugins
1837 3295 2086 3360 impetus.

1701 3378 1940 3416 ODWELL.

1701 3378 1940 3418 ODWELL.

647 3426 780 3489 Cum
810 3433 1000 3489 Franci
1049 3433 1322 3488 turbarent
1361 3442 1556 3487 statum
1578 3433 1892 3497 Galliarum,
1923 3441 1975 3488 et
1996 3432 2062 3488 de
2083 3433 2163 3488 eis

580 3505 933 3575 reprimendis
951 3504 1334 3560 Constantinus
1345 3505 1624 3575 cogitaret,
1653 3501 1931 3575 Herculius
1951 3510 2164 3572 semper

580 3574 870 3644 inquietus,
897 3576 1178 3637 subdolus,
1203 3586 1254 3628 et
1283 3574 1494 3639 tntidus,
1527 3578 1712 3628 auctor
1733 3575 1779 3629 ei
1805 3574 1901 3628 fuit
1941 3588 2007 3628 ne
2047 3585 2164 3627 om-

582 3662 702 3700 nem
725 3647 1016 3700 exerciturn
1037 3659 1218 3700 secum
1247 3646 1486 3709 duceret,
1516 3657 1673 3712 posse
1703 3644 1862 3698 barba
1875 3658 1960 3698 ros
1981 3659 2008 3698 a
2034 3658 2164 3711 pau-

578 3717 660 3771 cis
683 3717 962 3772 debellari.
979 3714 1221 3770 Credidit
1244 3716 1626 3768 Constantinus
1653 3722 1708 3769 et
1731 3715 1844 3769 seni
1873 3720 1926 3768 et
1952 3727 2160 3768 socero.

580 3785 797 3840 Interim
821 3786 1099 3841 Hereuiius
1126 3786 1415 3854 cupiditate
1463 3784 1670 3853 imperii
1700 3786 2023 3848 stimulatus,
2042 3797 2164 3838 Cum

581 3864 794 3926 putaret
835 3853 1243 3926 Constantinum
1278 3857 1486 3921 lengius
1537 3855 1748 3926 abesse,
1783 3854 1980 3908 milites
2008 3855 2166 3926 largi.

584 3924 817 3980 tionibus
837 3933 890 3979 et
911 3925 1188 3992 promissis
1229 3925 1480 3980 sollicitat
1527 3925 1592 3977 ad
1631 3925 2008 3988 deiectionem,
2049 3924 2167 3978 tlte-

583 4003 777 4050 sauros
799 3995 1022 4059 invadit,
1048 4005 1102 4048 et
1127 4007 1410 4063 purpuram
1443 3994 1598 4048 tertio
1637 3995 1805 4048 induit
1837 3997 1886 4049 in
1919 3994 2161 4062 Belgica;

587 4073 639 4118 et
665 4067 925 4119 redeunte
945 4063 1299 4117 Constantino
1327 4068 1460 4116 mira
1489 4063 1786 4128 releritate,
1821 4065 2012 4118 timens
2025 4065 2165 4132 quod

591 4132 882 4194 meruerat.
913 4132 1046 4203 fugit
1073 4134 1127 4186 itt
1155 4134 1440 4188 secundam
1470 4133 1891 4203 Narbonensem,
1924 4142 1978 4187 et
2006 4147 2064 4187 se
2092 4135 2166 4186 ci-

591 4203 770 4258 vitatis
786 4202 1114 4258 Arelatensis
1140 4204 1404 4258 manilius
1426 4202 1663 4256 includit.
1697 4203 1824 4256 Dein
1846 4203 2166 4257 adventante

588 4271 925 4328 Constantini
951 4272 1210 4338 exercitu,
1235 4273 1518 4326 Massiliam
1533 4274 1838 4338 contendit;
1867 4273 1952 4325 ubi
1983 4274 2166 4326 obses-

589 4357 724 4398 ειη.
747 4342 1116 4405 Constantino,
1143 4355 1329 4411 captus
1350 4347 1452 4400 est.
1469 4350 1523 4394 et
1552 4342 1806 4411 increpito
1821 4344 1926 4394 vita
1949 4345 2162 4396 donata.

594 4413 792 4468 Verum
817 4413 975 4482 paulo
1020 4423 1138 4476 post
1183 4414 1420 4482 ejusdem
1451 4412 1782 4466 Constantini
1808 4413 1959 4481 jussu
1989 4423 2166 4465 stran-

591 4483 804 4552 gniatus
833 4493 912 4536 est
933 4523 946 4544 ,
985 4498 1105 4536 cum
1149 4483 1516 4552 deprehensus
1552 4483 1770 4537 essetin
1803 4484 2006 4536 insidiis
2037 4483 2167 4551 quas

595 4553 944 4608 Constantino
970 4554 1304 4614 moliebatur,
1329 4561 1384 4605 ut
1408 4567 1530 4606 eum
1559 4554 1864 4618 perimeret.
1892 4555 2170 4608 BALUZIUS.

666 4623 868 4678 Eodem
913 4639 1054 4677 anno
1079 4623 1324 4678 Galerius
1369 4623 1714 4678 Maximianus
1758 4623 1810 4676 in
1849 4635 2063 4692 gravem
2107 4635 2171 4677 ac

593 4695 949 4764 periculosum
979 4694 1224 4748 morbum
1267 4693 1468 4754 incidit,
1497 4708 1602 4761 quo
1629 4710 1724 4762 per
1759 4707 1956 4747 annum
1991 4709 2179 4764 perpe-

596 4763 702 4820 tem
735 4763 1022 4818 afﬂictatus
1071 4776 1182 4829 eSt;
1226 4765 1376 4832 isque
1403 4766 1618 4818 morbus
1648 4779 1768 4818 eum
1816 4764 2026 4830 invasit,
2056 4778 2178 4819 cum

596 4838 754 4891 iniret
781 4834 1046 4890 decimum
1071 4841 1316 4890 o‘ctavutn
1343 4835 1550 4902 imperii
1567 4835 1649 4889 sui
1670 4841 1890 4888 annum.
1917 4836 2068 4890 locis.

1275 4923 1492 4979 CCCXL

667 5029 824 5087 coss.
1273 4995 1516 5050 Arment.
1539 5011 1652 5050 vm.

714 5045 824 5086 ⁰⁵⁵’
881 5045 1274 5120 causam.

601 5139 790 5193 Annus
805 5145 1030 5190 octavus
1055 5135 1350 5194 absolutus.
1397 5149 1572 5190 nonus
1597 5137 1894 5190 inchoatus.
1935 5133 2180 5193 Edictum

603 5204 802 5263 Galerii
824 5217 1094 5274 propaee,
1119 5207 1257 5260 inter
1287 5205 1402 5260 Kal.
1422 5208 1574 5260 Mart.
1601 5217 1657 5262 et
1687 5207 1822 5275 prid.
1853 5207 1970 5262 Kal.
1996 5209 2176 5262 Maias.

603 5279 711 5333 Pax
741 5277 831 5330 illa
861 5290 948 5346 ne,
968 5290 1060 5328 sex
1088 5276 1300 5342 quidem
1345 5278 1609 5332 mensium
1655 5279 2002 5346 integrorum,
2033 5278 2184 5332 itaut

605 5347 707 5403 sub
726 5347 889 5401 ﬁnem
915 5345 1167 5420 Octobris
1186 5349 1403 5420 redierit
1431 5349 1749 5420 persecutio,
1766 5345 1858 5420 sed
1872 5359 1996 5402 etea
2030 5348 2183 5420 unius

607 5420 852 5483 impetus,
892 5417 1313 5483 sanguinolenta.
1363 5418 1684 5484 Legationes
1719 5419 1918 5486 primas
1968 5417 2178 5472 urbium

607 5489 805 5554 accepit
836 5486 1153 5540 Nicomediae
1175 5486 1506 5540 Maximinus.
1539 5487 1824 5541 DonwnLL.

681 5557 925 5612 Galerius
949 5571 1161 5623 semper
1181 5567 1429 5624 :t'grolus,
1452 5558 1745 5609 admonitus
1771 5560 2009 5612 morbum
2032 5559 2182 5612 illum

613 5629 854 5681 evenisse
869 5626 964 5678 sibi
1000 5636 1214 5694 propter
1264 5629 1399 5680 mala
1428 5643 1544 5696 qua:
1573 5628 1884 5680 Christianis
1913 5631 2182 5693 intulerat,

613 5696 789 5750 edicto
815 5697 1088 5762 proposito
1114 5699 1536 5762 persecutionem
1560 5703 1836 5765 quiescere
1867 5699 2017 5765 jussit
2048 5713 2187 5752 anno

613 5773 890 5835 postquam
917 5775 1151 5835 coeperat
1191 5776 1402 5825 octavo.
1441 5767 1597 5828 .Tum
1622 5769 1818 5836 apertis
1862 5770 2184 5837 carceribus,

1645 1793 2013 1880 ἓῖίὶὶὲῖἐιὲῗΜ
2047 1793 2139 1809 ”””
2171 1793 2221 1858 Β

2239 497 2402 551 Paulo
2421 510 2538 568 post
2556 494 2798 554 Galerius
2821 499 3042 568 moritur
3074 496 3332 568 Serdicae,
3357 494 3562 568 mense,
3595 506 3652 550 ut
3677 494 3820 551 vitie-

2237 576 2350 627 tnr.
2407 565 2571 632 Maio,
2619 573 2739 622 cum
2789 565 2935 635 prius
2985 565 3189 622 Licinio
3232 567 3825 636 Valeriamconjngem

2239 639 2510 708 liliumque
2536 638 2924 708 Candidiauutn
2956 637 3409 708 commendasset.
3443 642 3674 708 atquein
3710 654 3825 690 nta-

2237 708 2394 761 nibus
2428 704 2762 762 tradidisset.
2810 704 2916 762 Sed
2968 707 3164 761 hicum
3195 704 3527 761 comitatum
3552 707 3824 762 Maximini

2239 778 2520 832 infeliciter
2563 778 2938 845 praetulissent,
2965 776 3336 845 miserandam
3381 789 3583 832 sortem
3613 775 3820 832 babue-

2238 859 2379 906 runt,
2410 857 2466 900 ut
2493 841 2674 916 postea
2699 849 2929 902 dicetur.
2958 841 3242 902 BALuzws.

2311 913 2604 972 Maxentius
2632 917 2828 972 bellum
2854 918 3204 974 Consutntino
3231 913 3436 983 indicit,
3453 917 3608 987 quasi
3633 931 3820 972 necem

2240 987 2408 1057 patris
2429 988 2508 1040 sui
2530 987 2760 1042 Herculii
2785 987 3166 1041 vindicaturus.

2310 1057 2512 1110 Bellum
2541 1057 2663 1111 inde
2691 1059 2826 1110 inter
2848 1057 3104 1112 Licinium
3137 1067 3190 1112 et
3235 1055 3582 1111 Maximinum
3623 1056 3692 1110 tie
3721 1058 3825 1108 int-

2241 1127 2390 1192 perio
2405 1138 2688 1181 certantes.
2720 1127 2822 1181 Sed
2849 1127 3240 1180 conditionibus
3289 1130 3453 1196 certis
3481 1143 3580 1196 pax
3605 1137 3664 1181 ct
3691 1127 3826 1180 ami-

2239 1197 2360 1267 citia
2383 1197 2718 1267 componitur
2737 1198 2787 1250 in
2817 1195 3362 1267 Bospltorokaracio,
3385 1195 3831 1252 ubiconstitutus

2241 1277 2319 1321 est
2351 1264 2520 1321 limes
2539 1267 2744 1336 imperii
2776 1267 3068 1334 utriusque.
3095 1264 3248 1320 IDEM.

2313 1337 2824 1410 Maximinuspostea
2844 1337 3224 1410 indulgentiam
3239 1336 3832 1410 communiprincipnm

2243 1420 2506 1462 consensu
2533 1407 2836 1461 chriSIianis
2861 1406 3036 1460 datam
3066 1407 3222 1471 tollit,
3255 1406 3560 1461 subornatis
3610 1407 3836 1475 legaliu-

2243 1477 2398 1532 nibus
2417 1477 2714 1540 civitatum,
2749 1493 2866 1545 niue
2902 1485 3162 1546 peterent,
3195 1491 3261 1530 ne
3291 1477 3395 1528 illis
3427 1477 3562 1530 intra
3588 1477 3838 1530 civitates

2242 1561 2366 1601 suas
2417 1547 2787 1602 conventicula
2833 1545 3086 1602 extruere
3132 1545 3335 1600 liceret.
3386 1545 3522 1600 iline
3573 1545 3838 1600 acriusin

2242 1631 2337 1670 eos
2357 1618 2620 1681 saevitum,
2672 1617 2844 1672 donec
2883 1615 3219 1671 Constantini
3272 1616 3464 1670 litteris
3513 1615 3842 1670 Maximinus

2243 1686 2620 1741 deterreretur.
2643 1686 2795 1741 IDII.

2323 1757 2432 1810 Hoc
2467 1759 2549 1812 vel
2591 1758 2832 1828 sequenti
2874 1771 3017 1812 anno
3036 1771 3167 1812 crux
3215 1755 3269 1811 in
3309 1756 3451 1812 coelo
3484 1753 3852 1812 Constantino

2247 1836 2483 1896 apparet.
2837 1873 2843 1878 .

2920 1896 3164 1954 CCCX".

2533 1969 2613 2024 Fl.
2647 1969 2765 2023 Val.
2793 1968 3172 2024 Constantinus
3199 1967 3333 2038 Aug.
3368 1984 3426 2022 ιι.

2530 2039 2766 2094 Licinius
2792 2038 2929 2108 Aug.
2963 2055 3017 2092 ιι.
3046 2039 3243 2093 Sexus.

2253 2110 2441 2164 Annus
2467 2122 2640 2163 nonus
2663 2107 2956 2175 absolutus,
2973 2109 3212 2164 decimus
3236 2107 3540 2162 inchoatus.
3574 2107 3852 2164 Secunda:

2253 2179 2472 2234 urbium
2503 2180 2794 2247 legationes
2815 2195 2934 2232 cum
2953 2177 3184 2232 decretis
3205 2179 3460 2232 adversus
3485 2178 3846 2233 christianos.

2252 2249 2520 2302 Maximini
2551 2249 2616 2302 ad
2643 2249 2764 2304 illas
2803 2249 3056 2316 rescripta
3077 2249 3144 2303 de
3173 2247 3430 2314 pellendis
3460 2261 3528 2302 ex
3560 2249 3674 2303 illis
3695 2248 3854 2302 urbi-

2251 2319 2350 2374 bus
2377 2319 2702 2384 cltristianis,
2754 2331 3044 2386 earumque
3094 2318 3302 2371 urbium
3343 2317 3653 2387 territoriis,
3723 2328 3851 2387 post

2256 2403 2492 2443 mensem
2524 2389 2738 2444 Maium.
2771 2388 3076 2444 Persecutio
3113 2401 3249 2440 nova
3277 2386 3523 2440 inchoata
3547 2428 3561 2451 ,
3589 2387 3694 2442 sed
3726 2386 3851 2440 mu-

2254 2460 2548 2512 tilationum
2579 2459 2852 2522 duntaxat,
2872 2468 2926 2512 et
2954 2457 3132 2510 statim
3157 2457 3318 2510 minis
3349 2456 3650 2524 litterisque
3673 2459 3855 2511 Conso

2253 2527 2442 2584 tablini
2473 2529 2654 2582 sedata
2679 2529 2934 2582 adversus
2983 2527 3303 2580 Maxentium
3345 2527 3631 2580 moventis.
3665 2525 3856 2580 Cons-

2255 2600 2487 2653 tantinus
2525 2599 2689 2666 Alpes
2732 2597 3076 2661 transcendit,
3132 2607 3290 2664 atque
3330 2595 3529 2666 copias
3579 2595 3858 2666 Maxentii

2254 2671 2417 2724 vincit
2445 2665 2693 2739 fugatque
2718 2670 2768 2722 in
2791 2667 3037 2739 Taurinis
3062 2666 3286 2739 aliisque
3327 2665 3560 2739 inl’oeis.
3595 2665 3859 2739 Tandem

2251 2740 2398 2807 juxta
2429 2735 2649 2793 [inibant
2673 2739 2882 2793 C(BIitttS
2905 2739 2974 2790 27
2995 2736 3183 2790 Octob.
3213 2746 3343 2790 crux
3362 2735 3570 2807 signum
3593 2736 3856 2807 victoriae

2255 2804 2354 2878 ipsi
2387 2821 2597 2867 ostensa
2629 2810 2796 2876 pridie
2815 2823 2970 2871 quam
2999 2820 3228 2878 pugnam
3249 2805 3632 2878 committeret,
3662 2804 3720 2878 in
3750 2820 3858 2878 qua

2291 2881 2565 2946 rolligatnr
2586 2872 2878 2934 Maxentius
2902 2872 3014 2944 ipse
3041 2876 3110 2930 ’28
3137 2875 3404 2939 Octobris,
3423 2872 3637 2946 ibique
3669 2877 3726 2930 in
3759 2873 3857 2929 Τὶο

2277 2951 2369 3002 ιρι-ἰ
2399 2942 2776 3016 submergimr.
2821 2942 3202 3016 Constantinus
3225 2946 3394 2998 victor
3423 2942 3624 2998 Urbem
3669 2945 3859 3014 ingre-

2259 3019 2427 3072 ditur:
2464 3014 2638 3086 primi"
2660 3019 2880 3085 Augusti
2927 3014 3112 3070 titulus
3153 3015 3506 3086 Constantino
3555 3031 3587 3068 a
3647 3015 3861 3071 Senatu

2261 3083 2529 3142 decretus.
2561 3083 2796 3142 Primum
2823 3086 3100 3140 Maximini
3123 3083 3356 3142 edictum
3389 3099 3487 3152 pro
3518 3098 3679 3152 pace.

3331 3154 3622 3208 DODWELL.

2338 3226 2546 3298 valeria
2578 3226 2775 3298 Galerii
2809 3224 2967 3298 vidua
2995 3225 3046 3278 in
3100 3224 3320 3298 exilium
3364 3225 3554 3298 ῙιιεθιιΔ
3570 3223 3861 3298 Maximini

2266 3295 2509 3368 projecta‘
2529 3293 2649 3350 cuni
2681 3306 2847 3350 matre
2869 3296 3071 3358 Prisca,
3091 3304 3145 3347 et
3169 3294 3492 3368 in_t_iescrt_as
3522 3293 3702 3368 Syriae
3733 3296 3865 3350 soli-

2268 3363 2479 3420 tudines
2503 3369 2750 3434 relegata,
2788 3377 2989 3434 patrem
3035 3380 3189 3419 suum
3221 3363 3602 3420 Diocletianum
3643 3381 3744 3434 per
3771 3380 3868 3434 oce

2265 3438 2436 3490 cultus
2454 3431 2666 3490 nuntios
2690 3431 2909 3506 gnarum
2937 3435 3254 3488 calamitatis
3275 3450 3385 3506 sua:
3402 3434 3549 3488 facit.
3571 3431 3866 3506 lic'petenti

2268 3522 2394 3562 vero
2420 3521 2537 3560 eam
2573 3503 2705 3575 patri
2736 3505 3051 3560 Maximinus
3081 3508 3310 3575 negavit.
3337 3503 3624 3558 wazws.

2340 3577 2536 3630 Eodem
2575 3572 2822 3643 tempore
2870 3572 3171 3629 Maximiani
3205 3574 3435 3628 lierenlii
3459 3586 3654 3627 statua:
3686 3572 3866 3644 Consw

2266 3648 2454 3701 tantini
2496 3647 2644 3716 jussu
2673 3647 3094 3716 revellcbantur;
3125 3656 3177 3698 et
3200 3644 3456 3716 imagines
3482 3660 3706 3716 quoque
3741 3645 3868 3698 Dio-

2265 3714 2640 3785 clctiani,qnia
2668 3731 2787 3770 cum
2815 3715 3058 3770 Herculio
3072 3716 3242 3784 pictus
3259 3714 3864 3785 erat,_detraltcbantur.

2271 3787 2402 3842 iiinc
2427 3783 2580 3840 dolor
2613 3785 2919 3856 Diocletiani
2948 3786 3037 3856 qui
3071 3783 3225 3856 paulo
3251 3794 3367 3850 post
3394 3783 3536 3856 [alue
3562 3795 3732 3856 atque
3776 3800 3872 3838 an-

2266 3872 2393 3928 gore
2409 3856 2680 3911 confectus
2708 3851 2980 3928 interiitttj
2999 3851 3178 3909 Nonas
3206 3851 3534 3928 Decembris.
3553 3851 3723 3928 ini-iu.

2341 3927 2656 3982 Maximinus
2709 3925 2910 3992 legatos
2938 3926 3163 3978 Romam
3206 3924 3270 3978 ad
3320 3924 3666 3980 Maxentium
3709 3924 3873 3979 mittit

2267 3997 2492 4061 Occulte,
2524 4007 2577 4052 et
2607 3997 2890 4050 amicitiam
2917 4011 3034 4048 cum
3065 4009 3130 4049 eo
3159 3992 3298 4047 facit.
3323 3993 3476 4048 locu.

2340 4067 2548 4122 initium
2578 4065 2923 4120 indictionum
2948 4075 3039 4120 aut
3067 4073 3196 4118 taut
3233 4079 3366 4118 xxtv
3393 4063 3482 4120 die
3509 4064 3870 4135 septembris.

2926 4153 3194 4209 CCCXIII.

2318 2002 2469 2058 Coss.

2555 4225 2636 4280 Fl.
2669 4224 2786 4277 Val.
2819 4223 3202 4278 Constantinus
3230 4239 3309 4278 ιιι.

2339 4263 2493 4315 COSS’
2555 4263 2795 4350 Licinius
2821 4263 3200 4362 finito-satiust":
3225 4263 3422 4349 benl.

2272 4367 2458 4421 Annus
2487 4365 2724 4420 decimus
2748 4365 3042 4428 absolutus,
3069 4365 3382 4418 undecimus
3409 4364 3722 4420 inchoatus.
3760 4365 3879 4418 Vic-

2274 4447 2357 4490 tus
2376 4453 2402 4488 a
2423 4437 2627 4490 Licinio
2645 4435 2957 4489 Maximinus
2985 4436 3037 4490 in
3066 4449 3257 4504 campo
3285 4449 3480 4506 sereno
3500 4434 3590 4488 die
3617 4437 3690 4491 50
3720 4436 3881 4506 Apri-

2225 4523 2253 4574 s
2277 4508 2374 4559 Iis:
2403 4505 2636 4560 edictum
2665 4506 3000 4559 Constantini
3027 4515 3082 4560 et
3111 4505 3297 4558 Licinii
3329 4519 3425 4574 pro
3460 4520 3596 4572 pace
3619 4505 3878 4559 Nicome-

2281 4577 2383 4630 dia:
2413 4578 2740 4644 propositum
2779 4575 2901 4630 Jun.
2935 4577 3024 4640 15,
3073 4586 3180 4642 quo
3221 4586 3466 4642 tempore
3518 4575 3880 4630 decennalem

2282 4647 2422 4700 lianc
2451 4650 2874 4714 persecutionem
2928 4646 3181 4700 terminat
3207 4645 3540 4710 Lactantius,
3599 4663 3749 4700 num.
3785 4647 3880 4698 48.

2283 4717 2585 4773 Secundum
2614 4715 2807 4771 deinde
2833 4714 3104 4770 Maximini
3143 4731 3241 4784 pro
3267 4714 3583 4784 Christianis
3623 4717 3881 4770 edictum.

3440 4783 3741 4840 DODWELL.

2353 4855 2610 4913 Rebusin
2641 4857 2771 4910 urbe
2817 4855 3152 4923 compositis,
3204 4853 3594 4909 Constantinus
3643 4857 3789 4910 circa
3815 4855 3884 4910 xv

2287 4925 2546 4984 Kalendas
2569 4925 2840 4982 Februarii
2869 4923 3036 4978 Roma
3053 4926 3343 4993 digressus,
3368 4925 3734 4980 Mediolanum
3757 4942 3884 4980 con-

2288 4998 2476 5060 tendit.
2509 4998 2685 5064 ibique
2734 4998 2945 5065 nuptias
2997 4995 3324 5050 Constantina
3353 4998 3562 5065 sororis
3615 5011 3734 5050 sua:
3763 5011 3882 5050 cum

2287 5067 2490 5122 Licinio
2536 5064 2846 5122 celebravit.
2883 5067 2955 5120 Ea
3002 5081 3062 5119 re
3110 5075 3344 5134 peracta,
3389 5064 3787 5120 Constantinus
3831 5067 3884 5119 iu

2288 5138 2486 5194 Gallias
2509 5138 2812 5198 revertitur,
2832 5135 3064 5192 Licinius
3085 5136 3136 5190 in
3161 5135 3450 5206 Illyricum.
3480 5135 3777 5191 Bawzws.

2361 5207 2570 5261 Interim
2592 5207 2903 5261 Maximinus
2920 5208 3210 5260 exercitum
3236 5216 3412 5258 mavet
3433 5221 3463 5260 e
3484 5207 3669 5276 Syria,
3687 5207 3882 5261 bellum

2291 5279 2494 5332 Licinio
2522 5278 2786 5342 illaturus,
2819 5278 3116 5342 provincias
3137 5277 3252 5343 ejus
3277 5286 3663 5343 occupaturus.
3684 5278 3884 5330 Occur-

2287 5351 2358 5403 rit
2387 5349 2433 5400 ei
2467 5348 2700 5402 Licinius
2729 5351 2780 5401 in
2810 5347 3054 5400 Thracia.
3088 5345 3362 5416 Pugnatur
3392 5347 3570 5413 pridie
3611 5346 3886 5402 Kalendas

2294 5419 2452 5472 Maias
2477 5424 2526 5470 in
2555 5432 2742 5485 campo
2782 5433 2938 5484 quem
2958 5413 3220 5485 vocabant
3271 5413 3558 5480 Serenum,
3608 5415 3756 5472 inter
3787 5415 3885 5468 Ila-

2289 5489 2637 5555 tirianopolim
2683 5484 3006 5540 videlicctet
3055 5484 3384 5540 Heracleam.
3441 5485 3685 5540 Victoria
3728 5499 3884 5558 penes

2292 5559 2548 5614 Licinium
2580 5558 2694 5611 fuit.
2731 5557 2878 5610 IDEM.

2366 5629 2723 5682 Diocletianus
2753 5627 2977 5680 moritur
3002 5625 3101 5678 ltoc
3141 5641 3302 5692 anno,
3350 5626 3490 5680 forte
3517 5627 3660 5682 Maio
3681 5643 3884 5683 mense.

2367 5697 2682 5752 Maximinus
2711 5711 2916 5751 summa
2967 5698 3242 5751 celeritate
3309 5697 3436 5764 fugit
3493 5698 3885 5761 Nicomediam,

2296 5769 2419 5826 hinc
2442 5770 2500 5828 ιιι
2529 5767 2940 5842 Cappadociam,
2988 5777 3258 5838 postremo
3287 5766 3344 5824 in
3371 5767 3642 5842 Ciliciam,
3668 5772 3760 5828 ubi
3790 5769 3886 5826 uti.
