3960 6330
174 309 264 368 201

1323 309 1524 366 LIBER
1568 310 1655 365 DE
1696 307 1907 365 MORT.
1951 308 2338 368 PEIlSECUT.

3354 333 3458 389 202

172 441 284 483 rere
309 424 547 494 protinus
573 430 769 479 contra
810 422 978 481 Deum
1029 426 1214 496 coepit,
1244 434 1298 480 ut
1329 427 1576 496 protinus
1597 424 1759 480 cade-
1789 428 1843 485 Α
1872 422 1966 476 Dci
1994 438 2210 496 semper
2253 427 2469 498 dignam
2498 431 2707 489 scelere
2736 449 2836 489 suo
2863 439 3108 510 recipere
3137 448 3460 503 mercedem.

170 526 264 574 ret.
288 515 414 571 Nam
440 516 714 586 protectus
739 517 1000 574 adversus
1027 516 1253 590 Carpos,
1286 522 1375 589 qui
1401 529 1510 573 tum
1543 518 1756 573 Daciam

170 609 502 680 Mtnsiamque
544 623 967 682 occupaverant,
1018 613 1310 682 statimque
1359 612 1758 668 circumventus

171 718 200 759 ι
225 704 474 769 barbaris,
503 715 556 760 et
611 720 738 761 cum
790 721 984 778 magna
1045 707 1319 762 exercitus
1350 715 1502 777 parte
1523 707 1751 771 deletus,

172 809 261 851 nec
283 797 551 866 sepultura
579 796 800 866 quidem
828 799 1004 868 potuit
1028 796 1284 854 honorari
1311 815 1323 851 :
1355 798 1452 854 sed
1474 807 1669 852 exutus
1689 811 1754 852 ac

171 887 350 956 nudus,
379 898 434 944 ut
463 889 675 945 hostem
700 890 795 946 Dei
816 890 1119 962 oportebat,
1141 892 1394 962 pabulum
1418 889 1545 947 feris
1569 906 1631 945 ac
1661 908 1754 945 vo-

173 984 388 1040 lucribus
413 985 602 1056 jacuit.

922 1117 991 1174 ν.

230 1250 338 1307 Non
373 1253 544 1308 multo
584 1263 709 1323 post
747 1251 1064 1310 Valerianus
1088 1269 1303 1325 quoque
1353 1270 1458 1310 non
1501 1255 1750 1312 dissimili

169 1342 334 1401 furore
356 1356 662 1416 correptus,
697 1347 891 1418 impias
930 1361 1122 1403 manus
1147 1347 1200 1402 in
1234 1347 1401 1402 Deum
1431 1349 1746 1416 intentavit;

167 1446 216 1492 et
236 1439 470 1505 multum,
503 1441 755 1510 quamvis
800 1441 948 1496 brevi
980 1451 1258 1510 tempore,
1297 1441 1426 1510 justi
1473 1443 1750 1512 sanguinis

167 1528 306 1584 fudit.
336 1529 404 1584 At
432 1531 583 1586 illum
618 1532 761 1591 Deus
789 1546 930 1586 novo
959 1546 1023 1587 ac
1052 1531 1310 1602 singulari
1337 1548 1512 1603 paenae
1550 1549 1751 1604 genere

1864 513 1962 568 llic
1989 525 2179 586 captus
2201 533 2228 571 a
2259 519 2460 584 Persis,
2493 538 2598 578 non
2627 526 2791 582 modo
2815 529 3121 602 imperium,
3155 552 3263 606 quo
3290 540 3465 596 fuerat

1860 605 2165 664 insolenter
2190 625 2338 676 usus,
2371 613 2468 669 sed
2509 617 2671 671 etiam
2705 619 3031 689 libertatem,
3062 605 3222 696 quam
3249 634 3461 688 ca-teris

1857 697 2157 769 ademerat,
2193 704 2448 772 perdidit,
2482 707 2720 780 vixitque
2749 711 2803 766 in
2834 715 3095 772 servitute
3126 722 3458 790 turpissime.

1854 791 1988 847 Nam
2031 792 2146 849 Rex
2184 795 2468 853 Persarum
2497 799 2692 870 Sapor,
2735 803 2788 880 is
2833 807 2923 876 qui
2965 823 3088 863 eum
3137 825 3384 882 ceperat,
3414 819 3460 872 si

1852 886 2068 954 quando
2087 887 2303 959 libuerit
2328 900 2422 944 aut
2440 893 2740 950 vehiculum
2773 899 3090 965 ascendere,
3117 915 3209 959 aut
3231 922 3456 977 equum,

1861 977 2120 1033 inclinare
2148 980 2254 1034 sibi
2304 982 2606 1038 Romanum
2634 985 2879 1056 iubebat,
2912 1005 2976 1044 ac
3001 1001 3151 1064 terga
3191 999 3455 1068 praebere,

1858 1078 1914 1123 et
1937 1069 2197 1141 imposito
2243 1073 2377 1142 pede
2425 1089 2588 1146 supra
2617 1078 2838 1134 dorsum
2881 1081 3018 1152 ejus.
3057 1085 3186 1142 illud
3215 1103 3340 1145 esse
3368 1107 3461 1146 ve-

1857 1176 1977 1216 rum
2026 1163 2243 1220 dicebat
2289 1167 2573 1237 (triumphi
2619 1170 2812 1242 genus)
2855 1176 3188 1244 exprobrans
3235 1183 3281 1236 ei
3332 1197 3457 1238 cum

1856 1257 1988 1320 risu,
2020 1273 2129 1312 non
2159 1260 2300 1330 quod
2332 1263 2382 1314 in
2419 1263 2615 1318 tabulis
2643 1274 2736 1320 aut
2763 1268 3056 1336 parietibus
3082 1271 3311 1329 Romani
3341 1277 3459 1346 pin-

1854 1361 2063 1420 gerent.
2111 1352 2183 1406 lta
2217 1355 2307 1408 ille
2353 1355 2671 1424 dignissime
2717 1358 3115 1432 triumphatos,
3148 1365 3459 1437 aliquandiu

1856 1442 2008 1508 vixit,
2060 1453 2118 1496 ut
2145 1444 2236 1497 diu
2279 1446 2520 1503 harlnris
2563 1445 2866 1505 Romanum
2902 1467 3100 1510 nomen
3134 1457 3364 1512 ludibrio
3393 1477 3460 1516 ac

1856 1534 2055 1590 derisui
2082 1547 2247 1593 esset.
2282 1538 2460 1592 Etiam
2494 1538 2599 1595 hoc
2623 1541 2671 1595 ei
2691 1544 2922 1599 accessit
2950 1545 3018 1600 ad
3050 1562 3288 1616 plenam,
3313 1553 3457 1620 quod

168 1619 364 1689 affecit,
401 1629 458 1676 ut
496 1630 651 1679 esset
705 1625 938 1693 posteris
979 1623 1386 1693 documentutn,
1419 1625 1756 1682 adversarios
1783 1621 1832 1682 B
1859 1644 1980 1686 cum
2009 1630 2175 1686 tilium
2204 1632 2430 1690 haberet
2451 1635 2858 1705 Imperatorem,
2888 1641 3214 1709 captivitatis
3239 1619 3350 1699 sine
3375 1654 3458 1701 ta-

1515 1803 1873 1862 VARIORUM
1915 1806 2148 1863 NOT/E.

232 1962 490 2032 Profectus
513 1962 764 2016 adversm
778 1959 996 2031 Carpos,
1013 1962 1100 2028 qui
1116 1971 1222 2016 tum
1239 1960 1456 2016 Daciam
1485 1962 1719 2018 Moesiam
1733 1996 1748 2006 ο

230 2051 253 2088 e
278 2043 672 2104 occupaverant,
695 2045 804 2088 etc.
835 2034 1044 2102 Carpos
1075 2034 1127 2104 in
1163 2034 1263 2088 hoc
1317 2034 1574 2088 Lactantii
1610 2037 1748 2100 loco,

211 2121 388 2178 rancus
401 2103 460 2160 in
487 2106 762 2178 Chronico
785 2103 1232 2178 PaschaliLGetas
1251 2105 1365 2160 sive
1383 2105 1589 2160 Gothos
1611 2108 1750 2176 apud

169 2174 494 2242 loniandem,
526 2185 584 2232 et
609 2175 843 2246 Scythas
871 2175 1009 2245 apud
1040 2174 1336 2246 Zozimuin,
1382 2178 1599 2231 eosdem
1631 2174 1752 2234 esse

171 2249 382 2303 ostendit
425 2249 498 2302 du
550 2245 790 2317 Cangius
844 2247 897 2300 in
957 2247 1120 2314 notis,
1152 2263 1204 2316 p.
1263 2245 1367 2303 547
1395 2247 1463 2302 ad
1492 2248 1748 2304 Chronic.

170 2317 342 2374 Pasch.
373 2318 646 2373 Touvuto.

230 2390 493 2444 Adversus.
525 2389 584 2443 In
620 2403 748 2453 ms.,
779 2389 1016 2440 aduersu.

232 2459 432 2531 Carpos.
465 2460 710 2531 POpulos
755 2458 1242 2514 transdanubianos
1271 2475 1334 2515 ex
1389 2458 1623 2515 Ptolom.
1657 2471 1750 2516 aut

170 2530 355 2594 Gallos,
381 2532 532 2600 juxta
554 2530 890 2585 Cedrenum.

231 2600 462 2671 Deletus,
493 2619 589 2656 nec
635 2601 897 2670 sepultura
925 2601 1123 2670 quidem
1154 2602 1315 2670 potuit
1346 2605 1606 2658 honorari.
1646 2604 1749 2657 Pro

172 2689 269 2735 nec,
292 2675 499 2727 mallem
530 2689 598 2727 ne
622 2688 641 2726 :
663 2674 741 2726 sic
763 2687 946 2740 supra,
978 2686 1097 2743 cap.
1145 2675 1232 2727 tt.
1271 2671 1340 2726 Ut
1379 2690 1438 2726 ne
1475 2676 1751 2743 sepultura:

171 2744 350 2813 quidem
373 2745 615 2798 locus....
651 2752 939 2814 appareret.
974 2742 1116 2798 Decii
1155 2759 1347 2798 necem
1391 2742 1582 2798 ultioni
1608 2761 1745 2814 quo-

172 2812 264 2883 que
285 2815 471 2869 divinae
493 2817 746 2870 tribuunt
773 2812 1070 2882 Cyprianus
1101 2815 1254 2885 initio
1279 2815 1400 2869 libri
1431 2816 1498 2870 de
1532 2812 1745 2885 Lapsis,

172 2894 220 2939 et
242 2885 303 2940 ad
336 2888 758 2949 Demetrianutn,
795 2899 892 2938 nec
920 2899 1024 2938 non
1052 2884 1409 2955 Hieronymus
1434 2888 1488 2940 in
1517 2884 1744 2941 Zachar.

171 2969 267 3009 xrv.
296 2955 435 3012 Inter
467 2957 693 3026 paludes
720 2955 862 3010 enim
892 2958 1086 3023 victus,
1114 2969 1236 3010 cum
1265 2958 1504 3012 exercitu
1539 2958 1749 3014 deletus

172 3036 260 3089 est,
299 3043 362 3082 ex
394 3027 616 3082 Aurelio
653 3027 884 3080 Victore.

239 3083 301 3152 Ut
332 3100 519 3152 hostem
561 3097 662 3151 Dei
692 3099 971 3166 oportebat.
1007 3097 1233 3152 Locutio
1263 3097 1628 3163 Lactantiana,
1654 3099 1749 3155 lib.
1779 3083 1824 3146 C

175 3168 234 3240 de
257 3168 330 3222 Ira
359 3171 471 3234 Dei,
499 3169 728 3240 cap.rt9
753 3186 766 3221 :
793 3169 855 3222 Si
884 3178 958 3223 est
986 3169 1249 3240 providus,
1276 3178 1329 3223 ut
1350 3180 1545 3239 oportet
1570 3170 1750 3227 Deum.

179 3239 452 3312 Utrobique
489 3239 688 3310 supple
712 3256 838 3312 esse.

240 3307 712 3380 Non'niultmpost
769 3307 1086 3364 Valerianus.
1137 3314 1262 3366 Post
1310 3321 1513 3380 septem
1559 3329 1749 3368 annos.

175 3380 292 3436 Nam
314 3397 453 3438 anno
479 3383 689 3437 Christi
708 3381 816 3435 9.57
843 3383 1036 3447 sieviit,
1065 3382 1276 3451 imperii
1305 3385 1384 3435 sui
1407 3383 1462 3436 5.
1491 3384 1750 3439 'l‘omsno.

237 3454 356 3508 Mira
382 3464 526 3518 sunt,
558 3469 684 3523 qua:
707 3452 776 3507 de
807 3454 1070 3507 modestia
1103 3469 1165 3506 ac
1201 3455 1631 3516 mansuetudine.
1665 3472 1753 3510 re-

175 3524 418 3594 liquisque
465 3525 704 3580 suminis
757 3523 1020 3578 Valeriani
1066 3523 1354 3578 virtutibus
1407 3525 1567 3578 tradit
1619 3526 1751 3580 Tre-

178 3595 351 3650 bellius
380 3595 552 3650 Pollio
585 3614 598 3648 :
625 3610 744 3664 quae
771 3595 1158 3649 confirmantur
1201 3597 1361 3649 etiam
1398 3595 1466 3649 ab
1492 3597 1747 3664 Eusebio,

177 3665 257 3735 qui
283 3668 369 3721 lib.
402 3683 472 3721 vn
503 3667 650 3721 Hist.
684 3665 916 3733 Eccles.,
949 3681 1070 3735 cap.
1116 3666 1212 3732 10,
1245 3665 1391 3719 ἰΙΙιιιιι
1441 3667 1525 3722 vel
1574 3684 1639 3722 ex
1687 3683 1754 3724 eo

175 3739 387 3792 maxime
409 3737 777 3796 commendat.
807 3737 950 3806 quod
982 3737 1466 3803 mansuetissimus,
1507 3754 1570 3793 ac
1601 3741 1754 3794 beni-

174 3810 442 3876 gnissimus
484 3810 652 3864 fuerit
678 3822 804 3877 erga
843 3806 1211 3874 Christianos;
1237 3808 1508 3878 additque,
1543 3811 1749 3864 nullum

172 3882 486 3950 superiorum
546 3879 886 3950 Principum,
933 3894 1002 3950 ne
1043 3879 1162 3934 illos
1191 3879 1613 3950 quidemipsos,
1662 3879 1754 3950 qui

173 3947 328 4017 palam
360 3952 654 4006 Christiani
704 3948 868 4004 fuisse
913 3947 1377 4016 dicuntum—tanta
1423 3947 1751 4006 humanitate

172 4033 227 4091 ac
261 4023 632 4077 benevolentia
681 4030 894 4074 nostros
933 4021 1272 4091 complexum
1314 4034 1468 4086 esse,
1499 4031 1749 4089 quantam

171 4088 469 4147 Valerianus
501 4109 618 4162 prte
650 4107 709 4145 se
736 4091 938 4162 ferebat
967 4088 1120 4146 ini—tio
1152 4092 1482 4162 principatus
1517 4088 1632 4155 sui,
1667 4103 1750 4146 to.

169 4169 364 4231 tamque
391 4159 516 4232 ejus
561 4163 820 4217 familiam
860 4159 1184 4217 ChriSIianis
1230 4159 1538 4216 hominibus
1583 4166 1751 4217 abun-

168 4233 329 4296 dasse,
362 4236 432 4288 ita
465 4245 525 4289 ut
549 4235 646 4289 Dei
677 4233 914 4288 Ecclesia
944 4247 1066 4288 esse
1097 4234 1388 4288 videretur.
1423 4233 1528 4287 Sed
1566 4245 1752 4302 postea

168 4302 472 4360 immensum
526 4315 768 4359 mutatus
808 4304 877 4358 ah
922 4304 1043 4371 illo,
1083 4304 1458 4360 crudelissime
1499 4307 1670 4358 saeviit
1699 4307 1750 4359 in

167 4373 515 4440 Christianos;
546 4391 616 4431 ac
649 4392 773 4429 mox
816 4385 1000 4432 secuta
1043 4377 1136 4430 Dei
1184 4391 1396 4433 manus.
1439 4391 1559 4444 quae
1601 4375 1750 4431 illum

167 4447 382 4512 graviter
411 4448 628 4502 afﬂixit.
661 4447 860 4501 BALUZ.

229 4516 292 4570 In
315 4517 499 4572 Deum.
529 4520 655 4584 Ms.,
691 4520 755 4572 In
780 4517 912 4574 Deo.

235 4587 414 4662 Preme.
447 4590 576 4657 Ms.,
617 4589 792 4656 Pene;
823 4607 886 4645 ac
927 4589 1046 4645 ideo
1095 4588 1358 4646 Heuman.
1395 4591 1541 4662 legit,
1577 4591 1752 4662 singu—

168 4658 258 4712 lari
285 4677 491 4728 prorsus
518 4677 684 4730 ptente
708 4678 907 4731 genere.

233 4730 296 4786 Ut
320 4743 446 4788 esset
485 4730 1109 4802 posteris’documentum.
1157 4733 1287 4788 Vide
1325 4749 1486 4802 supra
1534 4749 1654 4802 cap.
1686 4735 1712 4788 1
1735 4772 1752 4796 .

169 4799 432 4858 Distulerat
455 4799 632 4870 pinnas
657 4821 832 4858 eorum
864 4804 1022 4871 Deus,
1070 4815 1124 4858 ut
1150 4806 1314 4860 ederet
1365 4799 1416 4857 in
1455 4822 1538 4858 eos
1570 4799 1754 4874 magna

167 4882 208 4924 e'
235 4875 483 4928 mirabilia
510 4877 764 4946 exernpln,
791 4877 972 4942 quibus
1004 4879 1193 4947 posteri
1221 4877 1486 4940 discerent,
1519 4885 1565 4928 et
1592 4874 1757 4947 Deum

167 4958 263 5017 esse
277 4963 457 5017 unum,
487 4957 537 5000 et
558 4948 792 5002 eumdem
818 4945 1067 5000 uindicem
1092 4947 1250 5017 digna
1289 4947 1520 5003 uidelicet
1549 4945 1756 5016 suppli-

167 5014 242 5066 cia
258 5016 434 5089 impiis
462 5035 526 5070 ac
558 5018 962 5089 persecutoribus
986 5014 1244 5089 inrogarc.

235 5086 566 5142 Adversarios
606 5086 703 5142 Dei
739 5105 935 5158 semper
964 5086 1175 5159 dignam
1206 5088 1391 5143 scelere
1420 5105 1512 5142 suo
1539 5088 1760 5156 recipere

170 5159 455 5212 mercedem.
486 5160 726 5228 Semper,
758 5160 828 5213 ita
854 5175 959 5215 ms.
980 5159 1132 5229 legit,
1155 5159 1208 5215 id
1237 5170 1340 5223 est,
1373 5159 1590 5229 dignam
1623 5173 1759 5213 scm-

173 5242 259 5294 per
276 5243 372 5284 suo
397 5229 610 5285 scelere
633 5230 935 5285 mercedem
961 5228 1052 5284 Dei
1079 5234 1258 5285 hostes
1282 5228 1539 5299 recipere.
1562 5228 1762 5296 Quam-

174 5299 260 5371 vis
275 5315 378 5354 non
408 5301 478 5355 de
505 5303 760 5356 omnibus
804 5302 1237 5371 persecutoribus
1265 5312 1388 5370 agat
1431 5301 1760 5365 Lactantius,

175 5369 264 5442 sed
291 5371 359 5425 de
377 5371 591 5433 multis,
613 5388 746 5441 quos
784 5369 1014 5442 posteris
1045 5374 1099 5427 in
1127 5369 1318 5442 dignae
1333 5373 1551 5426 ultionis
1583 5387 1766 5425 exeni-

179 5441 310 5512 plum
341 5441 618 5498 adducere
641 5447 716 5497 ira
748 5443 925 5498 divina
961 5443 1146 5497 voluit.
1185 5441 1288 5498 l’t'o
1325 5460 1520 5512 semper
1549 5443 1761 5512 antiqui

178 5510 297 5584 editi
331 5514 518 5584 legunt
555 5528 708 5584 saepe,
741 5525 929 5569 contra
970 5515 1127 5570 fidem
1164 5530 1266 5570 ms.

247 5582 377 5646 Quo.
393 5582 534 5651 Ms"
567 5583 738 5649 Quod.

247 5653 436 5722 Sapor.
461 5655 508 5709 is
536 5658 625 5717 qui
641 5673 756 5709 eum
776 5667 994 5724 ceperat.
1028 5655 1102 5711 ιω
1129 5672 1261 5712 mss.
1289 5657 1483 5712 Prisca:
1505 5656 1770 5712 editiones

182 5723 369 5780 habent
396 5727 652 5794 Sapores,
683 5729 803 5793 qui;
834 5723 1003 5783 male.

250 5795 511 5854 lnclinare
536 5795 637 5852 sibi
662 5798 968 5852 ltoinanum.
1004 5797 1118 5853 Non
1143 5799 1389 5857 stratoris
1410 5797 1644 5858 cilicium
1679 5813 1774 5858 ex-

672 5892 948 5955 Ριτιιοι..
994 5892 1106 5956 VII

1860 1966 2077 2056 bibebat
2106 1968 2658 2056 SaporimValerianus
2687 1989 2701 2027 :
2727 1973 2822 2028 sed
2856 1977 3012 2045 plane
3056 1981 3228 2036 vicem
3271 1995 3455 2056 stape-

1856 2037 2082 2120 disha'nt
2113 2042 2282 2120 scalze
2303 2039 2376 2120 illi
2412 2041 2466 2120 in
2497 2058 2696 2120 equum
2725 2037 3021 2120 ascensum
3061 2037 3457 2120 prtestebatfut

1855 2108 2126 2191 colligitur
2161 2124 2235 2191 es.
2257 2111 2407 2191 Actis
2433 2112 2489 2166 S.
2518 2108 2696 2191 Pontii
2738 2114 3006 2191 Martyris,
3045 2108 3163 2191 cap.
3198 2108 3457 2183 243W:

1856 2179 2081 2256 lerianus
2121 2182 2312 2256 scilicet
2343 2180 2636 2251 Imperator
2657 2186 2711 2256 in
2739 2179 3078 2256 captivitatem
3106 2179 3335 2252 ductusa
3356 2179 3458 2253 δῆν
3493 2183 3500 2193 ’

1856 2266 2000 2331 pore,
2027 2251 2162 2330 Rege
2189 2249 2490 2331 Persarum,
2519 2270 2620 2309 non
2641 2249 2839 2331 gladio,
2863 2264 2953 2314 sed
2976 2263 3200 2318 ludibrio
3224 2249 3460 2326 omnibus

1855 2320 2034 2409 diebus
2063 2327 2176 2375 vita:
2201 2339 2309 2409 at!!!
2347 2325 2525 2409 merita
2552 2320 2662 2394 pro'
2676 2320 2833 2396 factis
2850 2335 3112 2409 percepit;
3141 2338 3209 2388 ita
3241 2320 3456 2409 atque:

1856 2393 2202 2473 tienscumque
2230 2393 2341 2448 Rea:
2367 2393 3122 2473 Saporequumconscendere
3160 2393 3456 2473 vellet,'non

1855 2464 2088 2552 tthnibus
2115 2467 2270 2545 .ejus,
2313 2467 2400 2518 sed
2430 2464 2692 2552 incurvato
2737 2470 3006 2552 ἄπεστι-ει
3049 2477 3099 2528 in
3129 2464 3325 2532 cervice
3347 2464 3460 2552 ejus

1858 2533 2200 2621 'p‘edegposito,
2229 2537 2608 2621 equo‘i‘nembora
2638 2539 2848 2621 locaret.
2885 2542 3274 2621 _Sitnilia_tradit
3304 2533 3457 2621 litigo

1857 2603 2215 2688 [floriacensis
2264 2603 2317 2688 iis
2363 2609 2631 2688 Chronico
2667 2627 2682 2662 :
2726 2608 3026 2688 Vnalerianus
3071 2616 3167 2670 Dei
3214 2603 3459 2688 prasiti’io

1857 2675 2148 2755 destitutus,
2179 2692 2212 2755 ᾳ
2253 2675 2390 2755 {iege
2425 2675 2703 2755 Persarum
2741 2679 2942 2752 Sapore
2988 2675 3261 2755 captus..'..
3292 2675 3457 2747 donec

1857 2745 2001 2824 vixit,
2027 2745 2394 2824 liancjnfaniis
2421 2748 2568 2818 oﬂicii
2601 2765 2801 2819 pronam
2818 2745 3026 2824 semper
3051 2745 3186 2822 tulit,
3219 2769 3276 2812 ut
3299 2745 3456 2816 aeoli;

1854 2816 2321 2894 nisliumi_ltegent
2349 2816 2697 2886 escensurum,
2728 2837 2834 2876 non
2857 2816 3035 2894 manu,
3073 2816 3343 2886 sed'dorso
3377 2844 3456 2888 at-

1856 2887 2074 2940 tolleret.
2113 2887 2308 2943 Bsz.

1929 2958 2238 3031 (lanienam.
2268 2960 2322 3013 In
2350 2974 2478 3024 ms.,
2507 2959 2828 3031 Romanam;
2857 2967 3133 3024 mendose.

1931 3030 2196 3102 imposito.
2223 3031 2279 3084 In
2311 3047 2414 3102 ms.
2448 3031 2719 3102 imposita;
2758 3030 2917 3091 male.

1932 3101 2106 3177 Supra
2127 3103 2354 3177 dorsum.
2391 3101 2462 3154 Ita
2496 3119 2619 3177 ms.,
2654 3105 2746 3177 sed
2779 3106 3036 3177 breviatis
3062 3111 3274 3170 litteris.
3307 3117 3455 3175 lianc

1860 3171 2140 3226 historiam
2159 3173 2503 3227 Heumannus
2531 3175 2582 3228 in
2608 3176 2828 3230 dubium
2858 3171 3091 3236 revocat.
3114 3185 3311 3240 Priscze
3337 3171 3457 3244 edi:

1859 3245 2038 3322 ti_0nes_
2061 3245 2257 3298 habent
2278 3259 2584 3322 ’.δωρεὴ-τ·-
2608 3245 2858 3322 Imposito
2898 3253 3026 3319 pede
3051 3269 3209 3322 super
3243 3259 3457 3314 dorsum

1856 3316 1988 3399 ejus.
2020 3314 2075 3396 in
2103 3330 2236 3399 niss.
2270 3314 2468 3399 Supra.
2492 3314 2718 3399 Nonius
2745 3337 2771 3399 :_
2791 3314 2918 3382 Quis
2949 3314 3208 3399 unquam,
3251 3332 3451 3399 inquit,

1858 3386 2066 3452 phrasin
2093 3386 2212 3438 huic
2243 3386 2458 3439 similem
2497 3389 2549 3438 in
2588 3389 2714 3442 ueris
2739 3388 2996 3445 Lactantii
3030 3386 3174 3450 libris
3197 3386 3456 3454 Ianiritad-v-

1857 3458 2041 3509 vertit?
2083 3456 2196 3525 Ego
2228 3472 2356 3510 vero
2382 3459 2525 3521 dico,
2556 3457 2894 3515 Lactantium
2926 3481 3031 3518 non
3063 3457 3358 3525 abhorrere
3383 3473 3453 3527 ab

1856 3530 2253 3595 styloantiqute
2282 3529 2563 3598 versionis.
2607 3539 2662 3584 et
2705 3531 2922 3598 phrasin
2963 3533 3089 3589 huic
3133 3540 3364 3595 similem
3394 3543 3450 3598 in

1859 3599 2284 3683 veris_l.actantii
2313 3597 2482 3683 libris
2509 3597 2892 3683 animadverti,
2923 3605 3016 3657 lib.
3055 3622 3110 3660 tv
3137 3607 3293 3683 l_nst.,
3325 3597 3448 3683 cap,

1954 3690 1965 3746 ξ
1995 3669 2252 3746 [inponite
2277 3667 2758 3746 cidarimqmundam
2784 3689 2937 3742 super
2958 3686 3111 3738 caput
3153 3667 3350 3746 ipsius;
3392 3667 3454 3739 'et

1859 3737 1988 3816 ibid,
2021 3739 2134 3816 :AEt
2171 3749 2447 3816 posuerunt
2468 3740 2680 3816 cidarim
2715 3737 2870 3816 super
2904 3737 3060 3812 caput
3080 3737 3210 3816 ejus.
3244 3737 3448 3808 Eodem

1858 3811 2017 3893 modo
2036 3809 2199 3880 Cypr.
2233 3812 2267 3862 l.
2295 3825 2348 3863 tl.
2382 3811 2594 3892 Quiriti.
2625 3827 2675 3866 c.
2823 3809 2986 3893 Curt._
3006 3809 3206 3893 lihgix,
3230 3836 3350 3893 cap.
3375 3824 3405 3876 7
3433 3842 3447 3878 :

1855 3877 2048 3953 Pedem
2083 3877 2236 3953 super
2265 3881 2504 3953 cervicem
2529 3882 2737 3947 iacentis
2767 3877 3025 3953 imposuit.
3067 3877 3197 3944 Βυηξ

1927 3950 2201 4031 Triumphi
2236 3950 2570 4032 θεηιισηιίωο
2622 3950 2922 4035 addidimus
2968 3960 3130 4014 verba
3171 3972 3446 4035 tamquam

1857 4026 2182 4086 necessaria,
2213 4022 2461 4090 quamvis
2490 4039 2592 4075 non
2622 4023 2867 4092 legantur
2898 4028 2952 4081 in
2983 4044 3083 4083 nis.

1933 4092 2262 4162 Eaprobrans
2285 4092 2350 4145 ei.
2385 4092 2461 4147 ita
2492 4109 2593 4147 ms.
2625 4097 2690 4157 ei,
2715 4110 2822 4151 non
2849 4108 2916 4151 et.

1929 4163 1995 4218 In
2023 4164 2208 4245 tabulis
2238 4173 2325 4245 aut
2365 4165 2662 4245 parietibus.
2711 4165 2828 4245 Mos
2869 4169 2994 4245 olim
3022 4170 3122 4245 fuit
3147 4175 3451 4245 principum

1855 4249 2005 4308 gesta
2036 4236 2088 4308 in
2122 4235 2317 4308 tabulis
2339 4235 2491 4308 pingi
2537 4244 2588 4308 et
2619 4235 2670 4290 in
2718 4239 3014 4306 parietibus
3059 4235 3339 4300 illustrari:
3363 4249 3452 4304 Sic

1855 4303 2189 4377 Capitolinus
2239 4307 2290 4359 in
2337 4303 2654 4378 Mattimino,
2701 4303 2820 4378 cap.
2871 4311 2998 4365 ηας
3042 4312 3207 4368 Jussit
3250 4303 3452 4375 tabulas

1857 4374 1996 4450 pingi
2029 4379 2120 4442 ita,
2148 4387 2204 4430 ut
2233 4385 2340 4429 erat
2362 4374 2551 4450 bellum
2578 4378 2746 4450 ipsum
2769 4374 3008 4449 'gestum,
3037 4393 3084 4437 et
3111 4395 3228 4439 ante
3255 4374 3451 4445 curiam

1779 4474 1833 4537 D
1857 4448 2094 4537 proponi,
2125 4451 2344 4537 utfactg
2384 4448 2494 4537 eius
2518 4449 2735 4537 pictura
2763 4448 3052 4522 loqueretur
3073 4470 3093 4509 :
3118 4457 3243 4514 vide
3283 4460 3447 4518 etiam

1859 4517 2241 4582 Herodianun‘i,
2275 4517 2366 4572 lib.
2398 4533 2477 4583 tit,
2508 4534 2627 4587 cap.
2659 4521 2712 4574 9.

1930 4592 2058 4646 Ille.
2079 4590 2176 4644 Ms.
2209 4588 2356 4653 Illaz,
2385 4589 2662 4645 mendose.

1930 4662 2237 4734 Dignissime
2263 4661 2626 4726 triumphatas.
2647 4660 2988 4734 Dignissime,
3019 4667 3225 4724 scilicet
3249 4679 3304 4726 ut
3332 4688 3450 4730 me-

1859 4732 2113 4808 rebatur;
2139 4733 2482 4808 triumphatas
2515 4732 2748 4808 passive.
2783 4732 2966 4804 Itaque
3004 4752 3110 4790 non
3142 4740 3358 4808 mirum,
3402 4748 3449 4800 si

1861 4803 2351 4884 infra_triumpliare
2390 4802 3028 4884 iungeritputuquarto
3071 4822 3242 4884 casu,
3268 4826 3317 4866 c.
3343 4802 3444 4872 ⁷16.

1861 4878 2104 4932 saeculum
2158 4890 2274 4926 cum
2329 4875 2436 4927 suis
2483 4872 2755 4925 terroribus
2805 4872 3150 4943 triumphasti.
3191 4872 3454 4942 Similiter

1861 4945 2170 5006 Lactantius
2197 4944 2404 5007 scribit,
2453 4952 2733 4996 catenatum
2758 4955 2968 4998 mortem
3013 4964 3130 5000 cum
3156 4951 3264 5004 suis
3289 4963 3453 5009 terro-

1862 5018 2004 5092 ribus
2045 5017 2400 5092 triumpbaret,
2430 5015 2522 5092 lib.
2555 5029 2634 5092 tv,
2664 5029 2715 5069 c.
2745 5015 2816 5092 2_6
2850 5033 2876 5092 :_
2895 5015 3230 5092 Triumphum
3256 5027 3454 5092 seculo,

1866 5090 2098 5165 Epitom.
2129 5102 2178 5140 c.
2213 5088 2301 5146 66.
2326 5086 2551 5165 captiuos
2571 5085 2918 5165 triumphauit,
2949 5104 3005 5165 (ι.Δ
3027 5090 3119 5165 ιβ,
3149 5085 3457 5165 triumphari

1867 5157 2007 5224 deos,
2038 5158 2328 5220 Dannonas,
2360 5171 2409 5209 c.
2453 5157 2543 5216 5t.
2575 5166 2761 5208 terram
2791 5157 3141 5226 triumphabit.
3174 5157 3450 5223 Divflnst.

1869 5233 1906 5286 l.
1939 5248 2032 5294 v1,
2065 5246 2114 5284 c.
2147 5229 2240 5283 ‘25.
2276 5226 2537 5281 Valeriani
2563 5227 2794 5280 servitus
2827 5227 2925 5282 fuit
2953 5230 3138 5285 decem
3171 5250 3456 5293 annorum.

1942 5301 2071 5355 Cum
2097 5302 2262 5368 [ilium
2295 5299 2495 5377 haberet
2518 5296 2904 5377 [tripertitorem_.
2929 5300 3232 5377 Gallienum
3265 5322 3460 5377 nempe

1871 5367 2164 5437 seniorem,
2187 5385 2344 5440 quem
2372 5368 2486 5440 jam
2512 5372 2580 5420 ah
2608 5384 2751 5422 anno
2775 5367 2973 5425 Christi
3001 5372 3100 5427 25!
3132 5373 3328 5431 fecerat
3359 5367 3462 5433 ltit-

1875 5444 2006 5512 perii
2035 5439 2366 5504 consortem,
2399 5439 2600 5508 quique
2625 5448 2793 5512 capto,
2813 5451 2984 5508 patre,
3012 5443 3159 5498 solus
3188 5462 3283 5511 per
3324 5452 3465 5504 mul-

1877 5511 1959 5568 tos
1983 5528 2154 5567 annos
2169 5526 2431 5566 summam
2457 5526 2634 5588 rerum
2658 5511 3082 5588 administravit;
3112 5531 3208 5588 nec
3233 5534 3464 5588 unquam

1875 5601 1997 5656 etim
2029 5600 2056 5637 a
2087 5593 2447 5656 persecutore
2463 5581 2731 5656 vindicare
2768 5582 2951 5656 voluit,
3003 5585 3123 5638 licet
3170 5581 3431 5645 Bactriani
3452 5632 3469 5656 ,

1879 5655 2074 5714 Hiberi,
2109 5652 2293 5707 Albani
2324 5663 2371 5706 et
2391 5652 2773 5725 iTauroscytha:
2797 5653 2995 5725 auxilia
3020 5657 3208 5724 fuerint
3239 5652 3477 5725 polliciti,

1878 5727 1946 5782 ad
1994 5725 2320 5778 Valerianum
2365 5724 2428 5776 de
2479 5724 2770 5793 captivitate
2803 5721 3159 5793 liberandum,
3193 5721 3249 5783 ut
3294 5721 3484 5792 scribit

1879 5796 2178 5857 Trebellius
2210 5794 2382 5858 Pollio
2410 5795 2464 5854 in
2502 5791 2788 5849 Valeriano
2818 5795 3052 5851 seniore.

2986 5889 3024 5951 7
