3960 6336
213 337 319 398 209

1371 335 1576 394 LIBER
1615 335 1704 391 DE
1745 332 1955 391 MOB'I‘.
1997 331 2379 392 PERSECUT.

3421 336 3530 391 210

213 468 468 511 reversus
516 467 642 510 cum
696 452 881 526 praeda
928 459 983 508 et
1025 451 1296 507 manubiis
1333 450 1672 522 ingentibus,
1720 447 1821 503 sibi
1849 448 1903 509 Α
1931 463 2025 517 pro
2054 448 2349 504 sceleribus
2377 449 2488 504 suis
2519 449 2652 505 nihil
2684 465 2790 505 non
2841 460 3165 518 mereretur,
3208 451 3410 507 tamdiu
3442 459 3528 506 ta-

212 549 391 603 attulit
432 548 783 618 superbiam,
837 546 1172 602 Diocletiano
1225 547 1494 601 timorem.
1549 544 1604 598 In
1648 553 1827 598 tantos

213 655 451 710 namque
477 641 648 696 fastus
677 648 802 712 post
844 639 983 694 hanc
1031 639 1313 693 victoriam
1341 637 1581 692 elevatus
1619 643 1736 699 est,
1770 642 1829 688 ut

207 733 316 804 jam
344 731 691 789 detrectaret
714 731 947 786 Caesaris
976 745 1199 788 nomen.
1237 730 1390 800 Quod
1419 746 1540 786 cum
1587 731 1640 784 in
1688 729 1829 784 litte—

211 825 285 880 ris
319 824 390 880 ad
421 840 484 881 se
523 825 668 880 datis
717 825 990 892 audisset,
1025 824 1166 880 truci
1197 823 1349 879 vultu
1391 838 1454 878 ac
1496 837 1632 878 voce
1667 823 1828 878 terri-

212 915 302 971 bili
333 917 683 972 exclamabat
712 935 726 971 :
760 917 1048 984 Quousque
1087 916 1319 973 Cassa?
1345 914 1552 970 Exinde
1587 914 1825 970 insolen-

214 1007 423 1064 tissime
458 1023 626 1080 agere
657 1009 826 1080 coepit
846 1051 862 1076 ,
893 1017 952 1063 ut
979 1025 1046 1064 ex
1068 1007 1238 1063 Marte
1266 1022 1326 1063 se
1351 1016 1724 1079 procreatum,
1768 1015 1826 1063 et

211 1101 424 1170 videri,
453 1109 514 1158 et
542 1101 649 1158 dici
679 1101 881 1165 vellet,
917 1109 1188 1171 tamquam
1217 1101 1448 1155 alterum
1497 1099 1820 1165 Romulum;

209 1192 511 1262 maluitque
563 1191 852 1247 Romulam
911 1201 1140 1247 matrem
1185 1202 1374 1262 stupro
1431 1189 1735 1258 infamare,
1766 1198 1826 1247 ut

206 1282 325 1353 ipse
363 1282 474 1337 diis
509 1284 776 1338 oriundus
813 1282 1108 1339 videretur.
1158 1282 1265 1339 Sed
1310 1282 1502 1339 differo
1546 1283 1615 1339 de
1664 1281 1819 1340 factis

205 1375 324 1444 ejus
351 1373 572 1439 dicere,
624 1390 694 1432 ne
737 1374 1065 1430 confundam
1119 1383 1381 1446 tempora.
1430 1373 1623 1430 Postea
1668 1373 1815 1430 enim

201 1482 365 1537 quam
395 1482 598 1524 nomen
624 1467 975 1539 Imperatoris
995 1469 1234 1540 accepit,
1267 1477 1432 1524 exuto
1459 1483 1671 1535 socero,
1701 1479 1813 1526 tum

202 1557 426 1614 demum
470 1559 656 1616 furere
683 1560 851 1631 coepit
868 1600 886 1628 ,
915 1568 972 1616 et
993 1568 1344 1615 contemnere
1370 1561 1572 1615 omnia.
1607 1559 1820 1615 Diocles

203 1649 327 1721 (sic)
347 1651 500 1707 enim
529 1660 660 1708 ante
688 1652 978 1723 imperium
1009 1652 1342 1708 vocabatur:
1372 1665 1495 1706 cum
1523 1650 1817 1723 rempubli-

199 1757 318 1798 cam
349 1743 557 1800 talibus
581 1745 827 1801 consiliis
851 1750 909 1801 et
936 1743 1131 1799 talibus
1171 1743 1336 1799 sociis
1360 1752 1663 1810 everteret,
1691 1757 1815 1799 cum

1931 554 2054 594 men
2087 553 2295 594 summa
2323 541 2577 596 felicitate
2605 543 2869 612 regnavit,
2903 542 3160 612 quamdiu
3189 559 3377 597 manus
3403 557 3532 602 suas

1927 631 2196 700 justorum
2227 632 2487 703 sanguine
2516 649 2623 689 non
2654 634 2976 704 inquinaret.
3020 634 3193 700 Quam
3232 649 3365 690 vero
3392 649 3524 691 cau-

1928 737 2042 778 sam
2077 724 2439 793 persequendi
2464 725 2711 780 habuerit
2728 767 2744 792 ,
2773 740 3061 795 exponam.

2699 816 2768 872 Χ.

1999 911 2133 967 Cum
2162 920 2348 983 ageret
2373 913 2426 967 in
2464 911 2705 981 partibus
2734 912 2974 967 Orientis
2996 953 3009 976 ,
3062 921 3116 966 ut
3148 921 3265 968 erat
3310 925 3410 982 pro
3459 912 3528 966 ti-

1928 1021 2082 1063 more
2107 1015 2374 1062 scrutator
2411 1020 2588 1061 rerum
2628 1005 2959 1069 futurarum,
2996 1004 3310 1061 immolabat
3356 1017 3520 1072 pecu-

1928 1099 2056 1166 des,
2088 1107 2143 1153 et
2168 1098 2220 1152 in
2246 1097 2521 1167 jecoribus
2550 1111 2734 1151 earum
2783 1104 3010 1152 ventura
3057 1097 3352 1166 qumrebat.
3383 1097 3526 1153 Tum

1930 1191 2146 1262 quidam
2179 1189 2547 1245 ministrorum
2578 1190 2812 1245 scientes
2844 1189 3126 1244 Dominum
3147 1229 3160 1252 ,
3191 1205 3314 1244 cum
3353 1189 3530 1245 adsis-

1931 1291 2108 1338 terent
2150 1280 2490 1349 immolanti,
2530 1281 2903 1350 imposuerunt
2950 1279 3215 1336 frontibus
3263 1282 3376 1336 suis
3425 1283 3526 1336 im-

1924 1375 2154 1430 mortale
2185 1376 2419 1446 signum.
2447 1376 2565 1443 Quo
2586 1375 2726 1429 facto
2747 1415 2762 1439 ,
2806 1374 3002 1445 fugatis
3030 1374 3368 1429 daemonibus
3391 1417 3406 1442 ,
3436 1387 3526 1431 sa-

1923 1482 2013 1522 cra
2045 1467 2256 1523 turbata
2281 1476 2426 1521 sunt.
2458 1466 2822 1537 Trepidabaut
2846 1467 3156 1537 aruspices,
3197 1481 3297 1522 nec
3334 1468 3526 1525 solitas

1924 1561 1976 1616 in
2004 1561 2145 1616 extis
2175 1569 2329 1614 notas
2357 1560 2638 1625 videbant;
2670 1569 2727 1616 et
2761 1560 2912 1631 quasi
2950 1575 3056 1616 non
3090 1560 3367 1627 litassent,
3411 1577 3522 1617 sa:-

1923 1654 2044 1724 pius
2071 1653 2441 1708 immolabant.
2477 1652 2676 1708 Verum
2720 1652 3012 1709 identidem
3046 1663 3293 1708 mactatae
3324 1653 3518 1710 hostia:

1923 1745 2058 1801 nihil
2107 1745 2493 1812 ostendebant,
2552 1745 2725 1802 donec
2771 1745 3028 1815 magister
3075 1745 3166 1801 ille
3207 1746 3524 1816 aruspicum

1575 1883 1933 1942 VARIORUM
1969 1885 2197 1942 NOTAE.

271 1996 518 2072 Eleuatus
557 2008 668 2072 est.
732 1997 1086 2054 Heumannus
1148 1997 1421 2054 existimat
1466 1997 1808 2055 Laclantium
1837 2007 1888 2068 Β
1914 2011 2024 2056 rent
2053 2001 2148 2056 Dei
2178 2004 2443 2072 templum.
2473 2001 2638 2058 Balus

198 2068 487 2136 scripsisse
517 2068 685 2125 elatus
711 2079 806 2125 est.
959 2129 962 2131 _

271 2137 611 2194 Detrectaret.
645 2140 718 2195 Ita
751 2141 838 2196 hic
866 2154 969 2196 ms.
1003 2139 1208 2205 codex;
1241 2139 1366 2196 alibi
1396 2143 1718 2196 detractaret.

267 2209 337 2264 In
367 2211 552 2265 litteris
580 2212 650 2264 ad
678 2228 733 2266 se
762 2213 895 2266 datis
923 2211 1166 2266 audisset.
1221 2210 1475 2266 Audisset
1523 2213 1812 2268 Diocletia-

200 2295 302 2335 nus
314 2297 381 2336 ex
399 2281 1102 2340 litterisGalerii.Cat.L.—
1131 2282 1245 2336 lmo
1272 2281 1518 2338 Galerius
1547 2283 1810 2350 audisset,

195 2355 310 2408 sive
343 2352 592 2408 vidisset.
626 2354 758 2410 Bon.

270 2423 553 2492 Quousque
596 2423 812 2480 Casar?
842 2425 1129 2482 Ambiebat
1169 2425 1311 2478 enim
1344 2423 1589 2479 Galerius
1618 2423 1804 2479 vocari

194 2503 248 2549 et
295 2511 420 2549 esse
468 2495 768 2566 Imperator
813 2506 869 2550 et
898 2499 1170 2566 Augustus
1192 2538 1206 2560 ,
1242 2494 1291 2548 id
1323 2506 1403 2550 est
1439 2495 1668 2566 primum
1702 2497 1802 2550 ba-

192 2566 323 2691 ?ere
384 2567 602 2631 locum;
653 2565 829 2622 C(esar
877 2568 1020 2624 enim
1067 2583 1172 2621 non
1223 2574 1368 2632 erat,
1420 2565 1521 2619 nisi
1563 2567 1806 2622 secundo

214 2650 338 2690 oco.

214 2650 338 2690 000.

271 2706 342 2781 Ut
372 2724 438 2781 ea;
465 2707 636 2781 Marte
661 2726 715 2764 se
744 2719 1084 2781 procreatum.
1115 2707 1358 2763 Imitatus
1387 2705 1798 2781 Diocletianum,

194 2778 291 2860 qui
318 2794 382 2834 se
410 2777 1002 2860 Jovium;__et'alterum
1033 2781 1442 2860 ngimianunt,
1474 2781 1565 2848 qui
1598 2779 1804 2860 Hercu-

189 2847 354 2922 lium,
388 2851 544 2922 quasi
572 2867 602 2905 a
632 2851 738 2907 diis
767 2852 1200 2922 progenitoribus
1221 2892 1236 2915 ,
1269 2847 1801 2922 appellaverunt.De

190 2916 420 2975 Galerio
442 2921 587 2990 Epit.
644 2916 895 2986 Victoris:
928 2937 1050 2994 cap.
1095 2922 1165 2994 5:]
1211 2939 1224 2975 :
1262 2916 1620 2994 lsi—insolenter
1647 2921 1802 2994 αῖβντ

190 3007 335 3062 mare
381 3008 542 3045 ausus
570 3003 676 3058 est,
709 3004 922 3048 matrem
953 2990 1093 3048 more
1124 2990 1482 3062 Olympiadis,
1513 2990 1798 3046 Alexandri

189 3059 377 3135 Magni
391 3065 712 3135 _creatricis,
760 3081 1105 3135 compressam
1149 3059 1406 3128 dracone,
1436 3072 1589 3117 semet
1617 3079 1798 3117 conce-

190 3106 345 3200 pissae.
379 3132 546 3188 CELL.
695 3106 712 3131 ’
791 3106 817 3120 ν
876 3106 907 3135 Γ
1391 3106 1406 3128 ’
1821 3106 1867 3170 C

263 3201 566 3259 Romulam.
601 3205 728 3260 Haec
755 3214 873 3261 erat
899 3205 1100 3262 Galerii
1128 3213 1319 3270 mater,
1344 3219 1374 3257 a
1396 3219 1500 3274 qua
1527 3202 1796 3259 Romulia-

187 3290 314 3346 num
345 3276 602 3346 oppidum
641 3276 738 3330 fuit
766 3278 1118 3346 appellatum.

264 3343 456 3420 Postea
487 3349 621 3400 enim
649 3343 824 3420 quam.
843 3343 951 3420 Sic
979 3364 1099 3418 cap.
1134 3348 1168 3402 5
1206 3364 1222 3402 :
1254 3346 1453 3420 Postea
1471 3362 1586 3420 ηενρ
1614 3362 1792 3415 quam.

183 3413 307 3478 Lib.
342 3414 582 3542 thlnst.,
624 3413 674 3472 cl
722 3419 806 3474 l5.
855 3413 1060 3473 Postea'
1084 3434 1200 3474 vero
1244 3413 1600 3471 animaduersa
1628 3413 1790 3484 sunt,

183 3503 364 3542 quam.
445 3505 529 3542 ΠΝ.

220 3505 339 3540 nam
351 3527 364 3538 .
401 3505 529 3542 DUN.

220 3505 364 3540 ιιαηι.
401 3503 529 3542 βυΝ.

183 3503 216 3556 q
260 3556 438 3611 Eanto
468 3576 663 3614 socero.
717 3559 773 3614 Id
804 3571 918 3624 est,
954 3570 1234 3628 postquam
1268 3558 1632 3613 Diocletianus
1663 3574 1793 3628 pur-

187 3643 324 3696 pura
357 3641 516 3700 exuta
557 3647 616 3686 se
648 3633 877 3700 Imperio
903 3632 1206 3698 abdicavit,
1234 3641 1292 3688 et
1330 3630 1573 3686 Galerius
1620 3629 1796 3699 [mpe-

184 3709 334 3771 [διον
365 3699 538 3757 factus
562 3710 667 3757 est.
700 3699 903 3758 Eadem
945 3712 1030 3758 est
1077 3701 1328 3771 loquendi
1359 3703 1496 3755 ratio
1523 3699 1660 3768 apud
1694 3715 1794 3754 nos

183 3768 407 3844 Gallos;
453 3771 683 3828 dicimus
730 3774 874 3844 enim
925 3774 1084 3844 vulgo
1110 3768 1262 3844 {Cet
1292 3772 1652 3844 hom_me__s‘est
1698 3771 1793 3824 ἀέ-

185 3842 386 3912 pouillé
413 3861 548 3914 puur
575 3862 670 3898 son
699 3843 802 3912 ﬁls.
840 3845 932 3900 Sic
959 3841 1176 3914 et'iufra
1208 3859 1328 3912 cap.
1365 3842 1456 3914 lt).
1489 3841 1582 3914 vel
1613 3844 1792 3910 potius

181 3921 338 3965 exuto
368 3929 571 3976 socero,
607 3915 657 3968 id
681 3925 762 3970 est
782 3959 796 3980 ,
827 3927 1106 3984 postquam
1130 3913 1376 3971 Galerius
1402 3913 1792 3984 Diocletianum

182 3986 366 4053 coegit
399 3986 634 4068 imperio
678 3982 906 4052 cedere,
955 3982 1012 4040 ut
1056 3986 1192 4040 infra
1222 4001 1273 4040 c.
1308 3985 1395 4039 18.
1430 3984 1617 4048 initio,
1648 3982 1791 4054 quod

183 4065 262 4108 (281
297 4065 524 4110 l'tTCllllS.

261 4125 376 4180 Sic.
413 4127 564 4181 Hanc
595 4127 911 4196 particulam
957 4124 1324 4197 supplevimus
1367 4140 1488 4197 eum
1534 4121 1786 4197 Cupcro,

182 4195 303 4251 sine
333 4213 441 4266 qua
491 4195 680 4253 manca
710 4208 795 4252 est
821 4195 1126 4253 oratio.‘lta
1156 4213 1274 4266 cap.
1312 4197 1377 4252 19
1408 4195 1543 4250 infra
1588 4213 1601 4249 :
1654 4195 1793 4248 Huic

183 4283 475 4338 purpuram
529 4267 884 4323 Diocletianus
931 4271 1103 4338 injecit
1143 4285 1324 4333 suam,
1372 4284 1474 4338 qua
1521 4283 1573 4320 se
1617 4268 1790 4331 exuit;

181 4335 399 4412 Diocles
427 4340 616 4412 iterum
643 4343 807 4412 factus
834 4351 926 4395 est.

264 4406 654 4492 Persequendi.‘
675 4411 824 4467 Adde
853 4427 948 4468 eos
965 4453 981 4477 ,
1008 4411 1058 4466 id
1083 4420 1166 4466 est
1188 4411 1364 4480 juStos
1381 4450 1396 4477 ,
1420 4406 1562 4479 quod
1587 4423 1786 4462 nomen

182 4495 309 4550 mox
349 4493 646 4550 praecessn.

261 4549 440 4615 Quum
484 4563 673 4621 ageret.
717 4552 876 4608 Amat
923 4555 1060 4608 banc
1106 4553 1430 4608 locutionem
1479 4551 1581 4605 hoc
1628 4565 1792 4605 sensu

183 4619 340 4675 Lact.
376 4624 470 4676 lib.
505 4619 595 4689 tv,
625 4639 743 4694 cap.
787 4623 876 4678 27.
921 4625 1010 4680 tibi
1052 4624 1239 4680 eadem
1281 4639 1404 4687 res,
1452 4631 1508 4678 et
1557 4621 1646 4678 lib.
1697 4638 1788 4688 tv,

183 4707 309 4762 cap.
340 4695 435 4750 2'5.
466 4695 600 4750 Buu.

186 4763 373 4886 ἀείρω
401 4766 602 4821 timore.
636 4765 876 4822 Emenda
907 4781 1015 4837 pra:
1041 4766 1256 4827 timore,
1289 4763 1341 4818 id
1370 4773 1488 4827 est,
1521 4779 1630 4834 prae
1658 4763 1794 4817 timi-

227 4852 242 4885 ι
267 4848 374 4886 ate.

227 4845 374 4890 ttate.

269 4908 503 4973 Quidam
531 4907 898 4962 ministrorum
920 4950 933 4970 ,
967 4918 1144 4963 etc....
1192 4905 1257 4960 Et
1286 4905 1370 4960 ltic
1400 4919 1612 4976 quoque
1642 4905 1795 4959 locus

185 4988 381 5050 aperte
431 4978 895 5050 ostendit_librum
929 4982 1240 5050 istumcsse
1271 4977 1555 5050 Lactantii.
1588 4976 1794 5050 Similia

183 5047 334 5106 enim
364 5053 588 5103 cumino
620 5047 733 5118 ipse
765 5049 927 5104 habet
974 5051 1026 5103 in
1075 5049 1212 5102 libro
1249 5063 1306 5102 tv
1347 5047 1577 5103 lnstitut.
1614 5047 1791 5118 Diviu.

184 5137 310 5192 cap.
341 5120 413 5176 27
445 5137 457 5172 :
485 5119 626 5175 Nam
644 5117 773 5174 cum
802 5121 900 5174 diis
928 5121 1036 5174 suis
1064 5119 1436 5192 immolant,si
1463 5118 1675 5192 adsistat
1697 5117 1796 5169 ali-

184 5188 304 5264 quis
336 5192 592 5262 signatam
624 5194 841 5263 frontem
871 5209 1048 5262 gerens
1071 5233 1085 5257 ,
1114 5206 1263 5264 sacra
1285 5191 1427 5244 nullo
1453 5188 1603 5242 modo
1602 5190 1793 5264 litant,

187 5257 283 5319 nec
313 5257 564 5332 responsa
617 5257 779 5327 potest
825 5257 1089 5318 consultus
1132 5261 1342 5315 reddere
1393 5271 1547 5314 uates.
1595 5257 1658 5332 Et
1688 5259 1797 5332 [tare

186 5352 327 5405 stupe
373 5329 827 5405 causa_praacipua
856 5335 1112 5403 justitiam
1141 5333 1470 5403 persequendi
1499 5331 1648 5405 malis
1696 5329 1799 5405 lle-

188 5401 340 5479 gibus
362 5407 490 5479 fuit.
527 5401 658 5479 Cum
687 5401 821 5479 enim
845 5401 1057 5479 quidam
1079 5401 1608 5479 ministrorunt_nostri
1637 5401 1798 5479 sacri-

191 5472 472 5547 ﬁcantibus
504 5475 730 5530 dominis
759 5472 1098 5541 adsisterent,
1149 5473 1387 5542 imposito
1425 5472 1795 5547 [ront_ibus__si-

190 5543 323 5620 gito,
356 5550 480 5601 deos
511 5547 725 5600 illorum
757 5547 1062 5620 fugauerunt
1082 5589 1096 5612 ,
1117 5563 1188 5620 ne
1217 5555 1419 5620 possent
1439 5543 1490 5620 in
1522 5543 1800 5620 visceribus

193 5615 480 5673 hostiarum
533 5620 714 5690 futura
758 5615 1047 5690 depingere.
1100 5616 1250 5690 Quod
1300 5632 1416 5690 cum
1461 5615 1799 5690 intelligerent

189 5693 494 5761 aruspices,
531 5686 898 5756 instigantibus
923 5689 1103 5761 iisdem
1132 5687 1446 5761 diemonibus
1470 5686 1659 5761 quibus
1681 5699 1800 5752 pro-

191 5756 362 5820 secant
383 5803 398 5825 ,
447 5769 818 5829 conquerentes
850 5760 1145 5828 prop/ianos
1188 5759 1415 5812 homines
1460 5756 1620 5812 sacris
1643 5757 1799 5810 inter-

189 5851 327 5902 esse,
359 5828 582 5906 egerunt
637 5828 908 5896 Principes
946 5847 1065 5886 suos
1093 5831 1144 5884 in
1175 5832 1430 5902 furorem,
1459 5839 1513 5882 ut
1539 5841 1800 5899 expugna-

1992 2073 2221 2129 Scienles
2254 2071 2547 2128 Dominum.
2573 2072 2650 2128 Ita
2669 2073 3001 2136 Lactantius,
3025 2072 3212 2128 lib.'vn
3239 2071 3358 2128 Div.
3381 2075 3524 2132 lnst.‘

1919 2159 2039 2213 eap.
2084 2143 2155 2215 :20
2187 2161 2214 2215 A:
2245 2143 2628 2215 Judicabuntur
2656 2161 2776 2215 ergo
2802 2145 2894 2215 qui
2922 2143 3086 2199 Deum
3113 2144 3373 2215 scierunt;
3402 2146 3515 2201 sci-

1921 2215 2046 2287 licet
2071 2213 2383 2287 Christiani.
2408 2245 2480 2256 —
2520 2213 2749 2271 Scientes
2791 2213 3090 2287 Dominum.
3123 2214 3361 2287 Lib._nt,
3392 2231 3518 2287 cap.

1917 2284 2028 2340 29:
2065 2283 2167 2350 Qui
2197 2286 2360 2339 Deum
2395 2287 2590 2350 sciunt;
2618 2297 2676 2340 ut
2703 2287 2796 2341 lib.
2843 2301 2914 2340 vn
2965 2285 3122 2347 lnst.,
3153 2300 3204 2340 c.
3232 2285 3304 2348 20
3343 2302 3357 2339 :
3408 2283 3515 2353 Qui

1920 2355 2199 2410 Dominum
2224 2356 2490 2421 scierunt,
2523 2356 2576 2410 id
2605 2365 2719 2423 est,
2755 2356 2978 2411 Fideles.
3013 2357 3145 2411 BDN.

1976 2425 2279 2481 Immortale
2301 2427 2525 2498 signum.
2557 2427 2868 2482 Lactantius
2898 2427 3012 2498 Div.
3060 2426 3292 2481 lnstitut.
3321 2426 3414 2480 lib.
3451 2440 3512 2482 tv

1903 2511 2026 2568 cap.
2081 2498 2185 2562 27,
2227 2497 2362 2567 quos
2401 2499 2603 2567 signum
2647 2497 2934 2568 immortale
2977 2498 3215 2568 munierit
3261 2506 3508 2566 tanquam

1905 2567 2317 2637 inexpugnabilis
2347 2585 2552 2633 murus,
2585 2578 2690 2624 etc.
2728 2567 2827 2623 Ubi
2856 2568 3170 2622 miraculum
3203 2567 3508 2637 fugatorum

1907 2636 2214 2709 daemonum
2237 2641 2391 2709 signo
2415 2637 2602 2694 Crucis
2633 2639 2819 2694 iisdem
2852 2639 2966 2709 fere
2996 2638 3188 2709 verbis
3201 2636 3442 2709 refertur
3469 2653 3505 2694 a

1905 2708 2204 2764 Lactantio.
2235 2707 2312 2765 De
2342 2709 2499 2779 hujus
2524 2710 2660 2779 signi
2706 2708 2941 2777 potentia
2975 2707 3300 2779 S._Cyri|lus
3345 2707 3505 2779 Jero-

1905 2781 2260 2852 solymitanus
2283 2777 2872 2852 episcopus’Catecbes.
2901 2779 3006 2852 A15:
3036 2777 3346 2847 Trophazum
3372 2777 3504 2834 Iesu

1903 2849 2163 2916 salutare,
2196 2849 2404 2905 Crux...
2437 2860 2583 2905 curat
2612 2849 2810 2905 morbos
2831 2891 2846 2914 ,
2875 2850 3128 2904 dcemones
3169 2853 3343 2920 fugat,
3390 2860 3501 2905 etc.

1902 2920 2106 2977 Eadem
2148 2921 2432 2977 Catecbes.
2491 2922 2579 2977 15.
2614 2920 2744 2976 Cum
2771 2940 2802 2974 a
2835 2920 2941 2974 Deo
2985 2922 3052 2975 sit
3080 2921 3188 2974 haec
3215 2921 3380 2990 gratia
3409 2920 3499 2976 Si-

1901 3009 2060 3062 gnum
2091 2992 2354 3060 ﬁdelium,
2401 3003 2447 3046 et
2493 2993 2645 3046 timor
2671 2993 2992 3057 daemonum;
3020 3004 3074 3046 et
3117 2991 3400 3045 Catecbes.
3435 2990 3494 3047 4.

1901 3060 2182 3119 Crucem...
2213 3073 2268 3117 tu
2289 3063 2461 3134 palam
2488 3065 2556 3118 ad
2583 3064 2800 3134 frontem
2839 3064 3127 3134 obsignato,
3146 3071 3211 3134 ut
3239 3061 3496 3134 daemones

1899 3136 2097 3206 regium
2128 3131 2348 3206 Signum
2394 3131 2678 3201 intuentes,
2725 3134 2928 3206 tremuli
2953 3131 3155 3206 'procul
3195 3133 3491 3206 aufugiam.

1902 3203 2065 3276 Signo
2090 3203 2258 3261 autem
2286 3206 2381 3260 isto
2402 3215 2542 3260 utere
2562 3214 2666 3260 tum
2695 3205 2848 3259 edens
2875 3221 2936 3258 ac
2965 3203 3156 3268 bibens,
3187 3213 3295 3276 tum
3315 3203 3496 3258 sedens

1899 3273 1981 3330 ac'
2001 3277 2192 3330 cubans
2215 3318 2230 3341 ,
2262 3278 2325 3330 de
2354 3276 2482 3330 lecto
2524 3293 2738 3345 surgens
2762 3317 2776 3338 ,
2825 3276 3036 3344 loquens
3060 3315 3076 3339 ,
3108 3273 3415 3338 ambulans;
3444 3282 3494 3327 et

1898 3356 1954 3400 ut
1983 3347 2140 3402 semel
2166 3347 2337 3416 dicam
2357 3387 2372 3410 ,
2403 3348 2457 3400 in
2487 3344 2632 3416 omni
2650 3363 2704 3400 re
2731 3347 2971 3416 omnique
2998 3347 3216 3416 negotio.
3246 3344 3304 3400 S.
3338 3345 3492 3416 lgna-

1898 3418 2003 3472 tius
2027 3417 2227 3489 Martyr
2252 3436 2266 3471 :
2295 3415 2474 3472 Crucis
2504 3415 2724 3489 Signum
2749 3415 3034 3485 (raphamm
3053 3415 3128 3469 est
3149 3424 3324 3489 contra
3347 3415 3492 3482 prin-

1897 3489 2026 3558 cipis
2070 3487 2250 3543 mundi
2286 3489 2550 3554 virtutem,
2573 3487 2720 3557 quod
2747 3489 2921 3540 videns
2963 3487 3249 3558 expavescit
3271 3525 3286 3548 ,
3317 3495 3364 3537 et
3389 3501 3490 3538 au-

1896 3555 2038 3614 diens
2062 3561 2222 3612 timet.
2257 3559 2390 3612 Vide
2418 3559 2474 3614 S.
2509 3555 2732 3628 August.
2769 3557 3014 3628 Euarrat.
3046 3558 3085 3628 47
3108 3557 3158 3628 in
3183 3555 3322 3628 Psal.
3348 3570 3490 3628 xxx,

1896 3639 1951 3684 et
1981 3630 2031 3682 iu
2079 3629 2222 3685 Psal.
2257 3645 2306 3684 L.
2340 3647 2392 3682 ll.
2428 3632 2449 3683 1
2503 3647 2515 3682 :
2554 3625 2705 3695 Quod
2735 3630 2778 3682 si
2809 3631 2938 3695 [orte
2968 3625 3242 3680 Christiani
3289 3626 3343 3678 in
3370 3625 3484 3694 ipso

1896 3701 2032 3754 circo
2050 3701 2219 3770 aliqua
2249 3717 2311 3755 ex
2336 3717 2491 3754 causa
2512 3708 2844 3769 expavescunt
2863 3739 2880 3763 ,
2911 3699 3153 3770 continuo
3178 3712 3231 3770 se
3253 3697 3480 3765 signant,

1895 3779 1944 3825 et
1984 3766 2266 3824 stant-illic
2296 3781 2550 3840 portantes
2577 3766 2632 3823 in
2660 3774 2851 3840 fronte,
2885 3769 3020 3840 unde
3038 3766 3358 3840 abscederent
3377 3805 3392 3827 ,
3443 3768 3490 3820 si

1896 3841 1992 3894 hoc
2021 3843 2071 3894 in
2117 3844 2269 3895 corde
2297 3837 2575 3907 portarent.
2624 3837 2690 3892 Et
2718 3839 2784 3894 de
2812 3838 3039 3894 Civitate
3069 3837 3182 3902 Dei,
3215 3837 3306 3891 lib.
3338 3852 3445 3907 χχιι
3464 3878 3479 3900 ,

1895 3927 1949 3966 n.
1983 3913 2036 3967 ὅ.
2087 3913 2226 3979 Quin
2273 3906 2328 3964 et
2349 3911 2722 3965 Tlteodoretus
2752 3910 2826 3963 ait
2875 3910 2969 3962 lib.
3014 3908 3048 3962 5
3078 3907 3214 3961 Hist.
3248 3906 3484 3972 Eccles.,

1895 3996 2014 4051 cap.
2043 3983 2078 4036 5
2111 4002 2122 4036 :
2148 3982 2277 4037 Cum
2305 3982 2387 4035 isti
2413 3999 2528 4035 uero
2558 3982 2814 4034 dwmones
2842 3981 2992 4033 solita
3021 3980 3187 4051 specie
3203 3979 3486 4051 apparuis-

1893 4048 2022 4116 sent,
2047 4055 2205 4122 coegit
2228 4051 2500 4106 Iulianum
2525 4055 2676 4107 timor
2705 4054 2960 4122 imponere
2999 4048 3367 4122 {rantiCrucis

1895 4141 2072 4194 guunt.
2109 4119 2183 4178 De
2207 4124 2372 4193 Signo
2398 4125 2619 4188 Crucis,
2652 4119 2874 4192 ejusque
2907 4122 2957 4174 vi
3000 4130 3058 4194 et
3096 4119 3339 4194 efficacia
3364 4119 3487 4194 vide

1897 4189 2158 4262 praeterea
2185 4189 2468 4266 Origenem
2489 4238 2504 4261 ,
2537 4189 2926 4266 Tertullianum
2953 4233 2967 4256 ,
2998 4191 3250 4246 Basilium
3269 4232 3284 4256 ,
3316 4189 3487 4266 Atha-

1895 4268 2103 4320 nasium
2133 4266 2199 4319 de
2232 4262 2603 4320 [sicartiatione
2634 4263 2792 4318 Verbi
2837 4263 2960 4328 Dei,
2995 4272 3123 4317 tom.
3150 4277 3200 4326 1,
3231 4277 3351 4331 pag.
3381 4262 3486 4322 73,

1893 4337 2118 4406 Gregor.
2167 4336 2420 4391 Nazianz.
2469 4352 2636 4390 carm.
2682 4336 2778 4397 6|,
2816 4346 3062 4406 tonuit,
3097 4331 3383 4406 pag.142_,
3430 4340 3489 4385 et

1893 4403 2044 4461 Orat.
2077 4409 2111 4460 5
2148 4407 2408 4462 adversus
2456 4406 2761 4467 lulianum,
2806 4422 2855 4472 ι),
2909 4403 3048 4470 206;
3100 4403 3483 4467 Ambrosium,

1893 4476 2175 4532 Paulinum
2195 4519 2209 4544 ,
2241 4479 2482 4546 aliosque
2525 4477 2625 4533 SS.
2653 4477 2936 4546 Patres—5
2956 4474 3320 4543 Imposuerunt
3341 4476 3488 4546 [ron-3

1896 4550 2031 4602 tibus
2078 4541 2204 4602 suis
2234 4541 2519 4618 immortale
2565 4549 2790 4618 signum.
2848 4545 2964 4618 Vid.
3014 4541 3134 4614 quae
3182 4541 3366 4618 notavi
3410 4541 3488 4618 ad

1895 4618 2043 4673 Lact.
2078 4619 2172 4673 lib.
2222 4634 2315 4684 tv,
2343 4634 2394 4672 c.
2430 4617 2520 4674 ‘36.
2553 4613 2779 4673 Nurrius
2823 4617 2888 4671 ad
2932 4613 3045 4670 haec
3092 4615 3254 4670 verba
3283 4613 3490 4669 Caecilii

1894 4689 2100 4760 p.|18'5.
2129 4689 2302 4744 locum
2336 4688 2595 4760 Lactantii
2631 4689 2784 4756 plane
2815 4685 3364 4760 perverti_t.-—Utait,
3393 4693 3491 4738 aut

1893 4755 2070 4813 verius
2122 4761 2261 4814 sicut
2302 4759 2532 4814 somniat
2579 4755 2976 4812 Buuemzmnus.
3017 4755 3179 4810 Miror
3228 4765 3490 4824 quantum

1896 4829 1998 4884 hoc
2045 4831 2163 4884 loco
2205 4833 2543 4900 exagitentur
2589 4828 2887 4900 Acatbolici
2939 4825 3209 4900 :hi_eu_im
3259 4825 3333 4900 nil
3379 4840 3490 4900 non

1897 4911 2113 4955 movent
2139 4909 2195 4954 ut
2210 4895 2492 4955 eliniiuent
2511 4900 2614 4954 vim
2632 4899 2789 4968 hujus
2820 4895 3148 4968 Lactantiani
3173 4895 3489 4962 testimonii,

1895 4971 2037 5042 quod
2068 4972 2291 5042 multum
2326 4970 2451 5025 facit
2480 4965 2784 5042 inﬁgi-aliam
2806 4965 3254 5042 AOrtbodoxorum
3286 4968 3489 5042 rituum

1898 5037 2152 5097 Ecclesiae
2191 5041 2489 5097 catholica).
2539 5037 2685 5095 Istud
2734 5039 2875 5095 enim
2925 5037 3228 5092 immortale
3274 5037 3491 5108 signum

1896 5114 1963 5167 ad
1999 5112 2270 5168 Christum
2315 5113 2488 5167 solum
2538 5113 2704 5167 refert
2746 5111 3147 5165 Bunemannus.
3199 5108 3304 5164 Sed
3349 5109 3493 5177 legat

1896 5183 2011 5251 ipse
2043 5185 2255 5248 locum;
2287 5183 2425 5253 legat
2468 5191 2673 5239 attente
2721 5192 2776 5238 et
2820 5179 3026 5253 videbit
3052 5193 3174 5253 non
3222 5189 3426 5233 tantum
3445 5193 3494 5253 _a

1897 5249 2113 5310 Christo
2156 5269 2252 5325 per
2282 5249 2589 5320 impositum
2627 5253 2892 5308 frontibus
2937 5249 3366 5325 Christianorum
3412 5250 3494 5305 si-

1898 5341 2062 5396 gnum
2107 5320 2316 5394 fugatos
2345 5340 2466 5381 esse
2491 5325 2800 5390 dtemones;
2821 5337 3006 5396 verum
3033 5320 3194 5396 etiam
3219 5322 3497 5396 ministros

1902 5392 2253 5464 Diocletiani,
2283 5397 2374 5462 qui
2407 5396 2637 5452 fortasse
2661 5412 2782 5452 cum
2817 5393 3095 5449 sacrificiis
3139 5392 3458 5464 assistereut
3478 5433 3498 5458 ,

1900 5475 2027 5522 tunc
2047 5468 2122 5539 ab
2161 5463 2578 5539 iis'fugabantnr
2620 5467 2933 5539 daemones,
2963 5465 3142 5539 statim
3189 5472 3349 5539 atque
3393 5463 3504 5539 im:-

1901 5538 2176 5614 ponebant
2219 5533 2344 5614 ipsi:
2365 5539 2630 5614 frontibus
2661 5538 2772 5614 suis
2822 5533 3129 5589 immortale
3161 5533 3409 5602 signum,
3443 5533 3500 5614 id

1901 5607 1984 5663 est
2003 5650 2017 5674 ,
2047 5607 2258 5680 signum
2305 5607 2495 5664 Crucis
2515 5651 2530 5673 ,
2563 5610 2717 5664 sicuti
2765 5621 2830 5660 eo
2857 5616 3100 5680 tempore
3123 5619 3254 5680 usus
3283 5614 3398 5658 erat
3446 5607 3506 5658 l‘ll

1900 5673 2071 5735 veteri
2097 5673 2367 5736 Ecclesia.
2403 5679 2535 5735 Vide
2560 5695 2680 5750 quae
2709 5673 3088 5750 annotaviinus
3115 5675 3182 5729 ad
3203 5673 3318 5750 hoc
3340 5682 3502 5750 caput

1901 5750 2148 5833 deVMort.
2181 5751 2458 5810 Persecut.
2494 5761 2550 5807 et
2577 5746 2644 5806 ad
2671 5759 2829 5820 caput
2849 5748 2941 5816 27,
2974 5747 3094 5805 libri
3121 5762 3173 5803 tv
3203 5746 3381 5802 Divin.
3415 5749 3508 5802 ln-

1901 5832 2013 5880 8111.
