3960 6356
1843 284 2032 342 FlBMl
2073 281 2434 342 LACTANTII
3681 277 3762 334 21
3779 275 3832 332 6

2113 409 2376 471 Atamen
2405 407 2592 454 auctor
2621 398 2887 470 apparuit.
2927 397 3079 454 Tunc
3125 397 3308 452 Caesar
3351 394 3534 454 medio
3574 394 3834 467 hyemis

2185 493 2515 563 profectione
2561 504 2740 563 parata
2771 493 3053 564 prorupit,
3101 493 3294 550 eodem
3335 492 3427 549 die
3471 499 3832 548 contestans

2187 583 2371 656 fugere
2396 600 2458 640 se
2476 625 2492 651 ,
2523 600 2590 640 ne
2619 585 2772 640 vivus
2799 586 3039 641 arderet.

2915 677 3035 734 XV.

2263 770 2495 826 Furebat
2540 785 2668 840 ergo
2712 771 3009 841 Imperator
3045 771 3156 840 jam
3205 782 3313 824 non
3361 767 3416 824 in
3445 768 3817 824 domesticos

2189 871 2413 924 tantum,
2444 861 2535 916 sed
2565 861 2616 916 in
2645 877 2852 928 omnes,
2877 871 2932 916 et
2963 861 3188 930 primam
3213 859 3452 914 omnium
3483 859 3656 913 ﬁliam
3685 858 3824 914 Va-

2189 952 2396 1020 leriam,
2427 954 2813 1023 coniugemque
2839 954 3075 1010 Priscam
3103 953 3369 1008 sacriﬁcio
3392 953 3560 1022 pollui
3583 953 3824 1022 coegit.

2191 1046 2551 1101 Potentissimi
2581 1047 2847 1116 quondam
2873 1047 3102 1102 eunuchi
3129 1048 3324 1110 necati,
3357 1061 3454 1116 per
3473 1059 3616 1115 quos
3645 1045 3832 1114 pala—

2194 1141 2324 1194 tium
2357 1149 2410 1195 ct
2437 1141 2552 1209 ipse
2577 1150 2702 1196 ante
2729 1141 3033 1196 constabat.
3062 1139 3454 1208 Comprehensi
3475 1139 3830 1210 Presbyteri

2192 1247 2256 1285 ac
2307 1231 2562 1298 ministri,
2591 1241 2646 1286 et
2695 1233 2812 1287 sine
2839 1232 2946 1287 ulla
2980 1231 3298 1303 probatione
3351 1248 3414 1286 ac
3443 1230 3832 1286 confessione

2193 1323 2453 1389 damnati,
2496 1337 2618 1378 cum
2659 1324 2910 1379 omnibus
2953 1325 3065 1379 suis
3119 1323 3545 1378 deducebantur.
3598 1322 3831 1378 Omnis

2191 1430 2355 1471 sexus
2405 1425 2460 1470 et
2499 1417 2671 1470 relatis
2715 1416 2964 1472 homines
3007 1417 3073 1471 ad
3107 1417 3450 1471 exustionem
3477 1417 3660 1486 rapti:
3697 1430 3830 1471 nec

2193 1505 2408 1576 singuli,
2440 1507 2688 1576 quoniam
2721 1516 2863 1562 tanta
2891 1516 3006 1562 erat
3049 1507 3356 1572 multitudo,
3390 1505 3486 1562 sed
3516 1507 3824 1578 gregatim

503 1601 750 1672 protinus
773 1601 956 1670 erepit.
987 1600 1224 1656 Sedehat
1249 1599 1394 1668 ipse,
1436 1609 1595 1668 atque
1635 1601 1948 1654 innocentes
1977 1600 2096 1669 igne
2195 1599 2526 1654 circumdato
2557 1600 2662 1670 igni
2710 1600 3157 1664 amburebantur;
3195 1600 3498 1663 domestici,
3558 1601 3836 1670 alligatis

501 1681 762 1748 torreb'at.
797 1693 929 1748 Item
955 1692 1164 1763 judices
1193 1691 1463 1758 universi,
1495 1706 1684 1747 omnes
1711 1691 1939 1762 denique
1959 1731 1974 1755 ,
2005 1692 2096 1762 qui
2198 1694 2264 1748 ad
2289 1694 2486 1747 collum
2524 1693 2836 1762 molaribus,
2869 1694 3004 1748 mari
3031 1694 3434 1765 mergebantur.
3467 1691 3578 1748 Nec
3617 1693 3840 1748 minus

505 1796 658 1840 erant
687 1785 740 1839 in
771 1785 972 1855 palatio
999 1785 1237 1855 magistri
1259 1823 1276 1846 ,
1307 1783 1428 1838 data
1455 1791 1748 1852 potestate,
1781 1784 2100 1852 torqueban-
2127 1785 2176 1846 B
2205 1788 2256 1840 in
2287 1795 2539 1841 caeterum
2571 1786 2821 1857 pupulum
2863 1787 3169 1856 persecutio
3218 1786 3481 1840 violenter
3525 1783 3840 1839 incubuit.

503 1885 611 1932 tur.
645 1877 812 1930 Erant
855 1881 1131 1930 certantes
1153 1915 1170 1938 ,
1211 1876 1332 1944 quis
1379 1874 1527 1944 prior
1575 1873 1774 1944 aliquid
1807 1873 2096 1928 inveniret.
2203 1878 2335 1932 Nam
2359 1877 2570 1947 judices
2596 1893 2689 1947 per
2709 1879 2886 1933 omnia
2919 1879 3115 1948 templa
3144 1877 3394 1949 dispersi,
3420 1876 3716 1931 universos
3749 1876 3842 1931 ad

505 1967 650 2023 Nihil
699 1982 922 2037 usquam
973 1965 1378 2037 reperiebatur;
1427 1967 1624 2035 quippe
1671 1981 1790 2020 cum
1841 1965 2100 2022 familiam
2205 1969 2462 2024 sacrificia
2488 1970 2769 2040 cogebant.
2799 1970 2950 2025 Pleni
2979 1985 3228 2025 carceres
3257 1979 3430 2025 erant.
3463 1969 3834 2025 Tormenta-

507 2061 740 2116 Cazsaris
765 2075 924 2117 nemo
953 2070 1245 2129 torqueret.
1293 2059 1498 2115 Aderat
1547 2059 1660 2128 ipse
1683 2101 1698 2125 ,
1746 2069 1798 2113 et
1829 2059 2100 2125 instabat,
2207 2077 2326 2114 rum
2355 2076 2552 2130 genera
2573 2061 2810 2116 inaudita
2835 2062 3307 2132 excogitabantur;
3344 2071 3397 2117 et
3425 2077 3493 2116 ne
3514 2063 3600 2115 cui
3630 2071 3844 2118 teme-

513 2169 613 2209 nec
657 2153 958 2223 patiebatur
989 2153 1123 2207 iram
1171 2150 1551 2206 inconsiderati
1599 2151 1746 2204 senis
1785 2150 2100 2220 deﬂagrare.
2203 2168 2266 2207 re
2299 2151 2386 2220 jus
2431 2153 2722 2220 diceretur,
2753 2169 2864 2209 arte
2905 2155 2960 2210 in
2991 2153 3296 2210 secretariis
3325 2169 3387 2208 ac
3417 2169 3514 2223 pro
3543 2153 3846 2211 tribunali

507 2244 614 2298 Sed
641 2244 948 2313 quindecim
989 2243 1179 2298 diebus
1209 2242 1506 2311 interjectis
1533 2282 1550 2308 ,
1597 2241 1738 2296 aliud
1770 2256 1984 2296 rursum
2014 2241 2096 2295 in-
2205 2249 2417 2314 positaa,
2451 2254 2508 2298 ut
2554 2245 2848 2316 litigatores
2891 2247 3037 2315 prius
3071 2245 3457 2310 sacrificarent,
3519 2255 3689 2314 atque
3749 2247 3844 2303 ita

509 2337 760 2391 centlium
785 2335 1003 2392 molitus
1027 2343 1130 2391 est.
1167 2335 1220 2389 Id
1245 2334 1475 2390 celerius
1501 2333 1970 2400 animadversum,
2001 2347 2099 2389 nec
2203 2349 2394 2392 causas
2419 2353 2542 2393 suas
2566 2337 2836 2404 dicerent;
2867 2339 2944 2394 sic
2965 2353 3095 2410 ergo
3122 2338 3429 2410 adjudices,
3457 2349 3726 2408 tanquam
3755 2339 3844 2396 ad

1789 2467 2150 2525 VARIORUM
2178 2468 2409 2526 NOTE.

583 2607 774 2664 Cmar.
807 2606 1056 2666 Galerius
1091 2624 1106 2662 :
1139 2605 1372 2662 nondum
1399 2605 1672 2673 Augustus
1700 2611 1833 2658 erat.

581 2678 697 2734 Est.
729 2679 994 2734 Heuman.
1026 2679 1274 2733 vocnlam
1304 2675 1460 2730 istam
1490 2673 1771 2729 delendam
1804 2682 1974 2744 putat.

584 2750 910 2805 Incendium.
934 2749 1098 2816 Cujus
1117 2748 1276 2804 etiam
1303 2747 1543 2802 meminit
1564 2745 1846 2811 Eusebius,
1865 2745 1958 2800 lib.
1985 2759 2103 2812 vni,

489 295 598 354 215

568 501 678 558 Sed
699 501 884 556 Caesar
909 511 1016 556 non
1045 506 1327 554 contentus
1355 503 1441 552 est
1463 494 1626 551 edicti
1653 494 1886 566 legibus.
1911 494 2082 550 Aliter

499 594 888 650 Diocletianum
917 591 1130 662 aggredi
1163 599 1333 660 parat.
1365 589 1500 644 Nam
1528 598 1588 644 ut
1607 589 1756 642 illum
1787 587 1854 641 ad
1886 601 2084 656 propo-

497 687 658 741 situm
703 684 1090 740 crudelissimae
1119 681 1514 754 persecutionis
1543 681 1872 748 impelleret,
1905 680 2087 734 occul-

497 777 566 831 tis
597 775 854 830 ministris
885 775 1083 846 palatio
1103 773 1334 842 subjecit
1361 772 1688 828 incendium.
1719 771 1784 825 Et
1813 786 1934 826 cum
1961 785 2086 839 pars

495 869 742 939 qlia-dam
770 867 1176 938 conﬂagrasset,
1204 866 1494 921 Christiani
1529 863 1910 935 arguebantur,
1943 863 2088 917 velut

495 961 679 1016 hostes
723 961 964 1030 publici,
1023 971 1078 1014 et
1121 975 1244 1014 cum
1291 959 1488 1028 ingenti
1539 957 1734 1012 invidia
1779 956 1936 1012 simul
1965 971 2086 1010 cum

495 1053 697 1122 palatio
723 1049 1152 1106 Christianorum
1183 1065 1376 1106 nomen
1403 1049 1663 1104 ardebat:
1693 1049 1832 1109 illos,
1865 1048 2089 1104 consilio

498 1156 620 1196 cum
650 1139 914 1195 eunuchis
961 1140 1177 1206 habito,
1230 1139 1299 1194 de
1345 1138 1724 1208 extinguendis
1753 1137 2092 1207 Principibus

497 1233 786 1301 cogitasse,
810 1231 944 1286 duos
965 1231 1321 1300 Imperatores
1343 1230 1485 1284 domi
1509 1244 1622 1286 suae
1645 1243 1780 1298 pene
1803 1229 1953 1282 vivos
1971 1243 2092 1284 esse

499 1323 832 1378 combustos.
867 1321 1233 1377 Diocletianus
1266 1337 1416 1386 vero,
1435 1322 1524 1391 qui
1554 1336 1769 1391 semper
1798 1336 1856 1376 se
1884 1320 2094 1376 volebat

493 1415 670 1470 videri
715 1425 956 1471 asttttum
999 1425 1056 1470 et
1101 1415 1526 1484 intelligentem,
1561 1413 1692 1468 nihil
1723 1415 1892 1483 potuit
1919 1414 2095 1483 suspi-

502 1508 614 1564 cari
647 1526 662 1561 :
692 1507 786 1562 sed
815 1507 894 1561 ira
927 1506 1309 1572 inflammatus,
1341 1505 1728 1561 excarniﬁcare
1755 1519 1944 1560 omnes
1969 1519 2094 1560 suos

2204 2621 2320 2686 tum
2345 2607 2610 2686 generibus
2637 2609 2767 2663 nihil
2811 2608 2957 2663 aliud
2977 2649 2993 2675 ,
3021 2625 3194 2686 ﬂuam
3237 2609 3500 2664 victoriam
3536 2613 3840 2686 _cogitant.

2207 2674 2391 2756 §ciunt
2417 2679 2552 2756 enim
2568 2689 2838 2756 _cert_amen
2864 2674 3146 2756 esse'_illud
3168 2688 3215 2734 et
3245 2697 3492 2751 pugnam.
3531 2674 3840 2753 Ladtauh,

2207 2743 2391 2820 lib._v,
2423 2749 2538 2820 Div.
2568 2749 2766 2816 lnstit.,
2795 2765 2914 2820 cap.
2949 2751 3036 2804 11.

511 2821 648 2876 Ilist.
685 2822 916 2884 Eccles.,
947 2835 1066 2889 cap.
1099 2819 1152 2873 6.

587 2911 864 2966 Christiani
909 2911 1270 2978 arguebantur,
1321 2908 1454 2962 velut
1499 2905 1938 2978 [tostes_publici,
1977 2915 2102 2978 etc.

514 2982 758 3039 Gentiles
777 2982 832 3036 in
854 2975 1034 3036 odium
1055 2980 1479 3036 Christianorum
1503 2977 1610 3032 illis
1631 2975 1763 3030 falsa
1781 2977 2108 3045 attingebant

2279 2816 2518 2872 Ca’saris.
2551 2820 2770 2876 Galerii.

2279 2887 2470 2960 {trierat
2493 2890 2618 2960 ipse.
2651 2889 2895 2946 Galerius
2923 2889 3292 2946 Maximianus.

2281 2957 2813 3032 Iraminbonsiderati
2835 2962 2971 3015 senis
2999 2963 3304 3032 deflagrare.
3335 2961 3394 3016 Id
3423 2973 3530 3028 est,
3560 2963 3840 3022 defervco

777 3030 1178 3108 'ét'dninés'éi's
1575 3030 1839 3120 (litie‘tirbi
1855 3030 1944 3120 uni
1953 3030 2105 3120 verso

2234 3042 2366 3120 Lcenrc
2387 3071 2401 3094 ,
2431 3030 2707 3112 imminui,
2731 3032 3068 3088 decrescere.
3101 3030 3254 3102 Apud
3287 3033 3498 3088 Livium
3519 3074 3536 3100 ,
3569 3035 3674 3090 lib.
3717 3054 3798 3091 xv.
3819 3079 3838 3105 ,

516 3116 838 3178 eveniebant
863 3122 1226 3186 calamitates,
1258 3116 1398 3190 quod
1441 3119 1640 3190 diiisui
1659 3116 1678 3188 (
1698 3116 2044 3190 inquiebant)
2074 3133 2104 3172 a

518 3194 718 3250 nostris
767 3208 872 3248 non
921 3192 1249 3248 colerentur.
1278 3187 1485 3244 'Arnob.
1517 3189 1577 3243 ὃ.
1608 3187 1912 3259 Cyprianus
1937 3187 2106 3242 Trac-

518 3273 630 3318 tatn
657 3265 681 3318 l
711 3305 726 3328 ,
753 3272 938 3318 contra
971 3262 1366 3318 Demetrianum
1387 3300 1402 3326 ,
1437 3269 1492 3315 et
1520 3259 1576 3314 S.
1618 3258 1946 3328 Augustinus
1965 3298 1980 3319 ,
2011 3259 2106 3314 lib.

518 3351 558 3396 ι,
583 3335 652 3390 de
680 3335 837 3388 Civit.
863 3335 956 3388 Dei
983 3333 1180 3388 acriter
1209 3335 1307 3388 hac
1335 3332 1405 3385 de
1434 3346 1492 3385 re
1517 3328 1777 3384 Ethnicos
1805 3329 2109 3400 reprehen-

519 3405 654 3462 dunt
683 3425 694 3456 :
729 3405 848 3460 illos
875 3403 1098 3458 consule
1117 3445 1132 3462 .
1165 3403 1210 3456 si
1241 3403 1407 3456 lubet.

593 3475 818 3530 Invidia.
849 3475 904 3529 In
937 3489 1037 3528 ms.
1079 3472 1232 3526 Vidia
1250 3489 1269 3536 ;
1298 3473 1438 3527 male
1459 3513 1475 3537 ,
1505 3485 1599 3540 per
1627 3484 1888 3525 errorem.

591 3547 1012 3600 (.‘ltristianorum.
1037 3544 1302 3598 Heuman.
1319 3558 1384 3598 ex
1401 3541 1623 3597 Tertull.
1643 3541 1894 3611 Apotog.,
1913 3553 2033 3609 cap.
2053 3555 2109 3609 v,

519 3617 646 3687 legit
670 3615 1022 3687 Christianum
1041 3630 1252 3687 nomen,
1285 3628 1390 3668 non
1417 3613 1577 3687 male.

591 3687 724 3742 Illos
744 3689 978 3742 consilio.
1009 3685 1132 3750 Ms.,
1165 3683 1269 3738 Illo
1291 3683 1538 3749 consilio;
1571 3681 1847 3738 mendose.

593 3777 910 3832 Combustos.
961 3776 1181 3831 Videtur
1209 3774 1400 3830 deesse
1443 3775 1666 3829 verbum
1709 3773 1984 3844 ferebatur,
2033 3771 2116 3828 vel

522 3849 804 3902 dicebatur.
836 3847 1116 3902 ALMELov.

595 3917 686 3970 Ira
709 3919 1075 3986 inﬂammatus.
1109 3914 1264 3984 Apud
1297 3913 1652 3979 Lactantium,
1685 3915 1775 3970 lib.
1807 3931 1902 3980 vn,
1937 3913 2113 3968 Divin.

521 3989 760 4044 Institut.
785 4029 800 4050 ,
833 4003 952 4054 cap.
983 3989 1047 4040 17
1083 4003 1096 4040 :
1131 3989 1510 4041 lnruuunus
1535 4002 1624 4042 IBA
1655 3986 1952 4040 venietcum
1974 4001 2116 4039 exer-

522 4061 624 4113 citu
653 4073 856 4127 magno.

600 4125 984 4192 Ea'carniﬁcare
1011 4142 1179 4180 omnes
1200 4143 1336 4182 suos.
1369 4125 1607 4188 Aulicos,
1640 4139 1734 4179 seu
1765 4125 2114 4180 domesticos.

522 4199 648 4264 Ms.,
683 4197 1092 4266 Excarni/icari,
1134 4198 1276 4267 quod
1315 4212 1551 4267 sequens
1585 4196 1810 4252 verbum
1834 4195 1984 4265 capit
2011 4209 2119 4250 non

529 4281 746 4338 patitur.

598 4339 776 4404 Carpit.
840 4338 912 4392 Ita
941 4339 1146 4394 restitui
1173 4353 1237 4394 ex
1265 4353 1366 4394 ms.
1399 4337 1574 4402 Editi,
1607 4337 1870 4406 praecepit.

601 4409 818 4464 Sedebat
847 4411 976 4473 ipse.
1007 4409 1393 4464 Diocletianus.

595 4480 807 4534 Judices
837 4480 1088 4544 universi,
1147 4489 1250 4533 etc.
1305 4478 1462 4547 Apud
1525 4476 1916 4547 Diocletianum
1964 4485 2120 4532 erant

523 4553 805 4605 domestici
841 4553 1072 4605 maximo
1107 4565 1332 4604 numero
1357 4546 1656 4602 christiani.
1692 4547 1772 4600 Ex
1801 4547 1865 4602 iis
1895 4563 2000 4601 non
2030 4562 2118 4600 so-

523 4621 634 4676 lum
667 4623 892 4693 magistri
939 4623 1148 4692 palatii;
1177 4619 1334 4693 sedet
1353 4618 1556 4693 judices
1578 4617 1798 4671 universi
1817 4619 2119 4693 torquebanj

521 4701 604 4744 tur
627 4688 767 4760 ipsi,
798 4693 918 4746 data
939 4688 1065 4746 aliis
1093 4705 1187 4746 eos
1212 4688 1486 4758 judic‘andi
1518 4695 1796 4760 potestate;
1844 4690 2042 4758 quippe
2069 4688 2118 4744 si

523 4758 942 4818 eant—habebant
969 4761 1186 4817 iudices
1214 4801 1228 4824 ,
1262 4760 1406 4813 nulla
1433 4771 1527 4812 eos
1549 4758 1662 4812 dari
1689 4767 2008 4827 potestatem
2029 4760 2119 4828 ju-

521 4833 732 4887 dicandi
756 4837 1052 4888 necessitas
1081 4839 1217 4886 erat.
1245 4829 1358 4883 Non
1384 4829 1559 4891 video,
1588 4843 1690 4898 qaa
1723 4829 1790 4883 de
1817 4845 1976 4884 causa
2001 4845 2117 4883 mu-

524 4911 690 4956 tatqu
721 4905 791 4957 sit
837 4905 984 4969 capit
1028 4903 1080 4956 in
1111 4901 1382 4970 praecepit,
1415 4899 1795 4970 torquebantur,
1829 4899 1882 4953 in
1913 4908 2116 4970 torque-

523 4972 642 5026 bant
663 5015 675 5030 .
702 4979 844 5042 quod
873 4967 1030 5028 alium
1057 4967 1284 5024 omnino
1309 4985 1524 5024 sensum
1549 4967 1794 5042 exhibet;
1818 4985 1934 5022 cum
1960 4969 2116 5042 fami-

522 5044 644 5096 liam
675 5039 891 5097 Cazsaris
921 5043 1118 5100 Galerii
1142 5055 1286 5093 nemo
1317 5047 1586 5109 torqueret.
1621 5039 1734 5094 Huc
1760 5039 2004 5109 spectare
2033 5041 2114 5095 vi-

520 5113 716 5168 dentur
743 5131 860 5183 qua:
889 5114 1070 5166 scribit
1101 5111 1408 5183 Lactantius
1430 5152 1468 5183 ,_
1493 5111 1607 5164 Div.
1635 5109 1890 5183 [nstitut.,
1919 5111 2024 5183 lib.
2057 5126 2112 5178 v,

521 5197 642 5252 cap.
669 5183 738 5239 ‘26
761 5180 786 5239 ἐ
820 5184 1080 5238 Ministros
1103 5181 1292 5252 furoris
1314 5180 1503 5243 alieni,
1536 5181 1776 5252 satellites
1803 5181 1974 5247 impia:
1994 5183 2113 5250 jus-

520 5249 677 5307 sio'nis
707 5264 975 5308 necessitas
997 5249 1136 5323 fecit.
1177 5249 1457 5323 Non_enim
1485 5251 1646 5305 honor
1673 5251 1761 5303 ille
1785 5259 1874 5303 aut
1901 5249 2112 5323 provec-

520 5323 590 5376 tio
611 5325 869 5392 dignitatis
889 5319 1056 5395 fuitin
1085 5323 1211 5389 Quis
1231 5320 1541 5395 voluminum
1562 5337 1802 5395 numerus
1822 5319 1982 5392 capiet
2011 5331 2114 5395 tam

519 5387 722 5460 infinita
744 5436 758 5460 ,
789 5387 901 5448 lani
921 5395 1062 5446 varia
1091 5387 1276 5462 genera
1315 5387 1672 5447 crudelitatis?
1701 5387 1938 5446 accurrit
1978 5393 2112 5446 enim

521 5477 832 5538 rorssrus
855 5507 867 5528 ,
891 5481 983 5538 pro
1011 5467 1118 5518 suis
1139 5463 1360 5538 moribus
1379 5465 1591 5538 quisque
1619 5464 1775 5516 stertit
1795 5473 1944 5538 ,_ctc.

597 5533 1065 5598 Is'rantcertantes,
1107 5545 1208 5590 ctc.
1257 5533 1364 5588 Pro
1394 5533 1701 5592 certabant,
1752 5533 1836 5585 vel
1883 5533 2112 5588 certaba-

521 5613 623 5667 tur,
652 5615 753 5658 etc.
780 5605 980 5662 Gallice
1005 5623 1017 5659 :
1053 5606 1132 5658 0n
1162 5604 1415 5659 cberchait
1437 5605 1468 5654 ὰ
1491 5603 1658 5656 l’envi.
1682 5601 1798 5656 Dici
1819 5619 1918 5656 non
1949 5615 2110 5672 potest

521 5687 708 5742 quanta
727 5717 741 5739 ,
773 5686 817 5730 rt
845 5693 996 5744 quam
1023 5677 1196 5748 grauia
1236 5685 1598 5748 tormentorum
1633 5689 1816 5748 genera
1840 5676 2108 5748 excogita-

512 5754 678 5798 terunt
709 5743 998 5814 Inqusmodi
1023 5743 1249 5818 )‘udices.
1275 5743 1458 5814 Itaque
1477 5747 1532 5798 in
1549 5743 1900 5814 excogitandis
1921 5743 2098 5815 parna—

2215 3097 2498 3167 deﬂagrare
2525 3102 2631 3156 iras
2659 3113 2870 3156 uestras.

2281 3167 2606 3242 Idiceleritts.
2633 3173 2708 3228 lta
2737 3173 2903 3229 editio
2927 3171 3194 3230 Aboensis
3221 3183 3278 3230 et
3305 3173 3644 3242 Ileumann.;
3679 3179 3834 3235 reli-

2212 3254 2333 3309 quae
2365 3241 2560 3296 habent
2587 3244 2698 3298 sed.

2285 3309 2591 3376 Imperator.
2625 3313 3008 3369 Diocletianus.

2283 3379 2480 3456 (filiam
2543 3383 2816 3456 Valeriam,
2865 3387 3228 3456 conjugequ
3275 3383 3514 3440 Priscam
3557 3389 3839 3456 sacri/icio

2223 3451 2393 3530 pollui
2437 3455 2822 3530 _coegit_._Eran_t
2863 3451 2997 3530 forte
3025 3451 3366 3530 Christiania.
3406 3456 3626 3530 Valeria
3651 3451 3840 3530 nupta

2216 3532 2332 3593 erat
2355 3523 2568 3578 Galerio
2591 3525 2909 3579 Maximiano
2934 3525 3134 3580 Caesari
3158 3525 3267 3593 jam
3295 3527 3384 3582 ab.
3404 3541 3494 3582 an.
3525 3527 3656 3585 292.
3683 3523 3838 3590 Vide

2219 3591 2410 3665 Euseb.
2443 3595 2582 3650 llist.
2615 3595 2821 3650 Eccles.
2851 3594 2945 3649 lib.
2975 3609 3092 3660 vui,
3115 3591 3234 3665 cap.
3271 3598 3322 3651 l.

2291 3663 2582 3730 Quondam,
2612 3665 2713 3720 Ms.
2739 3665 2866 3721 Cda.
2903 3663 3484 3734 Scriptura—mendosa.

2291 3734 2554 3789 Eunuchi.
2581 3735 2724 3791 Inter
2752 3750 2890 3804 quos
2915 3745 3028 3790 erat
3049 3737 3261 3792 Petrus.
3297 3737 3430 3792 Vide
3451 3739 3654 3795 Euseb.
3677 3740 3834 3799 Hist.

2217 3800 2456 3871 Eccles.,
2485 3805 2576 3860 lib.
2613 3821 2724 3872 vut,
2751 3800 2870 3875 cap.
2902 3807 2954 3860 6.

2295 3894 2558 3971 Palatium
2581 3907 2628 3950 et
2651 3897 2759 3971 ipse
2787 3907 2905 3951 ante
2932 3898 3206 3971 constabat.
3236 3899 3464 3964 Quidam
3493 3902 3684 3971 legunt
3719 3904 3838 3962 Per

2289 3983 2345 4047 os
2371 3967 2631 4050 Palatium
2659 3978 2704 4020 et
2722 3969 2838 4050 ipse
2859 3975 2974 4050 ante
2987 3969 3252 4050 con/labat
3275 3987 3301 4050 _:
3329 3971 3416 4050 alii
3447 3987 3538 4040 per
3554 3967 3688 4039 quos
3724 3995 3834 4045 pa-

2275 4039 2614 4160 tirgntrexisse
2641 4049 2757 4091 ante
2805 4039 3083 4092 constabat.
3135 4039 3241 4096 Sed
3273 4039 3453 4096 lectio,
3493 4057 3599 4096 ms.
3649 4039 3834 4118 magis

2275 4123 2326 4160 τι
2369 4125 2396 4160 c
2429 4147 2442 4159 .

2219 4121 2442 4160 arridet.

2299 4177 2548 4231 Ministri.
2582 4177 2820 4232 Diaconi.

2295 4269 2558 4342 Sineulla
2604 4269 2909 4342 probatione
2933 4287 2991 4323 ac
3023 4274 3357 4342 confessione.
3394 4275 3450 4328 In
3499 4291 3603 4330 ms.
3639 4289 3724 4334 est
3763 4299 3830 4338 ac

2225 4341 2559 4414 confessione,
2585 4341 2839 4394 mendose
2865 4359 2878 4392 ε
2901 4341 3017 4414 lego
3037 4358 3098 4395 ac
3114 4341 3463 4414 confessione;
3495 4346 3544 4401 id
3570 4357 3673 4413 est,
3698 4349 3832 4406 Gal-

2145 4427 2200 4488 ι)
2227 4411 2347 4491 lic_e,
2377 4427 2720 4491 satisnucune
2746 4427 2929 4491 preuve
2953 4411 3276 4491 de_témoins,
3309 4425 3356 4468 et
3398 4433 3518 4470 suns
3549 4411 3670 4472 e‘trev
3701 4439 3832 4476 con-

2222 4483 2431 4554 vaincus
2466 4481 2684 4534 d‘aueun
2717 4484 2867 4554 crime
2897 4499 2990 4550 par
3019 4483 3128 4537 leui-
3155 4501 3341 4554 propre
3369 4503 3518 4541 areu.

2293 4551 2400 4624 Sed
2429 4553 2674 4621 gregatim
2696 4553 3007 4624 circumdato
3029 4555 3132 4624 igni
3156 4551 3589 4614 'amburebantur.
3627 4562 3716 4616 Sic
3747 4553 3829 4620 le-

2256 4637 2288 4699 o
2313 4621 2430 4686 sed,
2451 4637 2560 4699 pro
2589 4633 2667 4688 et,
2716 4623 2855 4699 quod
2885 4621 3064 4699 ortum
3101 4625 3310 4679 videtur
3339 4627 3390 4699 in
3437 4645 3542 4699 ms.
3597 4647 3695 4699 pro
3723 4645 3820 4690 set.

2259 4693 2550 4766 ircumdare
2591 4693 2864 4766 etambire
2911 4695 3050 4748 idem
3083 4705 3183 4766 _cst
3213 4713 3225 4748 :
3257 4697 3386 4766 quid
3417 4697 3518 4753 sibi
3553 4693 3674 4755 vult
3699 4720 3824 4760 cum

2218 4762 2532 4842 circumdato
2561 4763 2931 4842 ambiebantur,
2955 4763 3097 4842 quod
3129 4777 3212 4820 est
3228 4762 3288 4842 in
3316 4768 3512 4823 editis?
3541 4769 3690 4842 Lege
3713 4791 3826 4828 ant-

2217 4832 2567 4886 burebantur:
2599 4833 2741 4902 quod
2783 4833 2946 4889 verbo
2979 4832 3308 4891 Lactantius
3337 4855 3446 4894 non
3477 4856 3588 4895 uno
3618 4832 3674 4898 in
3705 4850 3824 4902 loco

2219 4903 2880 4978 uti_tttr,_et_pr:ecipuelib.
2902 4920 2991 4972 vn,
3027 4905 3144 4960 Div.
3167 4905 3366 4973 lnstit.,
3393 4925 3516 4978 cap.
3551 4913 3617 4966 l7
3645 4929 3658 4967 :
3687 4913 3826 4970 Pro-

2216 4973 2357 5057 gadet
2401 4975 2534 5057 ignis
2577 4975 2640 5028 de
2663 4989 2755 5057 ore
2784 4977 2914 5056 ejus,
2939 4985 3089 5042 atque
3126 4993 3375 5034 annuam
3404 4973 3588 5048 illum;
3619 4993 3676 5039 et
3698 5001 3822 5057 cap.

2215 5044 2315 5116 Ἧι
2327 5045 2739 5116 perstringentur
2777 5045 3090 5116 ignitatque
3116 5063 3498 5105 AIBURENTUR.

2287 5113 2372 5168 Ne
2409 5115 2494 5198 cui
2518 5113 2718 5198 tenere,
2763 5113 2868 5170 etc.
2897 5113 3146 5198 Temere,
3173 5119 3546 5198 incogitantia,
3582 5123 3820 5198 Gallice,

2214 5201 2310 5266 par
2330 5185 2600 5266 .mégarde,
2627 5203 2748 5266 satis
2771 5203 2803 5256 y
2836 5203 3031 5266 penser.
3055 5187 3140 5266 _Ne
3185 5185 3324 5244 forte
3355 5185 3594 5266 alicujus
3627 5193 3786 5254 Chris

2214 5255 2342 5338 tiani
2369 5270 2586 5338 causam
2618 5255 2830 5338 judices
2859 5257 3235 5338 imprudenter
3261 5255 3629 5338 audirerti,_ac
3669 5268 3784 5338 diju

2212 5325 2473 5406 dicarem.
2501 5327 2615 5394 Qua
2642 5330 2710 5406 de
2749 5341 2808 5380 re
2831 5325 2953 5381 vide
2982 5327 3116 5383 Acta
3145 5329 3329 5402 Crisp.
3355 5333 3497 5406 apud
3524 5325 3818 5402 Mabillbn.

2212 5397 2454 5450 Analect.
2487 5407 2617 5452 tom.
2647 5397 2703 5452 '5.

2281 5465 2351 5540 _1n
2388 5467 2692 5540 secretariis.
2739 5465 2801 5540 In
2849 5465 3026 5540 Curiis
3075 5469 3442 5539 iudicialibus.
3518 5475 3818 5540 Secretarra

2209 5537 2356 5611 enim
2383 5537 2598 5611 fuerunt
2626 5538 2840 5611 proprie
2867 5537 2984 5611 loca
3009 5539 3059 5592 in
3079 5537 3298 5610 'quihus
3337 5545 3552 5611 judices
3592 5550 3662 5604 de
3688 5537 3816 5610 (tau;

2210 5607 2283 5684 _sis
2313 5609 2558 5684 civilibus
2579 5650 2594 5672 ,
2625 5609 2708 5662 vel
2749 5607 3137 5684 criminalibus
3162 5607 3562 5682 cognoscebant
3582 5661 3598 5684 ,
3653 5607 3810 5679 sede-

2497 5680 2751 5804 llisutont.
2775 5707 2846 5719 -—
2873 5679 2945 5735 De
2965 5675 3280 5742 Secrctariis
3303 5685 3424 5740 vide
3443 5675 3810 5767 Codilibirm,

2338 5787 2351 5802 .
2459 5791 2472 5804 .
2529 5793 2538 5802 .
2575 5767 2608 5804 ο

2338 5787 2351 5802 .
2383 5767 2608 5815 24,1.0
