3960 6326
141 293 249 351 217

1292 303 1493 361 LIBER
1534 304 1622 360 DE
1663 303 1872 364 MOR'I'.
1911 308 2292 370 PERSECU'I‘.

3342 325 3448 384 218

142 410 274 466 deos
303 407 566 465 adiretur.
598 409 780 466 Etiam
830 413 1028 471 litterae
1054 416 1123 472 ad
1163 417 1543 476 Maximianum
1587 431 1746 490 atque
1773 430 1826 488 Α
1851 441 1972 482 cum
2005 428 2285 486 incidisses
2315 429 2368 486 in
2401 429 2708 491 Flaccinum
2741 432 3051 507 prtel‘ectum
3073 479 3089 506 ,
3141 453 3246 495 non
3280 441 3447 509 pusil-

141 505 516 562 Constantium
547 517 1010 575 commoverant,
1044 519 1103 565 ut
1123 511 1311 567 eadem
1343 513 1600 569 facerent.
1633 513 1744 570 Eo-

144 614 262 653 rum
292 601 563 654 sententia
597 601 655 655 in
686 602 851 657 tantis
879 603 1042 659 rebus
1071 613 1352 675 expectata
1383 622 1488 662 non
1514 616 1651 663 erat.
1681 608 1751 664 Et

144 693 359 762 quidem
391 708 563 749 senex
587 693 946 752 Maximianus
987 695 1159 753 libens
1191 699 1363 768 paruit
1388 715 1484 770 per
1515 699 1744 768 Italiam,

147 785 308 841 homo
333 799 444 840 non
471 786 612 842 adeo
640 787 900 843 clemens.
942 788 1077 844 Nam
1121 789 1488 859 Constantius,
1521 808 1591 848 ne
1638 792 1751 848 dis-

146 881 346 935 sentire
375 895 406 934 a
430 880 701 949 majorum
726 883 1009 952 praeceptis
1032 883 1324 950 videretur,
1351 885 1749 954 conventicula,

150 974 199 1028 id
229 983 328 1038 est,
360 974 617 1042 parietes,
671 975 762 1046 qui
802 976 1014 1032 restitui
1045 988 1313 1047 poterant,
1362 978 1502 1033 dirui
1558 993 1750 1050 passus

151 1077 266 1121 est:
296 1081 486 1120 verum
511 1078 693 1122 autem
720 1068 814 1124 Dei
846 1069 1126 1140 templum,
1158 1071 1300 1141 quod
1324 1080 1408 1126 est
1435 1073 1488 1126 in
1516 1069 1750 1127 homini-

153 1156 264 1225 bus,
288 1158 564 1214 incolume
590 1160 846 1216 servavit.

873 1253 1013 1309 XVI.

216 1343 530 1399 Vexabatur
559 1359 691 1415 ergo
721 1346 968 1400 universa
1014 1355 1176 1413 terra,
1207 1357 1261 1402 et
1291 1358 1489 1419 przeter
1519 1349 1744 1416 Gallias,

145 1435 214 1489 ab
238 1435 458 1490 Oriente
514 1451 686 1506 usque
715 1437 782 1492 ad
813 1453 1061 1494 occasum
1093 1450 1204 1495 tres
1233 1441 1598 1498 acerbissimae
1626 1444 1749 1499 bes-

150 1529 232 1584 tia:
260 1528 579 1584 saiviebant.

234 1643 337 1710 gon
363 1642 479 1691 mihi
516 1643 558 1692 si
583 1642 766 1706 linguae
789 1653 987 1710 centum
1008 1646 1106 1696 sint
1126 1660 1311 1710 oraque
1328 1655 1548 1710 centum,

235 1704 419 1774 Iferrea
441 1719 562 1762 vox,
589 1704 763 1754 omnes
782 1707 1026 1756 scelerum
1045 1704 1404 1774 comprendere
1429 1704 1627 1774 foratus,

237 1768 400 1817 Omnia
424 1780 683 1830 poenarum
707 1783 1004 1832 percurrere
1021 1768 1217 1820 nomina
1240 1773 1438 1834 possim,

148 1887 273 1939 quas
296 1872 505 1943 judiccs
537 1889 637 1942 per
664 1877 969 1945 provincias
983 1878 1146 1948 justis
1169 1889 1332 1950 atque
1363 1882 1742 1938 innocentibus

153 1963 456 2018 intulerunt.
501 1965 702 2022 Verum
731 1968 859 2037 quid
889 1985 1024 2038 opus
1051 1979 1138 2026 est
1165 1971 1253 2027 illa
1285 1988 1525 2041 narrare,
1551 1975 1742 2044 pracci-

152 2070 246 2125 pue
274 2056 391 2121 tibi,
425 2057 640 2113 Donate
663 2060 964 2125 carissime,
996 2063 1089 2132 qui
1119 2073 1315 2134 praeter
1341 2074 1570 2122 caeteros
1598 2077 1739 2122 tem-

154 2160 397 2218 pestatem
455 2151 693 2206 turbida:
733 2155 1128 2224 persecutionis
1165 2167 1422 2228 expertus
1461 2160 1558 2214 es?
1602 2160 1736 2216 Nam

1853 518 1965 576 lum
1996 522 2341 593 homicidam,
2372 525 2565 585 deinde
2583 531 2638 585 in
2667 529 2970 587 Hieroclem
2989 549 3054 589 ex
3071 532 3286 590 Vicario
3305 536 3448 592 Prte-

1853 612 2046 683 sidem,
2078 618 2166 687 qui
2197 626 2353 672 autor
2379 629 2433 674 et
2461 621 2798 678 consiliarius
2826 625 2893 679 ad
2923 623 3221 680 faciendam
3253 643 3440 697 perse-

1852 711 2121 764 cutionem
2142 710 2258 777 fuit,
2293 721 2564 783 postremo
2597 717 2648 770 in
2665 717 3055 774 Priscilliannm
3075 734 3444 776 successorem

1853 803 1990 871 ejus,
2023 803 2404 860 documentum
2435 808 2683 862 omnibus
2713 809 2924 864 invicta:
2954 809 3282 870 fortitudinis
3314 827 3443 883 prae-

1852 894 2035 950 buisti.
2069 895 2258 951 Novies
2297 899 2440 953 enim
2481 901 2763 956 tormentis
2807 902 3240 975 cruciatibusque
3281 904 3445 962 variis

1853 988 2144 1057 subjectus,
2202 990 2386 1046 novies
2429 991 2796 1047 adversarium
2826 993 3062 1064 gloriosa
3102 995 3444 1052 confessione

1851 1082 2046 1136 vicisti.
2080 1082 2281 1137 Novem
2315 1084 2512 1154 praeliis
2542 1087 2791 1142 zabulum
2821 1103 2941 1143 cum
2973 1089 3291 1145 satellitibus
3329 1091 3444 1147 suis

1852 1172 2136 1230 debellasti
2162 1193 2174 1227 :
2209 1190 2403 1231 novem
2432 1177 2669 1235 victoriis
2697 1181 2939 1236 seculnm
2968 1195 3092 1237 cum
3123 1183 3234 1238 suis
3265 1193 3443 1239 terro-

1852 1265 1998 1321 ribus
2029 1266 2390 1338 triumphasti.

1923 1425 2097 1492 Quam
2123 1427 2416 1497 jocundum
2465 1428 2594 1486 illud
2623 1433 2987 1504 spectaculum
3021 1435 3129 1491 Deo
3153 1435 3278 1500 l'uit,
3311 1452 3437 1494 cum

1852 1516 2107 1572 victorem
2133 1527 2185 1572 te
2211 1531 2476 1584 cerneret,
2508 1538 2613 1578 non
2645 1525 2900 1580 candidos
2925 1542 3114 1596 equos,
3147 1530 3444 1584 autimma-

1853 1623 1951 1663 nes
1981 1609 2318 1678 elephantos,
2347 1613 2444 1667 sed
2476 1615 2620 1682 ipsos
2655 1618 2991 1685 potissimum
3023 1619 3444 1691 triumphatores

1850 1704 2030 1757 currui
2082 1713 2174 1758 tuo
2206 1705 2738 1777 subjugantemiﬂic
2763 1720 2849 1766 est
2897 1725 3057 1767 verus
3113 1713 3440 1785 triumphus,

1850 1808 1970 1849 cum
1997 1795 2363 1851 dominatores
2388 1797 2754 1855 dominantur.
2786 1801 2920 1856 Victi
2959 1803 3103 1857 enim
3133 1813 3217 1859 tua
3245 1804 3444 1862 virtute

1845 1901 1910 1941 ac
1938 1887 2208 1958 subjugati
2260 1893 2873 1964 sunt;qnandoquidem
2922 1893 3150 1951 nefanda
3203 1897 3444 1964 jussione

1843 1990 2172 2051 contempta,
2210 1999 2399 2040 omnes
2426 1995 2714 2056 apparatus
2742 2003 2806 2043 ac
2837 1988 3122 2044 terriculas
3150 1991 3444 2060 tyrannicae

1845 2075 2126 2142 potestatis
2150 2076 2252 2130 lide
2273 2077 2453 2132 stabili
2493 2085 2548 2132 et
2575 2079 2775 2136 robore
2804 2081 2968 2135 animi
3007 2081 3319 2152 proﬂigasti.
3345 2082 3444 2139 Ni-

1842 2163 1915 2218 hil
1947 2166 2210 2223 adversus
2261 2177 2315 2225 te
2344 2171 2591 2242 verbera,
2619 2173 2755 2230 nihil
2808 2174 3045 2247 ungula,
3090 2176 3227 2233 nihil
3279 2177 3442 2248 ignis,

1467 2273 1828 2333 VARIORUM
1867 2277 2099 2336 ΝΟΤᾸΕ.

221 2380 397 2460 Etiam.
431 2381 522 2438 Sic
553 2397 684 2460 ms._;
715 2393 768 2437 at
795 2384 923 2439 editi
970 2385 1170 2441 habent
1217 2397 1272 2442 et
1289 2388 1426 2460 jam,
1459 2389 1600 2460 quod
1646 2390 1745 2446 mi-

155 2467 245 2506 nus
278 2451 410 2509 bene
443 2466 600 2524 putat
624 2454 928 2511 Heumann.

219 2540 488 2618 Erpectuta
533 2563 641 2599 non
683 2556 810 2600 erat.
856 2545 914 2600 Id
944 2556 1048 2613 est,
1103 2562 1210 2603 non
1241 2550 1646 2618 expectabatur.
1683 2553 1741 2607 In

155 2627 246 2667 ms.
279 2616 464 2684 legitur
493 2626 748 2684 spectata.

221 2685 381 2740 Senex
405 2687 783 2742 Maximianus.
812 2688 1032 2744 Scilicet
1052 2689 1406 2745 Maximianus
1437 2691 1740 2748 Herculius.

226 2753 336 2810 Non
366 2760 491 2812 adeo
536 2759 781 2813 clemens.
821 2759 893 2812 Dc
929 2761 1224 2828 asperitate
1252 2771 1306 2815 et
1335 2762 1536 2816 Saevitia
1570 2764 1739 2819 Illuxi-

159 2825 304 2899 miani
338 2829 571 2882 Ilcrculii
626 2831 746 2883 vide
777 2825 1086 2899 Eutropiinn
1122 2833 1272 2885 libris
1303 2849 1350 2886 Ix
1381 2842 1434 2888 et
1468 2849 1522 2886 χ.

219 2898 562 2972 Qanstantius.
586 2899 834 2972 Praeerat
885 2898 1070 2957 Galliis
1098 2911 1152 2957 et
1183 2903 1385 2972 Magna:
1418 2903 1731 2961 Britanniae.

221 2967 510 3025 Dissentire.
547 2971 650 3025 Ms.
689 2971 843 3026 habet
875 2973 1141 3026 deseruire.

228 3039 490 3115 Majorum.
523 3042 585 3097 Id
617 3055 720 3110 est,
753 3046 1148 3114 Augustorum,
1180 3043 1271 3115 qui
1302 3045 1603 3102 Cmsarihus
1644 3061 1736 3102 su-

159 3113 378 3180 periores
408 3125 589 3170 erant.

221 3181 496 3256 Parietes...
529 3185 674 3238 dirui
697 3201 877 3252 passus
905 3195 998 3240 est.
1024 3185 1208 3256 Itaque
1230 3186 1499 3242 Ecclesias
1527 3189 1578 3242 in
1605 3205 1738 3244 non—

163 3252 303 3328 nullis
330 3254 625 3328 Galliarum
678 3257 810 3328 locis
853 3256 990 3328 dirui
1041 3252 1227 3324 passus
1274 3268 1375 3319 est,
1412 3261 1555 3314 nullo
1580 3260 1740 3328 jussit

158 3325 333 3378 edicto.
362 3327 553 3399 Sicque
585 3327 849 3399 Eusebius
883 3327 1176 3399 Lactantio
1229 3345 1334 3384 non
1379 3325 1737 3399 contradicit,

161 3403 210 3446 ut
231 3396 540 3468 existimavit
577 3398 844 3468 Baluztns.
883 3397 1012 3452 Vide
1039 3399 1157 3452 Not.
1189 3399 1448 3468 ejusdem.

231 3462 401 3519 Verum
424 3478 600 3522 autem
625 3467 718 3522 Dei
739 3471 999 3537 templum.
1031 3469 1086 3523 Id
1114 3462 1518 3536 cst,'ltontinem
1566 3471 1738 3527 chris-

159 3534 361 3613 tianum.
393 3538 523 3594 Vide
545 3534 908 3613 Lactantiuin,
929 3540 1041 3613 Div.
1064 3534 1310 3613 Instituit.
1340 3541 1433 3597 ltb.
1463 3559 1515 3608 v,
1538 3557 1655 3613 cap.
1681 3545 1734 3610 8,

157 3615 204 3659 et
230 3607 311 3680 hb.
338 3624 405 3673 vt,
437 3625 557 3680 cap.
595 3611 668 3664 25
694 3628 706 3664 :
739 3610 926 3666 Secum
954 3611 1170 3679 denique
1212 3612 1391 3666 habeat
1422 3607 1582 3668 Deum
1605 3607 1740 3668 senti-

157 3693 235 3743 per
270 3679 318 3732 in
344 3680 488 3736 corde
507 3679 626 3738 suo
673 3691 1054 3749 consecratum,
1083 3683 1324 3751 quoniam
1360 3684 1469 3754 ipse
1512 3696 1582 3739 est
1640 3686 1738 3741 DEI

157 3761 404 3805 TEIPLUI.

222 3820 458 3894 Quiversa
490 3834 652 3878 terra.
687 3821 744 3877 Id
773 3831 877 3888 cst,
912 3823 1210 3878 Romanum
1244 3823 1554 3894 Imperium.

215 3889 697 3966 Tresiacerbissimw
720 3895 890 3947 bestia:
924 3895 1218 3950 saeviebant.
1244 3889 1482 3966 Ita-apud
1510 3897 1740 3954 Lactan-

159 3959 271 4035 tium
297 3964 429 4029 lliv.,
451 3965 692 4022 Institul.
721 3966 817 4021 lib.
852 3982 927 4028 v1,
960 3982 1078 4035 cap.
1110 3966 1164 4031 6,
1188 3959 1573 4022 Dominationes
1595 3987 1737 4024 acer-

158 4030 247 4096 ba;
276 4046 325 4088 et
353 4035 438 4092 lib.
475 4052 569 4102 vn,
597 4052 720 4105 cap.
755 4036 811 4101 9,
845 4037 1014 4090 acerbi
1027 4030 1235 4092 census.
1270 4038 1389 4093 Ista:
1420 4049 1596 4093 autem
1637 4052 1738 4096 tres

156 4106 467 4178 acerbissima:
510 4107 687 4162 bestia:
721 4118 876 4162 erant
922 4109 1304 4174 Diocletianus,
1353 4109 1732 4178 Maximianus,

159 4171 449 4243 Herculius,
507 4190 562 4234 et
615 4178 862 4235 Galerius
921 4171 1299 4234 Maximianus.
1354 4171 1733 4238 Constantium

155 4245 280 4300 enim
309 4247 492 4304 Galliis
537 4251 896 4319 imperantem
944 4266 1050 4304 non
1084 4253 1233 4318 ponit
1263 4252 1328 4321 in;
1358 4268 1582 4306 numero
1614 4267 1735 4321 per-

155 4325 456 4388 secuturum.
492 4321 802 4376 Lactantius
848 4321 941 4376 lib.
977 4336 1047 4388 v,
1088 4336 1136 4375 c.
1169 4322 1244 4375 2:
1277 4319 1387 4376 Nec
1427 4319 1674 4378 immerito
1704 4342 1737 4378 a

156 4383 404 4464 Proplietis
419 4407 620 4448 assus:
639 4383 1042 4447 nominantur”:
1061 4393 1602 4464 Aspernunturiitaque
1618 4412 1733 4448 cor-

155 4472 264 4532 pora
284 4460 580 4527 belluarum,
599 4465 782 4532 quibus
797 4472 912 4516 sunt
935 4464 1030 4532 ipsi
1051 4479 1347 4518 SEVIORES.
1375 4460 1584 4520 Nam...
1610 4481 1726 4532 qua:

158 4525 395 4596 Hyrcania
419 4525 814 4607 lumini-manes,
837 4525 964 4587 tam.
980 4536 1342 4605 sanguinarias
1365 4552 1590 4607 unquam
1612 4525 1734 4592 nes-

158 4603 484 4675 rtasaluit?"
519 4603 629 4659 Illa
656 4615 730 4659 est
770 4621 888 4658 vera
929 4603 1150 4664 Βεετιλ,
1175 4608 1326 4675 cujus
1365 4603 1469 4660 una
1503 4609 1734 4674 jussione

160 4670 372 4747 funditur
400 4685 508 4729 ater
549 4677 735 4747 ubique
775 4687 950 4742 cruOr,
993 4687 1100 4731 etc.
1134 4670 1272 4732 Vide
1301 4692 1462 4747 supra
1492 4670 1614 4733 Not.
1665 4678 1733 4734 ad

158 4752 300 4809 caput
326 4745 376 4800 9.

222 4811 351 4886 Q’on.
401 4815 586 4886 Virgil.
622 4834 697 4883 vr,
724 4817 970 4882 Aineid.,
995 4833 1047 4871 v.
1081 4816 1210 4872 6'25.

221 4881 550 4961 Po§s_ini._Sic
592 4881 798 4945 restitui
827 4905 891 4944 ex
927 4881 1027 4961 ms.
1061 4887 1395 4953 Colbertino,
1427 4897 1480 4944 et
1504 4887 1584 4945 sic
1613 4889 1731 4961 lego

159 4965 263 5031 cum
296 4955 529 5030 Virgilio,
559 4971 614 5031 et
643 4961 859 5031 quidem
889 4960 1166 5031 eleganter
1207 4975 1302 5029 pro
1332 4977 1551 5031 possem,
1585 4955 1730 5030 quod

162 5019 319 5101 ferunt
345 5019 532 5101 omnes
561 5019 822 5086 Lactantii
851 5019 1152 5090 editiones;
1179 5019 1409 5098 e'xem'pli
1433 5019 1626 5100 gratia,
1647 5033 1730 5088 hic

158 5099 196 5145 si
233 5100 312 5172 sis.
342 5099 484 5172 aliter
504 5105 714 5168 sentias,
749 5119 843 5172 pro
871 5103 954 5156 hic
994 5103 1039 5156 si
1077 5118 1233 5165 esses,
1275 5099 1690 5172 aliter’sentires.

225 5165 372 5231 Quas.
419 5170 514 5243 Ms.
544 5165 875 5243 quw,m:tle;
929 5188 1104 5242 neque
1146 5172 1288 5228 enim
1319 5171 1509 5243 referri
1556 5181 1734 5242 potest

159 5234 215 5288 ad
242 5243 453 5296 nomina.
486 5234 795 5314 Legendum
829 5234 1071 5315 pirofecio
1099 5260 1250 5314 quas,
1276 5234 1570 5299 referendo
1587 5245 1652 5298 ad
1675 5244 1734 5300 τό

157 5320 422 5368 poenarum.

223 5377 422 5452 Donate.
469 5385 704 5440 Donatus
752 5386 842 5440 ille
879 5393 966 5442 est
991 5385 1257 5440 Lactantii
1288 5384 1459 5439 nostri
1503 5387 1728 5452 amicus,

157 5443 356 5527 illustris
383 5453 596 5527 Christi,
636 5457 946 5523 confessor,
997 5456 1087 5527 qui
1118 5456 1218 5512 sub
1250 5456 1418 5512 tribus
1447 5443 1732 5511 Iudicibus

160 5520 322 5597 novies
352 5533 540 5592 tortus,
569 5525 635 5583 de
663 5528 876 5584 diabolo
909 5520 1244 5597 triumphans
1273 5545 1304 5582 e
1333 5542 1554 5583 carcere
1582 5527 1723 5583 liber

159 5587 386 5649 dimissus
424 5587 538 5650 est;
1074 5587 1090 5597 ’
1673 5637 1676 5640 ~

226 5659 510 5740 [lasciuum
532 5673 845 5740 prtcfectum.
879 5670 1096 5726 Scilicet
1117 5669 1404 5740 Bithynim.

227 5731 516 5808 [Iterat-lein.
533 5731 809 5808 Bithynia:
838 5741 1150 5797 Praesident.

223 5802 398 5862 Auctor
437 5819 480 5864 et
499 5802 819 5868 consiliarius
870 5816 939 5867 ad
966 5812 1254 5884 faciendam
1305 5812 1724 5885 persecutionem.

1757 4499 1813 4560 D

1857 2396 2262 2479 Persecutionem
2289 2407 2473 2479 facere,
2508 2405 2718 2479 phrasis
2748 2406 2848 2462 fuit
2872 2408 3084 2464 illorum
3112 2419 3436 2479 temporum.

1849 2468 2159 2548 Lactantius
2187 2468 2346 2548 Iib.'iv
2376 2468 2718 2543 Divflnstitq
2747 2494 2865 2548 cap.
2917 2481 3003 2533 II.
3035 2480 3179 2535 Alius
3210 2468 3440 2536 eamdem

1848 2543 2111 2617 materiam
2164 2547 2452 2600 mordacius
2483 2549 2713 2616 scripsit,
2745 2543 2831 2617 qui
2869 2559 2976 2602 erat
3019 2561 3126 2603 tum
3167 2568 3194 2604 ε
3226 2569 3442 2606 numero

1836 2612 2120 2681 judicium,
2141 2627 2190 2670 et
2209 2633 2294 2681 om
2321 2633 2536 2673 aucron
2573 2612 2627 2672 in
2670 2612 2850 2689 primis
2876 2635 3149 2676 natamus
3176 2637 3443 2678 Ριιιεεςυ-

1847 2697 2022 2738 TIONIS
2047 2702 2189 2740 FUIT.

1923 2753 2330 2836 Priscilliannm.
2361 2759 2627 2836 Bithyniae
2681 2761 2962 2830 praesidem
3013 2777 3083 2817 ex
3129 2764 3435 2836 menologio

1845 2821 2086 2884 Grmcor.
2110 2828 2174 2881 ad
2199 2829 2340 2884 diem
2380 2831 2442 2886 l2
2467 2823 2634 2886 .I'unii.

1914 2895 2190 2973 zabulum.
2222 2901 2277 2954 Id
2304 2911 2406 2966 est,
2435 2903 2712 2957 diabolum.
2742 2901 2885 2956 Nihil
2925 2904 3191 2973 vulgatius
3219 2906 3270 2960 in
3296 2908 3438 2963 anti-

1842 2971 1961 3044 quis
1987 2968 2296 3044 libr_is_mss.
2329 2989 2487 3041 quam
2515 2989 2614 3028 vox
2643 2973 2834 3044 sabuli,
2865 2974 2943 3028 vel
2972 2968 3159 3042 soboli,
3193 2993 3289 3044 pro
3313 2979 3436 3033 dia-

1843 3037 1983 3103 boli;
2005 3040 2248 3113 _z_abolici,
2281 3037 2378 3113 pro
2405 3045 2662 3098 diabolici.
2696 3043 2771 3098 Ita
2805 3037 3002 3112 passim
3030 3037 3170 3112 apud
3195 3037 3299 3104 'SS.
3338 3050 3441 3106 Pa-

1765 3109 1810 3172 C
1845 3110 2135 3182 tresxVide
2162 3109 2345 3167 Non?
2371 3114 2437 3169 ad
2470 3131 2660 3169 novatn
2701 3109 2934 3182 Operum
2977 3117 3035 3174 S.
3067 3109 3283 3174 Paulini
3333 3119 3442 3176 No-

1844 3177 1950 3251 lani
1980 3181 2030 3235 .I.
2060 3183 2118 3237 Β.
2147 3184 2195 3238 le
2232 3185 2372 3238 Brun
2398 3186 2708 3251 cdiliottem,
2740 3177 2910 3242 I’aris.
2935 3203 3022 3242 an.
3055 3189 3216 3244 1685.

1915 3249 2161 3307 Secutum
2179 3272 2293 3309 cum
2315 3258 2420 3311 suis
2428 3249 2704 3329 terroribus
2725 3258 3072 3327 triumphasti.
3096 3259 3442 3329 Triumphare

1841 3335 1962 3394 cum
1992 3336 2183 3393 quarto
2214 3342 2339 3382 casu
2370 3328 2528 3382 etiam
2561 3328 2906 3383 Lactantiana
2935 3331 3098 3385 dictio
3124 3343 3236 3394 est;
3268 3328 3359 3388 lib.
3383 3348 3441 3388 tv

1843 3391 2020 3446 Institi
2048 3413 2060 3448 ε
2095 3394 2308 3471 Mﬂortf‘m
2335 3415 2454 3452 cum
2479 3401 2585 3454 suis
2607 3399 2884 3453 terroribus
2932 3391 3304 3471 triumpharet;
3344 3404 3437 3459 lib.

1841 3477 1912 3540 vt,
1945 3479 2063 3540 cap.
2096 3466 2196 3540 25:
2220 3468 2320 3522 llic
2347 3480 2533 3524 terram
2564 3471 2926 3538 triumphabit;
2959 3466 3215 3540 Epitom.,
3241 3466 3291 3527 c.
3323 3476 3392 3529 46
3420 3492 3436 3532 :

1840 3536 2170 3602 triumphubit
2199 3541 2464 3608 captivos;
2504 3541 2630 3595 ibid.
2651 3584 2664 3605 ,
2698 3536 2748 3596 ο.
2782 3542 2841 3594 iii
2885 3536 3053 3595 :‘(Jum
3083 3536 3282 3596 videant
3317 3545 3438 3599 deos

1840 3621 1960 3660 suos
1988 3625 2076 3683 per
2127 3610 2341 3683 Crucem
2367 3612 2428 3665 ab
2478 3612 2764 3665 hominibus
2816 3614 3154 3682 triumphari;
3197 3616 3436 3683 tandem,

1840 3690 1957 3750 capi.
1987 3680 2055 3734 66
2091 3698 2103 3734 :
2131 3679 2464 3750 Triumphato
2495 3684 2698 3737 swculo.

1915 3749 2081 3827 Quam
2114 3749 2401 3827 jocundum
2445 3753 2959 3827 illiutlwspectaculum
3012 3753 3120 3827 Deo
3163 3755 3282 3827 fuit.
3331 3753 3436 3827 Cy-

1840 3819 2080 3893 prianus,
2103 3819 2189 3893 ep.
2218 3825 2250 3878 9
2272 3842 2282 3876 :
2312 3824 2356 3876 0
2381 3826 2529 3892 quote
2553 3819 2686 3876 illud
2707 3825 2802 3893 fuit
2828 3819 3439 3892 spertaeuluniDomino!

1912 3889 2244 3965 Elephan‘tos.
2287 3889 2417 3948 Nam
2470 3908 2521 3949 et
2551 3889 2864 3962 elephantos
2893 3895 2958 3947 ad
2991 3912 3206 3950 currum
3235 3899 3435 3965 junxe-

1841 3971 1965 4036 runt
1989 3963 2213 4032 antiqui,
2247 3975 2302 4019 ut
2338 3976 2483 4036 patet
2511 3982 2578 4020 ex
2608 3965 2912 4032 Lampridio
2942 3966 2996 4020 in
3030 3967 3146 4020 Vita
3177 3963 3437 4026 Antonini

1840 4030 2189 4103 IIeliogabali,
2223 4046 2274 4090 et
2302 4030 2364 4091 cit
2395 4037 2514 4093 aliis
2543 4038 2694 4091 locis.
2729 4030 2929 4091 Auctor
2970 4048 3054 4092 est
3083 4037 3299 4093 Flavius
3335 4041 3437 4096 V0-

1840 4104 2118 4179 piscusuin
2152 4107 2446 4177 triumpho,
2479 4125 2638 4177 quem
2689 4109 3008 4162 Aurelianus
3037 4112 3145 4179 egit
3169 4111 3236 4165 de
3265 4111 3438 4166 Zeno-

1839 4173 1935 4252 ξξίει⁸
1954 4185 2007 4231 et
2036 4177 2269 4252 'I‘etrico,
2302 4173 2617 4252 elephantes
2647 4179 2845 4252 ‘viginli
2903 4173 3267 4252 princesisse.
3306 4181 3438 4240 Vide

1839 4244 2196 4320 Bul_engerum
2231 4251 2283 4304 in
2317 4244 2450 4305 libro
2471 4251 2539 4305 de
2569 4244 3053 4320 Triutiiphisfcap.
3087 4251 3182 4305 21.

1911 4317 2303 4394 subjugantem.
2343 4362 2356 4374 .
2392 4361 2404 4374 .
2435 4323 2694 4394 subjugatt
2727 4317 2873 4394 sunt.
2938 4317 3059 4377 nec
3107 4324 3268 4378 verba
3317 4340 3438 4394 qua:

1839 4389 2208 4461 eruditissimo
2253 4393 2368 4446 Nic.
2433 4389 2656 4448 Heinsio
2709 4392 3028 4461 displicent,
3089 4389 3438 4452 nihilominus

1841 4459 2182 4516 Lactantiana
2215 4473 2377 4529 sunt;
2426 4466 2504 4518 sic
2542 4469 2683 4518 enim
2719 4459 2837 4516 Div.
2871 4465 3040 4518 lnstit.
3096 4465 3188 4518 lib.
3222 4482 3294 4520 vtt
3321 4469 3434 4521 ait:

1839 4529 2045 4606 Falsus,
2083 4534 2239 4602 igitur
2267 4537 2582 4604 Aristippus,
2621 4535 2708 4605 qui
2733 4534 2988 4586 hominem
3036 4536 3309 4606 voluptati,
3340 4539 3436 4592 hoc

1837 4613 1911 4657 est
1927 4605 2099 4674 ‘malo,
2128 4617 2370 4674 tanquam
2399 4607 2642 4674 pecudem
2672 4620 3015 4660 SUBJUGAVIT.

1909 4670 2034 4727 Cum
2059 4670 2409 4730 dominatores
2433 4678 2744 4730 dominatur.
2784 4677 2880 4729 llic
2910 4677 3170 4728 dominari
3200 4687 3283 4732 est
3314 4693 3438 4738 nas-

1835 4743 1946 4816 siva
1977 4746 2388 4814 signiﬁcatione,
2419 4756 2473 4800 ut
2502 4748 2640 4816 apud
2668 4745 2985 4800 Ciceronem
3015 4748 3066 4800 in
3100 4745 3236 4799 libro
3260 4748 3434 4803 1οΓΙῖ-

1835 4815 2039 4888 ciornm
2072 4833 2084 4868 :
2106 4817 2150 4869 0
2178 4818 2361 4871 domus
2385 4815 2617 4888 antiqua,
2641 4819 2739 4870 Iteu
2761 4833 2917 4886 quant
2937 4818 3146 4884 dispare
3169 4817 3438 4876 dominare

1837 4887 2080 4940 dondno!

1913 4957 2156 5026 Nefanda
2179 4960 2423 5027 iussione.
2449 4958 2539 5015 Sic
2563 4956 2869 5012 Lactantius
2893 4956 3012 5012 Div.
3036 4955 3210 5013 Instil.
3238 4958 3331 5015 lib.
3357 4977 3434 5029 tv,

1835 5042 1954 5098 cap.
1984 5029 2050 5083 15
2075 5049 2086 5083 :
2125 5029 2286 5084 Verbo
2306 5047 2365 5084 ac
2386 5045 2631 5085 wssmae
2659 5029 2878 5097 faciebat
2899 5038 2953 5081 et
2979 5029 3069 5083 lib.
3099 5045 3153 5093 v,
3183 5044 3300 5095 cap.
3329 5034 3431 5090 15:

1838 5099 1960 5155 Non
2003 5103 2294 5172 tyrannicas
2320 5116 2629 5162 JUSSIONES;
2662 5109 2716 5154 et
2744 5099 3008 5172 ejusdem,
3041 5116 3158 5169 cap.
3196 5102 3255 5155 ll
3289 5121 3303 5157 :
3333 5101 3435 5159 Illa

1832 5182 1907 5226 est
1930 5171 2241 5244 verarbestia,
2267 5175 2414 5241 cujus
2438 5189 2540 5225 una
2573 5186 2814 5226 JUSSIONE
2857 5171 3093 5240 funditur
3116 5182 3221 5244 ater
3246 5175 3434 5244 ubique
3529 5230 3532 5234 ,

1834 5259 2005 5297 cruor.
2035 5243 2102 5298 Et
2133 5244 2289 5314 paulo
2308 5253 2446 5312 post,
2470 5260 2595 5310 quas
2619 5244 2878 5296 ministros
2901 5245 3089 5312 furoris
3110 5243 3284 5306 alieni,
3305 5243 3434 5313 quos

1834 5314 2073 5386 satellites
2096 5313 2267 5384 impia:
2302 5328 2556 5371 wssmms
2578 5313 2847 5386 necessitas
2889 5325 2979 5365 aut
3014 5315 3218 5386 invenit,
3245 5327 3331 5369 aut
3353 5318 3433 5386 [e—

1835 5385 1926 5438 cit.
1951 5385 2209 5440 Jussionis
2233 5402 2354 5452 vox,
2373 5387 2525 5456 juxta
2564 5384 2848 5455 Cangium,
2883 5385 3299 5454 prteceptionem
3329 5384 3434 5443 no-

1834 5459 2168 5538 tatmmauitne
2201 5457 2476 5538 Principis.
2545 5536 2553 5538 4
2849 5525 2908 5538 ν
2948 5526 2960 5538 ,
3085 5524 3118 5538 ,,

1905 5526 2217 5598 Terriculas.
2273 5529 2326 5583 Id
2378 5525 2482 5594 est,
2541 5536 2798 5582 terrores.
2847 5525 3029 5580 Livius
3085 5525 3178 5580 lib.
3239 5542 3429 5598 xutv,

1833 5613 1951 5666 cap.
1987 5599 2046 5653 II
2074 5617 2086 5650 :
2111 5597 2287 5654 Nullis
2308 5601 2480 5666 minis,
2521 5598 2680 5654 nullis
2723 5598 2975 5652 terriculis
3009 5612 3063 5650 se
3113 5606 3293 5652 motos.
3350 5597 3430 5658 De

1837 5669 1934 5722 hac
1957 5686 2086 5724 voce
2115 5671 2199 5724 adi
2227 5671 2480 5726 Nonium.
3043 5667 3282 5724 ϐοωπις.

1908 5739 2056 5794 Nihil
2079 5744 2300 5809 ungulte.
2337 5740 2577 5812 Ungulw,
2600 5756 2769 5812 genus
2801 5738 3068 5812 qttodda_m
3097 5739 3283 5796 ferreae
3315 5740 3431 5797 for-

1835 5811 1991 5882 cipis,
2025 5813 2167 5868 inter
2208 5809 2470 5869 tormenta
2520 5809 2646 5880 olim
2695 5811 2966 5866 adhibitae.
3002 5809 3252 5869 Formam
3305 5814 3428 5872 vide
