3960 6342
489 281 614 388 223’

1837 327 2027 387 FIRMI
2063 327 2424 389 LACTANTII

3687 321 3816 385 223

491 457 644 501 cesse
668 451 770 500 est.
805 443 932 500 Erat
959 449 1136 499 autem
1161 440 1487 498 Maximiano
1515 440 1700 514 (ﬁlius)
1735 441 2068 510 Maxentius,
2097 447 2152 507 Α
2245 444 2310 500 G.
2341 446 2412 502 lta
2441 445 2552 514 llet,
2600 453 2658 502 ut
2701 460 2801 518 ego
2847 461 2954 503 non
2985 447 3186 519 possim
3217 445 3398 504 facere
3425 463 3552 520 quae
3583 449 3804 504 velim.

493 535 652 606 hujus
679 537 845 606 ipsius
871 535 1172 590 Maximiani
1212 549 1399 605 gener,
1447 535 1608 588 homo
1651 535 1966 604 perniciosa:
2011 549 2076 590 ac

492 629 646 684 mala:
674 629 885 688 mentis,
921 625 1059 682 adeo
1087 627 1349 696 superbus
1379 635 1434 680 et
1465 637 1773 692 contumax,
1805 635 1864 680 ut
1893 641 2069 696 neque

493 729 732 790 patrem,
789 733 963 788 neque
1021 733 1270 776 socerum
1329 718 1521 773 solitus
1580 719 1650 773 sit
1711 717 1959 773 adorare.
2009 717 2078 774 Et

493 811 695 867 idcirco
719 812 938 882 utrique
970 811 1181 868 invisus
1205 812 1324 866 fuit.
1351 811 1661 866 Constantio
1697 827 1908 884 quoque
1935 811 2079 866 illius

490 913 606 962 erat
630 903 1051 970 Constantinus,
1105 904 1478 959 sanctissimus
1518 902 1866 968 adolescens,
1899 911 1955 956 et
1983 901 2077 957 illo

491 997 704 1068 fastigio
749 997 1136 1068 dignissimus,
1183 995 1274 1067 qui
1321 995 1514 1066 insigni
1552 1005 1604 1050 et
1647 995 1846 1050 decoro
1891 993 2078 1050 habitu

491 1089 759 1160 corporis,
791 1099 847 1146 et
873 1089 1132 1144 industria
1163 1087 1421 1154 militari,
1473 1097 1528 1142 et
1561 1087 1743 1156 probis
1793 1085 2032 1142 moribus
2056 1126 2074 1153 ,

493 1189 546 1236 et
569 1181 826 1236 comitate
855 1181 1132 1252 singulari,
1185 1193 1214 1233 a
1262 1179 1520 1236 militibus
1548 1187 1838 1244 amaretur,
1888 1193 1919 1232 a
1968 1177 2079 1247 pri-

492 1271 626 1326 vatis
671 1279 725 1328 et
765 1281 1061 1342 optaretur.
1093 1270 1330 1340 Eratque
1371 1279 1498 1324 tunc
1541 1283 1801 1339 praesens,
1829 1269 1939 1339 jam
1969 1269 2078 1339 pri-

491 1363 612 1418 dem
641 1377 668 1415 a
701 1361 1035 1419 Diocletiano
1062 1361 1237 1417 factus
1270 1363 1519 1418 tribunus
1547 1361 1750 1416 ordinis
1777 1361 1957 1432 primi.

565 1455 627 1509 D.
658 1455 796 1522 Quid
825 1470 954 1525 ergo
981 1455 1107 1510 lict?

559 1547 624 1603 G.
657 1547 772 1610 Ille.
803 1547 998 1616 inquit,
1029 1547 1226 1618 dignus
1256 1561 1365 1601 non
1392 1553 1492 1601 est.
1523 1545 1624 1613 Qui
1671 1545 1814 1600 enim
1855 1557 1942 1600 me
1971 1543 2080 1614 pri-

489 1649 642 1694 vatus
667 1639 1028 1710 contempsit;
1073 1637 1202 1710 quid
1233 1639 1428 1707 faciet,
1459 1653 1582 1694 cum
1609 1637 1892 1709 imperium
1921 1649 2081 1693 acce-

489 1735 624 1806 perit
637 1736 662 1789 2

565 1827 628 1882 D.
655 1827 776 1896 ilic,
801 1843 931 1884 vero
955 1835 1010 1884 et
1034 1827 1282 1884 amabilis
1305 1835 1386 1884 est
1405 1868 1420 1894 ,
1467 1836 1524 1884 et
1565 1828 1635 1882 ita
1665 1827 2020 1898 imperaturus
2043 1867 2061 1894 ,

489 1931 550 1978 ut
574 1929 727 1992 patre
753 1935 852 1978 suo
879 1921 1072 1978 melior
1095 1929 1150 1980 et
1169 1921 1485 1978 clementior
1504 1921 1796 1992 iudicetur.

2177 537 2283 592 Eos
2327 539 2486 610 igitur
2534 549 2748 610 oportet
2796 542 3124 610 nuncupari,
3171 541 3264 613 qui
3306 542 3418 597 sint
3447 542 3500 598 in
3531 557 3660 598 mea
3697 556 3812 612 po-

2177 639 2410 698 testate,
2462 631 2555 702 qui
2609 632 2867 698 timeant,
2914 633 3005 704 qui
3051 633 3186 688 nihil
3229 632 3462 700 laciant,
3511 634 3620 692 nisi
3667 646 3814 690 meo

2173 737 2348 792 iussu.

2248 836 2312 892 D.
2340 836 2484 905 Quos
2511 852 2642 909 ergo
2668 837 2967 896 iaciemus?

2249 925 2314 982 (ἱ.
2341 927 2624 992 Severum,
2649 926 2840 997 inquit.

2251 1039 2313 1092 D.
2345 1038 2570 1096 illumne
2589 1040 2919 1106 saltatorem,
2943 1041 3321 1109 temulentum,
3353 1041 3674 1111 ebriosum,
3699 1041 3802 1102 cui

2179 1145 2284 1186 nox
2315 1147 2414 1202 pro
2435 1131 2549 1198 die,
2575 1141 2631 1188 et
2653 1131 2771 1188 dies
2797 1147 2896 1202 pro
2925 1141 3082 1189 nocte
3099 1135 3124 1186 ?

2249 1244 2316 1302 G.
2365 1245 2607 1317 Dignus,
2659 1247 2872 1316 inquit,
2926 1247 3179 1318 quoniam
3229 1247 3493 1304 militibus
3551 1239 3826 1307 ﬁdeliter

2178 1339 2426 1409 praebuit,
2452 1348 2508 1396 et
2537 1353 2661 1396 eum
2687 1339 2812 1396 misi
2836 1340 2903 1395 ad
2929 1339 3310 1397 Maximianum
3335 1382 3351 1410 ,
3399 1351 3462 1399 ut
3505 1344 3578 1400 ab
3605 1359 3680 1400 eo
3715 1345 3812 1400 iu-

2178 1432 2391 1488 duatur.

2249 1525 2314 1580 ι).
2343 1523 2493 1581 Esto.
2525 1523 2770 1581 Alterum
2799 1539 2960 1596 quem
2987 1524 3179 1581 dabis?

2251 1637 2318 1694 G.
2346 1637 2520 1705 Hunc,
2547 1637 2756 1710 inquit,
2801 1638 3094 1694 ostendens
3139 1639 3322 1696 Daiam
3373 1639 3812 1700 adolescentem

2180 1729 2466 1804 quemdam
2518 1727 2986 1794 semibarbarum,
3061 1745 3221 1801 quem
3299 1745 3494 1788 recens
3547 1732 3814 1802 iusserat

2171 1824 2546 1880 Maximianum
2588 1823 2768 1878 vocari
2833 1821 2902 1879 de
2949 1837 3050 1878 suo
3102 1824 3342 1880 nomine.
3387 1825 3510 1880 Jam
3558 1835 3620 1882 et
3667 1827 3810 1907 ipsi.

2093 1910 2143 1971 B
2173 1917 2533 1974 Diocletianus
2552 1931 2748 1974 nomen
2775 1933 2840 1973 ex
2861 1927 3014 1988 parte
3041 1925 3347 1976 mutaverat
3385 1919 3591 1977 ominis
3623 1935 3810 1978 causa

1766 2057 2130 2115 VARIORUM
2165 2055 2396 2113 ΝΟΤΔΕ.

489 2199 914 2267 quemadmodum
929 2198 1112 2269 uulgus
1131 2197 1384 2253 existimat
1399 2206 1714 2269 mortuorum
1729 2197 1926 2269 animus
1937 2197 2076 2269 circa

493 2269 716 2322 tumulos
747 2280 796 2322 et
815 2267 1086 2336 corporum
1105 2285 1314 2322 suorum
1335 2268 1576 2337 reliquias
1603 2271 1858 2322 aberrare.
1885 2267 1952 2320 Et
1981 2268 2074 2322 lib.

493 2353 570 2402 νι,
591 2355 710 2408 cap.
741 2340 812 2394 24
839 2358 850 2392 :
877 2339 1018 2394 Licet
1037 2355 1226 2395 pune.
1261 2339 1401 2404 Nu,
1429 2349 1534 2394 etc.

567 2409 754 2466 Filius.
807 2410 974 2466 Abest
1020 2425 1050 2464 a
1099 2425 1200 2464 ms.
1253 2423 1308 2465 et
1337 2411 1544 2464 nullum
1589 2417 1676 2465 est
1719 2409 1950 2478 Spatium
1988 2426 2078 2464 va-

492 2495 674 2536 cuum.

565 2551 876 2606 Maxentius.
911 2552 1084 2606 llomo
1111 2551 1270 2621 ferus,
1295 2550 1466 2620 inquit
1495 2549 1743 2605 Aurelius
1775 2549 1978 2615 Victor,
2029 2559 2078 2606 et

491 2622 818 2746 ignitntanus,
863 2623 996 2678 nulli
1033 2639 1207 2686 carus,
1245 2638 1309 2676 ne
1339 2625 1491 2688 patri,
1531 2631 1624 2674 aut
1661 2635 1836 2676 socero
1873 2623 2080 2690 quidem

541 2709 574 2745 a
595 2709 722 2746 erto.

527 2690 722 2748 ialerio.

565 2763 762 2826 Ipsius.
781 2764 858 2818 ita
889 2779 992 2818 ms.
1017 2765 1087 2818 At
1115 2761 1280 2820 editio
1307 2762 1570 2818 Nourrisii
1601 2761 1763 2817 habet
1801 2763 1930 2832 ipse.

566 2833 744 2888 Matre.
775 2835 864 2888 Bis
885 2835 1144 2904 repetitur
1165 2833 1218 2888 in
1247 2849 1350 2889 ms.
1377 2849 1471 2902 per
1487 2849 1748 2888 errorem.

565 2905 816 2958 Adorare.
849 2905 904 2960 id
927 2901 1029 2966 est,
1059 2905 1338 2965 inclinare.
1365 2901 1648 2960 incurvare
1677 2919 1736 2960 se
1767 2901 2029 2974 profunde
2057 2943 2076 2970 ,

495 2985 554 3030 ut
587 2975 656 3028 de
685 2976 880 3030 Davitle
907 2983 1034 3030 ante
1057 2975 1326 3030 Jonathan
1355 2975 1548 3044 legitur
1575 2991 1592 3030 ι
1617 2975 1776 3044 Reg.
1825 2989 1946 3044 cap.
1979 2991 2074 3040 xx,

495 3062 548 3100 ν.
581 3047 670 3110 41,
703 3055 755 3098 et
785 3061 818 3098 ιι
847 3046 1002 3112 Βιςςη
1029 3059 1146 3114 cap.
1189 3046 1279 3112 24,
1311 3062 1360 3098 v.
1392 3047 1484 3111 21,
1532 3055 1635 3101 etc.
1663 3046 1866 3100 Eodem
1911 3061 2074 3100 sensu

495 3117 655 3170 etiam
682 3131 824 3184 saepe
852 3117 1078 3170 sumitur
1105 3116 1244 3182 apud
1291 3117 1450 3172 medii
1493 3117 1598 3170 arvi
1639 3117 1950 3186 scriptores.
1988 3115 2078 3186 ita

497 3187 566 3242 tle
601 3186 926 3240 Diocletiano
955 3187 1084 3242 dicit
1113 3187 1417 3256 Eutropius,
1451 3187 1546 3242 lib.
1579 3203 1654 3251 1x,
1687 3185 1806 3254 cap.
1830 3187 1896 3240 lli
1929 3202 1942 3237 :
1974 3185 2078 3242 Re-

497 3259 595 3328 gia:
619 3257 999 3311 consuetudinis
1022 3261 1240 3328 formam
1265 3259 1472 3325 invexit,
1503 3259 1810 3326 adorarique
1831 3273 1884 3312 se
1903 3257 2079 3324 iussit,

497 3343 614 3382 cum
633 3337 750 3380 ante
767 3345 882 3380 eum
909 3332 1076 3382 cuncti
1103 3329 1464 3384 salutarentur.

569 3397 886 3452 Constantio.
911 3399 982 3454 At
1009 3401 1060 3452 in
1089 3415 1218 3464 ms.,
1235 3399 1582 3454 Constantius.

571 3470 934 3524 Sanctissimis
999 3469 1314 3524 adolescens.
1371 3473 1446 3526 De
1483 3471 1674 3526 eodem
1725 3469 2082 3526 Constantino

503 3538 809 3593 Lactantius
841 3543 888 3611 in
923 3541 1038 3594 libri
1071 3557 1142 3594 vn
1183 3543 1298 3595 Div.
1353 3543 1524 3596 lnstit.
1559 3541 1786 3610 Epilogo
1816 3559 1936 3611 cap.
1967 3541 2038 3596 26
2065 3561 2080 3598 :

499 3625 831 3665 SANCTISSIIE
861 3609 1152 3680 Imperator
1187 3613 1536 3666 sanctissimus
1565 3609 1893 3682 adolescens,
1915 3613 2086 3682 Paga-

499 3697 704 3756 ttornni
719 3683 974 3756 eltlgllllll,
999 3683 1049 3736 id
1080 3684 1572 3756 estuintegerrimus
1596 3700 1614 3756 ;
1646 3685 1714 3736 ita
1737 3681 2086 3756 ΟἰωνοΡίιί-

503 3752 594 3818 lip.
641 3753 724 3806 l5.
773 3752 1118 3807 Octavianum
1173 3752 1441 3809 Caesarem
1498 3755 1634 3808 dixit
1666 3771 1678 3808 :
1710 3755 2088 3808 sanctissimum

499 3821 882 3896 adolescentem.
915 3823 1046 3879 Vide
1067 3835 1123 3896 et
1155 3823 1434 3896 Velleium,
1469 3825 1564 3881 lib.
1589 3841 1647 3888 ιι,
1671 3841 1792 3896 cap.
1815 3827 1904 3880 55.

579 3891 792 3946 Dccoro.
821 3894 876 3947 In
907 3909 1032 3954 ms.,
1067 3893 1280 3949 Dacore.
1313 3895 1558 3951 Mendum
1587 3905 1690 3952 est.

574 3963 616 4016 A
649 3967 857 4038 privatis
874 3977 929 4038 et
956 3975 1236 4038 optaretur.
1264 3967 1340 4020 Ita
1363 3983 1467 4022 ms.
1493 3967 1628 4024 Nota
1653 3967 1742 4022 hic
1761 3967 1949 4038 labiler
1979 3966 2090 4036 pri-

503 4045 681 4087 vatum
713 4051 742 4088 a
771 4037 942 4089 milite
963 4035 1240 4103 distingui.

577 4105 800 4174 Eratque
821 4115 940 4158 tunc
966 4121 1206 4174 praesens.
1247 4105 1514 4176 Submitto
1542 4105 1712 4160 doctis
1758 4121 1930 4161 meam
1969 4107 2090 4176 opi-

505 4175 754 4238 nionem,
811 4191 952 4230 anue
990 4175 1256 4246 Anonymi
1305 4175 1570 4230 Valesiani
1621 4177 1780 4231 verba
1811 4175 2090 4232 hunc'ad-

505 4249 716 4329 lll‘llllalll.
745 4261 958 4329 sensum
993 4264 1006 4298 :
1037 4245 1297 4328 Galerium
1313 4246 1430 4329 ideo
1451 4248 1620 4329 potius
1645 4247 1887 4329 Seuerum
1913 4249 2094 4329 fecisse

504 4315 772 4388 Cwsaretn,
817 4317 953 4384 quod
1004 4325 1156 4388 esset
1185 4319 1420 4388 ignobilis
1452 4315 1684 4372 moribus
1722 4329 1768 4372 et
1823 4315 2047 4372 ebriosus
2071 4358 2086 4382 ,

503 4403 660 4454 quum
705 4385 1068 4440 Constantinus
1115 4385 1368 4456 ejusmodi
1413 4390 1536 4441 vitia
1583 4405 1685 4441 non
1729 4399 1971 4454 nosceret,
2003 4389 2092 4442 sed

2103 3079 2148 3145 C

2181 2195 2394 2250 lerium.

2249 2265 2334 2320 Ita
2364 2267 2464 2333 ﬁet.
2501 2263 2676 2320 Verba
2707 2263 2928 2321 Galerii.

2255 2335 2450 2408 inquit.
2485 2336 2749 2408 Galerius.

2251 2404 2496 2461 Illumne.
2527 2407 2786 2476 Loquitur
2816 2404 3198 2476 Diocletianus.

2253 2475 2641 2532 Tcmulentumf
2659 2477 2755 2532 Ms.
2769 2519 2783 2542 ,
2811 2475 3211 2544 Tumulentum;
3233 2475 3518 2532 mendose.

2255 2548 2449 2618 lnquit.
2481 2547 2745 2604 Galerius.

2261 2617 2509 2674 Militibus
2539 2619 2758 2684 ﬁdeliter
2787 2617 3019 2686 praebuit.
3055 2617 3314 2672 Nimirum
3347 2619 3624 2688 stipendia
3647 2661 3662 2686 ,
3697 2637 3808 2676 an-

2185 2706 2380 2746 nonam
2423 2691 2745 2758 militarem,
2773 2704 2933 2758 quam
2979 2689 3304 2757 prabendam
3355 2702 3554 2746 vocant
3601 2702 3810 2748 aucto-

2183 2777 2272 2817 res
2328 2761 2482 2816 varii.
2527 2757 3094 2826 CapsensiPra’buit,
3158 2761 3350 2816 melius
3398 2770 3586 2818 tamen
3646 2775 3810 2822 esset

2221 2833 2410 2888 ratl'uit.

2184 2835 2658 2958 prﬁﬁimianum.
2687 2899 3014 2966 Herculium,
3039 2899 3269 2956 scilicet.

2183 3045 2218 3102 Ι)
2257 2973 2326 3029 Ut
2353 2976 2414 3028 ab
2437 2990 2494 3027 eo
2515 2974 2780 3027 induatur.
2809 2971 3074 3042 Purpura,
3105 2987 3208 3042 qua
3241 2971 3488 3030 Caesares
3515 2973 3802 3048 insignio-

2219 3057 2398 3100 antur.

2219 3057 2398 3100 antur.

2251 3115 2398 3170 Esto.
2425 3114 2683 3183 Loquitur
2713 3113 3104 3172 Diocletianus.

2254 3185 2449 3256 Inquit.
2473 3185 2739 3240 Galerius.

2251 3255 2454 3311 Daiam.
2515 3256 2640 3312 Sive
2687 3257 2923 3322 Dazam,
2973 3255 3138 3309 lilium
3182 3255 3390 3312 sororis
3418 3255 3626 3314 Galerii
3654 3300 3669 3320 .
3723 3262 3808 3322 ob

2181 3325 2284 3410 hoc
2325 3329 2500 3398 ipsum
2553 3326 2814 3382 Galerium
2843 3325 3220 3382 Maximianum
3262 3326 3468 3382 dictum
3513 3329 3570 3384 in
3619 3329 3810 3400 adop-

2185 3409 2348 3453 tione.

2259 3469 2495 3524 Iusserat
2527 3467 2901 3523 Maximianum
2929 3468 3102 3522 vocari
3147 3467 3212 3522 de
3239 3483 3336 3521 suo
3367 3469 3592 3524 nomine.
3629 3471 3812 3528 Balu-

2185 3539 2298 3595 zius
2327 3541 2386 3594 V.
2421 3542 2480 3595 C.
2515 3541 2566 3595 in
2597 3541 2736 3594 notis
2762 3540 3028 3610 agnoscit,
3059 3539 3148 3592 hic
3173 3549 3228 3594 et
3253 3539 3381 3610 fere
3408 3557 3632 3610 semper
3662 3546 3808 3600 alibi

2185 3611 2288 3682 legi
2336 3613 2388 3682 in
2435 3611 2600 3682 veteri
2653 3611 2854 3682 codice_
2893 3609 3286 3682 dlaaimian‘um.
3347 3609 3501 3682 Unde
3534 3609 3807 3682 suspicio

2187 3678 2317 3736 mihi
2340 3681 2499 3748 inest,
2537 3678 3293 3752 DazamaGal._blaximiano
3341 3679 3408 3736 de
3436 3681 3591 3752 pleno
3619 3678 3810 3752 ipsius

2187 3755 2403 3808 nomine
2459 3761 2700 3806 vocatum
2731 3749 2896 3806 fuisse
2929 3749 3306 3806 Maximianum
3331 3793 3346 3818 ,
3390 3749 3496 3808 nan
3539 3749 3812 3810 uiritim—i-

2187 3839 2328 3876 num.
2383 3821 2594 3878 Etenim
2655 3823 2708 3876 iu
2759 3821 2966 3876 duabus
3027 3819 3386 3878 Thermarum
3465 3823 3810 3884 Diocletiani

2187 3893 2624 3963 inscriptiOnibus
2651 3893 2790 3963 apud
2821 3891 3129 3963 Gruterum,
3179 3909 3234 3962 p.
3267 3908 3534 3948 cnxxxvut
3560 3935 3576 3959 ,
3607 3895 3646 3948 ‘2
3677 3910 3740 3950 et
3771 3899 3814 3956 7

2191 3975 2312 4033 post
2347 3961 2716 4020 Constantium
2774 3975 2828 4017 et
2859 3961 3235 4034 Maximianuin
3276 3965 3458 4034 iAngg.
3493 3979 3560 4018 ac
3611 3966 3812 4022 Seve~

2189 4031 2306 4090 i'ttm
2347 4035 2483 4090 Caes.
2514 4043 2830 4090 recensetur
2857 4031 3208 4087 Maximianus
3250 4031 3454 4104 Cwsar,
3501 4035 3592 4104 qui
3649 4037 3816 4098 alius

2190 4121 2310 4160 esse
2361 4105 2542 4175 nequit
2587 4120 2616 4158 a
2655 4105 2817 4158 Daza.
2869 4103 3022 4159 Adde
3064 4105 3203 4175 apud
3234 4103 3453 4160 Graecos
3487 4103 3812 4174 seriptores

2191 4173 2461 4232 entndem'
2485 4175 2790 4246 promiscue
2835 4173 3115 4246 appellari
3145 4173 3546 4246 Maximianum.
3583 4173 3816 4236 Existi-

2192 4249 2450 4316 maverim
2483 4245 2682 4316 itaque,
2706 4247 2956 4316 quoniam
2979 4245 3092 4316 jam
3121 4247 3230 4300 duo
3273 4256 3431 4301 erant
3475 4245 3816 4308 Maximiani

2195 4315 2498 4388 (Herculius
2537 4313 2594 4372 ei
2623 4313 2881 4388 Galerius)
2927 4313 3328 4388 apud__vulgum
3361 4317 3694 4383 obtinuisse;
3747 4331 3820 4378 ut

2193 4385 2520 4442 discriminis
2568 4403 2716 4458 ergo,
2753 4385 2890 4442 om
2931 4401 3037 4441 non
3066 4385 3454 4456 Maximianus,
3484 4389 3586 4444 sed
3618 4389 3823 4447 Maxi-

506 4459 652 4524 longe
685 4455 747 4508 ab
773 4457 832 4508 iis
859 4467 1013 4521 esset,
1043 4455 1286 4524 tanquam
1323 4459 1672 4512 sanctissimus
1699 4460 1992 4513 adolescens
2045 4469 2090 4514 et
2113 4461 2167 4521 D
2191 4459 2362 4513 minus
2384 4455 2672 4514 diceretur.
2697 4458 2954 4512 Tomsnn.

507 4528 705 4600 probis,
739 4528 980 4600 moribus.
1018 4529 1338 4600 rSubjiciam
1389 4533 1502 4600 ipsa
1553 4531 1804 4600 anonymi
1875 4531 2036 4584 verba
2069 4547 2085 4586 :

507 4597 796 4670 (Galerius)
825 4613 987 4670 annos
1007 4599 1270 4670 imperauit
1299 4597 1421 4654 xix.
1447 4599 1666 4656 Severus
1695 4597 1866 4655 Caesar
1889 4601 2090 4670 ignobi-

507 4667 570 4720 lis
598 4678 652 4722 et
697 4667 922 4722 litoribus
949 4679 1002 4723 et
1029 4667 1302 4736 natalibus,
1334 4671 1519 4732 ebrius,
1544 4683 1596 4726 et
1625 4672 1686 4724 ob
1717 4673 1810 4724 ltoc
1841 4667 2091 4734 (ebrieta-

509 4745 612 4792 tem
643 4739 895 4812 maxime)
923 4739 1128 4812 Galerio
1149 4743 1362 4795 anticus.
1395 4741 1546 4812 Hunc
1589 4759 1708 4812 ergo
1749 4753 1798 4796 et
1845 4742 2092 4796 Maximi-

507 4825 630 4861 num
683 4809 918 4864 Galerius
967 4811 1190 4866 σίτων-ει
1239 4813 1382 4884 fecit,
1437 4809 1770 4884 Cpnstmitino
1809 4813 1940 4866 nihil
1989 4811 2093 4866 tale

509 4891 772 4952 noscente;
803 4893 854 4935 et
903 4899 1027 4936 mox
1057 4883 1298 4946 sequitur
1337 4885 1406 4938 de
1447 4883 1666 4938 Galerio
1701 4883 1842 4952 apud
1869 4887 2092 4952 Anony-

507 4965 664 5025 munt_
687 4971 700 5025 ς
727 4951 963 5007 Galerius
991 4954 1064 5006 sic
1089 4955 1318 5025 ebriosus
1345 4953 1459 5022 fuit,
1487 4951 1750 5025 utjuberet
1767 4951 2090 5020 temulentus,

507 5029 610 5093 etc.
645 5021 698 5074 ld
727 5025 870 5076 enim
899 5039 1056 5076 neum
1087 5023 1242 5078 facile
1271 5021 1502 5093 negabit.
1535 5021 1698 5086 nosse.
1733 5041 1960 5086 noscere,
2005 5041 2094 5090 pe-

508 5091 808 5165 ritumesse,
843 5107 946 5146 non
977 5109 1100 5148 raro
1129 5095 1195 5149 de
1223 5091 1366 5148 vitiis
1405 5095 1546 5158 dici;
1605 5106 1764 5165 atque
1795 5096 1918 5149 hinc
1947 5097 2096 5162 prin-

508 5177 636 5234 ceps
665 5163 840 5218 Nutu-ii
871 5175 1244 5232 argumentum
1277 5181 1381 5220 non
1411 5167 1588 5222 minus
1619 5163 1904 5232 incertum,
1931 5180 2094 5234 quam

509 5233 624 5305 ipse
653 5239 967 5305 Anonymus
987 5249 1194 5290 auctor.
1227 5236 1502 5290 Bonnam.

579 5301 921 5358 Diocletiano.
959 5305 1024 5359 Et
1049 5307 1128 5360 sic
1175 5305 1338 5360 habet
1365 5311 1786 5376 manuscriptus,
1839 5321 1946 5362 non
1987 5305 2096 5360 De-

507 5373 656 5426 ciano
675 5391 692 5427 :
713 5375 1030 5448 extendatur
1059 5377 1394 5442 membrana,
1427 5393 1528 5432 ms.
1553 5373 1672 5448 qua:
1697 5378 1786 5436 hic
1803 5379 2096 5436 constricta

508 5457 608 5506 est,
643 5455 696 5498 et
725 5447 950 5514 legatur.

583 5515 718 5587 Quid
747 5533 866 5586 ergo
897 5519 997 5584 ﬁet.
1031 5516 1294 5587 Loquitur
1325 5517 1706 5574 Diocletianus.

581 5582 698 5636 ltle.
734 5582 950 5641 Scilicet
975 5582 1294 5643 Maxentius.

583 5653 772 5724 lnqnit.
794 5659 1059 5713 Galerius.

579 5725 772 5804 {lignus
803 5745 904 5781 non
931 5743 1022 5804 est.
1061 5731 1136 5786 De
1159 5729 1436 5804 Maxentio
1467 5731 1684 5804 dieitur.

581 5793 696 5847 Hic.
729 5795 1128 5858 Constantinus.
1159 5799 1333 5858 Verba
1379 5813 1504 5860 sunt
1534 5802 1844 5862 Diocletiani
1873 5809 1939 5864 ad
1992 5803 2100 5860 Ga-

2265 4529 2610 4602 Digcletianus
2631 4545 2812 4602 nomen
2830 4545 2904 4602 ea:
2933 4538 3077 4598 parte
3097 4539 3382 4584 mutauerat
3403 4531 3593 4585 ominis
3615 4547 3820 4602 causa,

2191 4609 2297 4682 etc.
2323 4599 2626 4682 Tuinardus
2655 4601 2938 4682 legendum
2968 4612 3375 4682 censetlnomen‘
3393 4617 3456 4654 ea:
3483 4605 3656 4682 fratre
3685 4599 3822 4682 init-'-

2192 4679 2440 4742 timuerat,
2461 4672 2645 4726 ominis
2665 4688 2842 4724 causa.
2875 4672 2956 4724 An
2984 4671 3126 4725 enim
3159 4669 3382 4742 (inquit)
3406 4669 3686 4742 quiSpiam
3715 4675 3820 4730 di-

2191 4741 2394 4814 cendus
2419 4753 2497 4796 est
2537 4742 2766 4814 alicujus
2795 4756 2990 4814 nomen
3039 4757 3102 4794 ex
3120 4741 3274 4814 parte
3303 4741 3546 4814 mutare,
3565 4745 3662 4814 qui
3691 4747 3814 4799 ali-

2191 4813 2332 4882 quod
2366 4813 2628 4881 integrum
2653 4813 2730 4866 illi
2759 4811 2976 4880 adjicit,
3012 4811 3170 4882 quale
3191 4823 3274 4867 est
3301 4811 3444 4868 istud
3475 4811 3818 4872 Mamimiani

2195 4881 2502 4950 impositum
2531 4883 2747 4938 Galerio
2771 4899 2866 4952 per
2909 4881 3296 4938 Diocletianum
3327 4883 3351 4935 ’ἒ
3397 4883 3742 4940 Mutuauerat
3771 4903 3818 4944 ει

2195 4953 2470 5026 Lactantio
2491 4953 2586 5026 hic
2616 4963 2967 5026 usurpatum,
3017 4967 3116 5023 pro
3160 4963 3420 5026 mutuatus
3458 4959 3678 5026 fuerat.
3719 4959 3828 5014 Sic

2193 5025 2334 5078 enim
2366 5025 2502 5094 apttd
2558 5025 2883 5078 l’riscianum
2917 5023 3009 5077 lib.
3061 5039 3188 5086 vut,
3246 5023 3314 5078 dc
3359 5023 3528 5080 verbo
3583 5026 3738 5082 Meto
3769 5039 3830 5084 et

2196 5094 2384 5160 Metor,
2417 5096 2600 5167 Mutuo
2627 5105 2673 5148 et
2697 5095 2910 5167 Mutuor
2935 5110 2954 5158 ;
2981 5105 3036 5149 et
3057 5095 3221 5167 apud
3269 5095 3499 5167 Nonium
3539 5113 3670 5167 cap.
3719 5101 3828 5166 17,

2197 5167 2375 5238 ιι.ί48.ί
2401 5166 2469 5222 Ut
2499 5181 2626 5222 vero
2650 5165 3003 5238 correctionis
3052 5165 3206 5238 istius
3255 5167 3402 5238 ratio
3434 5165 3828 5238 intelligatur,

2196 5237 2474 5292 sciendum
2501 5247 2586 5292 est
2610 5277 2626 5301 ,
2655 5235 3034 5290 Maximianum
3075 5236 3383 5290 Herculium
3415 5237 3586 5294 luisse
3619 5235 3650 5293 si
3685 5235 3834 5296 Dio;

2197 5309 2427 5392 cletia't‘uo
2459 5309 2676 5362 fratrem
2701 5307 3030 5392 appellatum
3053 5347 3067 5368 ,
3097 5307 3312 5376 imperii
3341 5323 3546 5392 nempe
3575 5325 3836 5392 consor—

2197 5379 2292 5433 tio.
2325 5378 2588 5434 Tomsnn.
2615 5407 2684 5417 —
2711 5375 2791 5430 Ea:
2814 5387 2959 5447 parte
2987 5375 3288 5432 mutaverat.
3341 5377 3452 5432 lloc
3478 5375 3614 5446 est,
3647 5381 3838 5438 Cale-

2197 5449 2588 5519 riumjusserat
2615 5459 2772 5502 vetus
2811 5463 3121 5519 praenomen
3159 5449 3428 5516 abjiccre,
3479 5461 3532 5504 et
3579 5455 3838 5519 posthac

2199 5521 2462 5594 tumtittari
2519 5517 2894 5594 Maximianum
2951 5517 3235 5574 Galerium.
3291 5519 3503 5594 lta_no‘u
3537 5517 3610 5576 ex
3660 5535 3832 5594 toto,

2199 5591 2292 5646 sed
2323 5609 2387 5645 ex
2423 5601 2570 5658 parte
2601 5605 2794 5644 nomen
2844 5591 2960 5658 ejus
3019 5601 3336 5642 mutaverat.
3372 5590 3427 5644 Si
3463 5591 3586 5648 haec
3641 5590 3838 5652 inter;

2203 5663 2428 5724 prolatio
2459 5663 2510 5714 itt
2539 5669 2774 5714 mentem
2803 5660 3076 5714 Toinardo
3122 5663 3392 5724 venisset,
3449 5677 3562 5716 non
3596 5675 3838 5726 tantum

2203 5733 2397 5786 frustra
2429 5733 2729 5786 laborasset
2754 5773 2768 5798 ,
2821 5743 2878 5786 ιιι
2909 5732 3160 5801 probaret
3191 5731 3478 5800 legendum
3511 5751 3642 5790 esse
3669 5779 3686 5800 ,
3721 5755 3838 5792 no-

2203 5820 2312 5858 men
2339 5820 2400 5860 ea:
2425 5807 2584 5864 fratre
2613 5813 2946 5858 maturaverat.
2983 5801 3416 5858 llaunaancs.--
3451 5801 3664 5862 Ontinis
3695 5826 3838 5864 cuu-
