3960 6348
133 305 233 368 225

1284 313 1486 372 LIBER
1517 316 1607 374 DE
1639 315 1848 376 MORT.
1892 318 2272 378 PERSECUT.

3298 334 3404 392 926

134 429 244 500 quia
307 425 657 483 Maximianus
741 426 904 484 fidem
963 442 1171 484 summa
1241 431 1500 505 religione
1564 434 2163 504 prae-Ablaximianus
2189 420 2305 510 ipse
2336 452 2627 511 purpuram
2651 452 2990 512 sumpserat;
3021 454 3074 500 et
3102 445 3176 504 ibi
3199 449 3404 506 colum-

137 520 311 576 stabat.

198 609 254 666 D.
281 609 402 677 Quis
422 619 504 666 est
526 608 648 678 hic,
676 626 835 682 quem
869 609 998 666 mihi
1029 611 1239 668 offers?

202 703 259 760 ϐ.
284 702 425 758 Meus
449 744 464 770 ,
496 703 707 774 inquit,
735 703 930 760 afﬁnis.

201 800 254 854 D.
295 797 357 853 At
397 797 485 853 ille
532 798 909 869 gemebundus
951 817 964 852 :
1010 797 1128 854 Non
1180 799 1403 855 idoneos
1451 797 1700 856 homines

135 895 249 952 mihi
274 893 399 956 das,
425 892 623 960 quibus
652 892 814 948 tutela
842 891 1171 962 Reipublicae
1207 893 1468 948 committi
1507 893 1699 964 possit.

197 989 255 1047 (ἱ.
274 989 491 1045 Probavi
518 1003 616 1044 eos
636 1029 652 1054 ,
682 988 874 1057 inquit.

197 1082 254 1137 D.
300 1080 374 1136 Tu
405 1079 644 1144 videris,
672 1080 761 1151 qui
806 1079 1049 1150 regimen
1092 1080 1302 1150 imperii
1356 1089 1704 1150 suscepturus

133 1191 204 1233 es.
234 1176 334 1246 Ego
359 1174 491 1230 satis
526 1173 801 1238 laboravi,
847 1183 900 1227 et
952 1173 1162 1243 providi
1210 1173 1660 1242 quemadmodum
1686 1214 1702 1236 ,

132 1283 207 1323 me
229 1267 513 1337 imperante
534 1308 552 1332 ,
597 1265 921 1335 Respublica
963 1274 1130 1320 staret
1155 1265 1460 1320 incolumis.
1492 1265 1546 1321 Si
1575 1263 1704 1336 quid

131 1361 389 1416 accesserit
413 1358 636 1414 adversi
660 1398 678 1426 ,
703 1372 822 1412 mea
852 1357 1004 1426 culpa
1031 1373 1138 1412 non
1162 1359 1287 1413 erit.

817 1448 963 1504 XIX.

187 1541 307 1599 Cum
332 1541 442 1598 haec
464 1549 656 1598 essent
673 1543 980 1608 constituta,
1001 1542 1243 1611 procedit
1262 1540 1503 1598 kalendis
1525 1543 1695 1598 Maiis.

128 1637 506 1692 Constantinum
551 1651 744 1692 omnes
772 1635 1137 1690 intuebantur.
1185 1635 1336 1691 Nulla
1374 1646 1491 1691 erat
1543 1636 1698 1690 dubi-

129 1728 259 1784 talio.
284 1726 468 1782 Milites
492 1725 590 1796 qui
621 1726 879 1790 aderant,
905 1736 960 1780 et
987 1726 1191 1795 priores
1218 1725 1445 1780 militum
1500 1726 1696 1790 electi,

1805 541 1872 581 na
1903 526 2078 583 fuerat
2106 538 2288 584 erecta
2317 544 2438 585 cum
2464 530 2613 587 Jovis
2661 534 2834 604 signo.
2867 536 2945 590 Eo
2967 539 3226 608 pergitnr.
3258 541 3406 597 Con-

1804 615 1890 672 cio
1920 618 2146 672 militum
2176 630 2519 676 convocatur.
2563 621 2739 694 lnquit
2765 640 2933 682 senex
2960 643 3082 684 cum
3112 629 3400 703 lacrymis,

1805 710 2098 781 alloquitur
2120 712 2316 767 milites
2348 729 2362 766 :
2395 727 2454 768 se
2482 714 2775 772 invalidum
2806 733 2926 774 esse
2948 761 2962 785 ,
2997 723 3236 790 requiem
3279 732 3402 792 post

1804 802 2017 859 labores
2048 813 2231 873 petere
2253 845 2267 868 ,
2300 806 2583 874 imperium
2607 809 2958 867 validioribus
3001 814 3244 883 tradere,
3269 816 3403 872 alios

1806 892 2050 952 Czesares
2078 895 2394 966 subrogare.
2438 898 2656 954 Summa
2686 901 2923 956 omnium
2956 907 3255 975 expectatio
3275 909 3404 978 quid

1806 986 2045 1042 afferret.
2076 988 2226 1042 Tunc
2257 998 2478 1057 repente
2526 993 2834 1059 pronuntiat
2858 992 3114 1050 Severum
3141 1006 3196 1052 et
3231 998 3403 1054 Maxi-

1807 1079 2010 1134 minum
2057 1076 2320 1135 Caesares.
2363 1080 2746 1151 Obstupefiunt
2800 1100 2990 1142 omnes
3037 1087 3090 1142 in
3120 1089 3396 1146 tribunali.

1805 1169 2188 1226 Constantinus
2213 1172 2420 1226 astabat
2446 1189 2634 1229 susum
2660 1192 2672 1228 :
2699 1176 2949 1234 luesitare
2969 1178 3110 1234 inter
3155 1197 3244 1248 se,
3275 1199 3402 1239 num

1807 1265 2138 1321 Constantini
2171 1267 2506 1321 immutatum
2559 1284 2754 1324 nomen
2795 1282 2976 1339 esset,
3037 1289 3157 1328 cum
3187 1274 3240 1329 in
3272 1291 3404 1332 con-

1803 1366 1994 1426 spectu
2019 1357 2260 1412 omnium
2272 1356 2622 1413 Maximianus
2652 1374 2868 1414 manum
2892 1371 3188 1420 retrorsum
3215 1381 3402 1422 exten-

1801 1448 1936 1504 dens
1961 1490 1976 1514 ,
2006 1449 2269 1520 prozraxit
2295 1465 2323 1502 a
2345 1460 2497 1519 tergo
2530 1451 2711 1506 Daiam
2739 1493 2755 1518 ,
2776 1452 3135 1511 Constantino
3158 1463 3396 1530 repulso,

1799 1550 1857 1595 et
1879 1550 2097 1598 exutum
2133 1551 2334 1596 vestem
2365 1543 2666 1611 privatam,
2700 1547 2976 1602 constituit
3025 1550 3078 1603 in
3129 1552 3390 1608 medium.

1800 1631 1978 1686 Mirari
2004 1647 2194 1687 omnes
2220 1632 2308 1701 qui
2337 1642 2515 1700 esset,
2542 1633 2682 1690 unde
2711 1645 2872 1691 esset.
2901 1636 3069 1693 Nemo
3095 1649 3272 1697 tamen
3311 1659 3400 1698 re-

1801 1724 2034 1780 clamare
2063 1739 2225 1779 ausus
2255 1733 2376 1791 est,
2426 1727 2634 1780 cunctis
2688 1727 2975 1798 insperatae
3018 1733 3256 1790 novitate
3312 1737 3390 1792 rei

126 1831 176 1877 et
191 1819 330 1876 acciti
357 1835 420 1875 ex
452 1817 795 1889 legionibus,
822 1817 877 1872 in
907 1817 1050 1872 hunc
1078 1833 1242 1873 unum
1281 1818 1469 1872 intenti
1496 1817 1699 1888 gaude-
1725 1785 1774 1846 Β
1803 1815 2047 1870 turbatis.
2081 1815 2217 1870 Huic
2246 1830 2536 1886 purpuram
2595 1785 2959 1875 Diocletianus
2989 1822 3172 1892 injecit
3203 1841 3354 1881 suam
3379 1868 3397 1896 ,

126 1911 264 1979 baut,
285 1911 575 1983 optabant,
608 1921 667 1966 et
707 1918 829 1965 vota
861 1909 1152 1965 faciebant.
1199 1909 1328 1965 Erat
1378 1909 1527 1965 locus
1553 1910 1694 1966 altus

126 2015 256 2063 extra
281 2007 545 2062 civitatem
587 2004 660 2060 ad
685 2002 854 2060 millia
893 2003 1007 2059 fere
1035 2003 1132 2058 tria
1154 2044 1169 2068 ,
1202 2003 1256 2059 in
1299 2003 1453 2074 cujus
1479 2015 1694 2057 summo

1797 1921 1901 1977 qua
1947 1922 2006 1961 se
2036 1906 2221 1970 exuit,
2263 1916 2316 1960 et
2348 1905 2559 1961 Diocles
2586 1907 2776 1963 iterum
2800 1909 2972 1966 factus
3011 1923 3110 1968 est.
3141 1913 3276 1972 Tum
3303 1917 3399 1972 de-

1795 1996 2105 2064 scenditur;
2137 2005 2191 2052 et
2216 1997 2382 2052 rbeda
2416 2013 2512 2068 per
2547 1997 2818 2056 civitatem
2850 2014 3137 2062 veteranus
3167 2007 3284 2064 Rex
3320 2008 3404 2066 fo-

1439 2132 1799 2192 VARIORUM
1834 2131 2068 2188 ΝΟΤΛΕ.

126 2277 192 2316 sa.
216 2258 307 2314 Ms.
335 2255 596 2318 Hominis,
628 2252 909 2309 mendose.
940 2249 1072 2306 Cum
1089 2252 1218 2306 viris
1245 2250 1418 2306 doctis
1447 2249 1658 2321 Cupero
1679 2290 1694 2316 ,

125 2331 399 2396 Toinardo,
429 2327 666 2394 aliisque
691 2324 1100 2396 scriboominis.
1149 2325 1286 2396 Dicit
1313 2333 1490 2396 autem
1513 2323 1699 2396 ominis

127 2419 280 2467 causa,
317 2394 435 2471 quia
463 2395 969 2471 (inquitisperabat
992 2410 1116 2471 eum
1145 2394 1246 2448 sibi
1279 2404 1386 2448 tam
1419 2394 1582 2471 fidum
1611 2395 1697 2471 iu-

127 2463 281 2529 turum
310 2463 370 2526 ac
396 2463 514 2530 erat
563 2463 954 2534 Maximianus,
987 2466 1141 2535 cujus
1171 2480 1368 2520 nomen
1411 2464 1566 2519 alteri
1598 2463 1695 2518 da-

128 2543 231 2607 bat,
259 2541 555 2598 Herculius.

188 2605 540 2668 Hmmianus.
579 2608 659 2664 ιω
713 2622 815 2663 ms.
876 2607 926 2662 is
965 2616 1082 2663 erat
1133 2621 1299 2663 senex
1337 2605 1698 2661 Maximianus

127 2685 398 2838 [feaiiilslgssi
418 2754 524 2820 hic,
554 2767 710 2823 quem
737 2749 864 2804 mihi
893 2745 1048 2818 offers
1067 2749 1094 2802 .9
1120 2747 1296 2805 Verba
1328 2757 1455 2804 sunt
1486 2747 1701 2803 Diocle-

129 2836 364 2970 uaiiiiptit.
396 2897 625 2970 Scilice_t
653 2892 919 2970 Gaierius.

186 2962 378 3037 Afﬁnis.
406 2970 539 3037 Quia
567 2965 771 3037 Galerii
799 2962 1002 3037 sororis
1029 2962 1169 3017 filius
1193 2969 1327 3017 erat.

187 3035 278 3113 Ille
301 3035 665 3113 gemebundus.
703 3035 1087 3113 Diocletianus.

1798 2249 2046 2332 primores
2075 2247 2314 2332 militum,
2344 2248 2484 2332 sicut
2513 2250 2762 2332 primores
2785 2253 3067 2332 civitatum,
3109 2258 3246 2314 infra
3278 2275 3397 2332 cap.

1798 2319 1995 2400 2i..At
2019 2330 2245 2400 nigraque
2271 2320 2430 2374 lectio
2457 2320 2615 2376 bona.
2652 2321 2784 2380 Vide
2811 2335 2922 2382 not.
2955 2319 3150 2400 Cuperi
3171 2339 3226 2388 et
3241 2319 3402 2390 Glos-

1802 2391 2006 2444 sarium
2035 2389 2246 2460 Cangii.

1875 2459 2041 2532 Extra
2068 2459 2341 2514 civitatem.
2377 2461 2551 2532 Prope
2577 2463 2966 2522 Nicomediam.

1881 2530 1945 2584 In
1969 2534 2113 2601 cujus
2141 2547 2337 2602 summa
2357 2530 2736 2602 Maximianus,
2763 2548 2868 2592 etc.
2893 2539 3140 2595 Galerius
3185 2544 3400 2602 scilicet

1808 2603 2181 2686 frnientarius.
2214 2601 2660 2686 —“lilaa:imianus
2683 2607 3084 2686 ipse.__Nurr.__p.
3134 2613 3240 2670 258
3267 2627 3321 2670 et

1810 2673 1916 2728 279
1947 2689 2066 2728 cum
2099 2673 2369 2727 nonnullis
2418 2677 2636 2746 exponit
2683 2673 2752 2732 de
2799 2677 2944 2733 Max.
2982 2673 3226 2739 Herculio
3252 2703 3271 2741 :
3296 2673 3392 2742 sed

1811 2747 2009 2800 rectius
2054 2747 2262 2798 videtur
2318 2747 2453 2797 sumi
2493 2745 2570 2799 ’de
2599 2745 2746 2802 Max.
2781 2748 2986 2805 Galerio
3015 2767 3036 2807 :
3075 2769 3194 2808 nam
3225 2755 3293 2810 de
3335 2772 3401 2812 eo

1812 2814 1914 2897 hoc
1946 2819 2121 2898 capite
2149 2831 2328 2898 sermo
2359 2815 2494 2898 infra
2517 2819 2717 2898 ,_et‘ita
2740 2835 3035 2898 pronomen
3064 2827 3190 2898 ipse
3218 2829 3401 2898 requi-

1807 2889 1872 2940 rit
1902 2928 1916 2952 ,
1942 2887 2083 2957 quod
2113 2886 2300 2942 eodeni
2333 2887 2493 2941 modo
2519 2888 2586 2943 de
2617 2886 2824 2945 Galerio
2856 2886 3194 2957 Maximiano,
3228 2886 3398 2955 c.'18.

1881 3027 2067 3083 Concio
2120 3030 2339 3107 militum
2386 3041 2710 3107 convocatur.
2731 3031 2920 3107 inquit
2959 2966 3356 3095 smexiiuli‘ccus
3383 3083 3398 3107 ,

190 3091 540 3167 iib'n’iin'iéas;
586 3091 688 3162 Ms.
719 3106 882 3161 habet
904 3105 1045 3159 ideas
1068 3147 1083 3172 ,
1140 3119 1262 3160 cum
1311 3102 1499 3159 calami
1539 3103 1701 3158 ductu
1730 3091 1776 3154 C
1807 3108 1864 3178 ut
1893 3110 2082 3171 putant
2106 3140 2121 3165 ,
2154 3102 2462 3178 mendosus.
2508 3106 2575 3156 At
2602 3091 2858 3178 ms.legi’t
2883 3107 3043 3177 inquit
3064 3091 3405 3178 semimari

127 3184 225 3239 sive
246 3184 428 3238 lineola
457 3196 630 3252 super
649 3181 731 3252 de.

185 3255 391 3310 Probaoi
417 3247 541 3308 eosf
558 3251 824 3319 Loquitur
853 3247 1116 3319 Galerius.

190 3325 258 3381 Tu
280 3327 477 3380 videris.
510 3316 771 3377 Foruiula
800 3317 1238 3388 improbantium.
1272 3316 1397 3372 Haec
1422 3327 1474 3372 et.
1501 3323 1696 3372 cmtera

128 3412 274 3468 usque
299 3397 360 3452 ad
389 3395 589 3466 capitis
637 3391 1012 3468 finem,_verb_a
1067 3399 1192 3468 sunt
1241 3388 1576 3468 Diocletiani.
1617 3417 1700 3468 .—

129 3457 503 3523 Tu'oideris...'..
537 3481 649 3518 non
677 3463 787 3516 erit.
819 3461 1078 3531 Loquitur
1123 3459 1516 3531 Diocletianus!
1546 3457 1698 3531 cujus

127 3540 282 3595 verbis
307 3539 620 3596 Lactantius
660 3533 767 3597 hoc
793 3528 1116 3601 colloquium
1149 3530 1443 3601 concludit.
1495 3528 1551 3584 In
1591 3530 1693 3584 hoc

125 3625 236 3666 vero
259 3611 518 3682 colloquio
548 3607 775 3661 doctiss.
811 3600 1178 3682 Nnrr._tantas
1208 3600 1558 3682 difficultates
1576 3614 1698 3654 esse

159 3683 335 3748 utavit,
367 3673 424 3736 ui
448 3679 571 3735 sine
603 3690 795 3748 magna
824 3673 996 3748 animi
1028 3674 1377 3748 contentione
1399 3680 1490 3748 ,_et
1516 3673 1697 3739 singu-

144 3753 181 3806 is
201 3743 483 3822 quibusque
510 3743 716 3816 dialogi
737 3745 924 3822 Ahujus
953 3743 1132 3822 verbis
1163 3744 1470 3822 p_on_deratis
1491 3784 1505 3806 ,
1537 3757 1696 3822 nemo

127 3768 181 3806 IIS
236 3768 483 3822 mnusque
510 3768 715 3816 alalogl
763 3768 924 3815 ltu1us
954 3768 1132 3798 verm:
1164 3768 1470 3812 punucruus
1491 3784 1505 3806 ,
1537 3768 1695 3796 licuit)

125 3768 259 3880 iaciie
279 3836 572 3894 agnoscere
606 3817 814 3894 possit,
837 3829 958 3894 qua:
985 3831 1015 3869 a
1061 3814 1392 3894 Diocletiano
1421 3825 1510 3894 aut
1532 3811 1695 3894 Gaie-

125 3895 194 3948 rio
220 3883 349 3950 dicta
380 3896 521 3957 sint;
550 3883 718 3960 atque
745 3891 814 3942 ob
855 3883 966 3960 has
1009 3895 1186 3960 tantas
1239 3884 1582 3960 difficultates
1609 3883 1695 3937 in-

127 3973 361 4035 terpretes
387 3954 566 4021 certas
590 3954 809 4035 litteras
853 3956 1272 4035 colloquentinm
1305 3955 1482 4035 verbis
1513 3954 1693 4035 diver-

125 4026 470 4092 sis'addidisse
493 4032 633 4090 dicit
668 4051 682 4088 :
711 4030 962 4084 debuisse
1000 4041 1126 4082 vero
1157 4028 1328 4096 ipsum
1357 4026 1696 4096 Scriptorem

126 4106 358 4174 ejusmodi
388 4121 548 4161 nctas
575 4101 877 4174 praeﬁgere.
904 4098 1107 4174 Deinde
1136 4099 1454 4174 interpretes
1476 4139 1490 4162 ,
1523 4096 1569 4151 si
1607 4110 1695 4174 res

126 4168 214 4231 tam
240 4179 464 4235 difﬁcilis
495 4168 939 4238 fuiSset,'forsan
981 4171 1032 4223 in
1065 4168 1402 4238 assignandis
1452 4168 1697 4238 persimis

125 4245 199 4302 hic
220 4249 349 4319 lapsi
379 4257 567 4319 essent
604 4265 616 4299 :
643 4237 745 4319 sed
777 4257 940 4319 quum
959 4249 1170 4319 praeter
1185 4237 1356 4319 unum
1387 4237 1694 4319 Dauidrinm

127 4310 291 4375 omnes
312 4323 470 4376 verba
505 4310 820 4372 Diocletiani
853 4323 908 4368 et
958 4310 1262 4365 Maximiani
1316 4310 1514 4365 Galerii
1545 4318 1695 4364 recte

125 4389 486 4452 indicaverint,
513 4405 588 4444 'ea
619 4391 729 4456 ipsa
763 4384 1136 4456 convenientia
1186 4388 1410 4456 testatur
1440 4380 1510 4456 de
1537 4380 1695 4456 hujus

1803 3171 1925 3226 dam
1960 3172 2324 3246 reponendum
2348 3187 2474 3246 esse
2498 3183 2686 3246 putant
2711 3177 2764 3228 in
2787 3171 2904 3246 'qna
2935 3171 3123 3245 senex;
3156 3181 3245 3235 alii
3277 3171 3401 3238 con-

1803 3242 2417 3321 oocetur,__inquitsenex.
2452 3245 2557 3321 Sed
2605 3245 2689 3300 vel
2731 3242 2875 3315 legas
2919 3242 3175 3317 inquiet—us
3213 3270 3398 3321 senex,

1800 3313 1947 3382 juxta
1971 3313 2182 3380 editos,
2215 3317 2298 3369 vel
2329 3317 2488 3385 inquit
2519 3333 2674 3370 senex
2693 3357 2706 3380 ,
2738 3313 2831 3371 aut
2855 3313 3015 3374 etiam
3062 3323 3239 3376 concio
3265 3313 3402 3379 mili;

1801 3394 1907 3508 ium
1930 3395 2249 3508 coiivocetur,
2281 3388 2440 3455 inquit
2464 3402 2633 3452 senex,
2669 3404 2783 3441 cum
2809 3390 3071 3460 lacrymis,
3096 3403 3227 3463 etc.,
3259 3396 3400 3452 idem

1823 3469 1916 3508 ere
1941 3472 1998 3508 es
2031 3495 2044 3508 .

1823 3463 1916 3510 'cre
1941 3463 2044 3509 est.

1875 3525 2239 3602 dlaxiininuim
2276 3527 2492 3602 scilicet
2513 3527 2792 3602 Daiam.ln
2831 3546 2932 3585 ms.
2961 3547 3174 3602 semper
3203 3535 3399 3592 dicitur

1803 3595 2182 3674 illamimianiis.
2204 3598 2267 3651 Et
2291 3598 2464 3653 Graeci
2493 3598 2738 3674 etLatini
2760 3615 2913 3674 saepe
2953 3595 3236 3674 utruinque
3261 3621 3396 3662 con-

1800 3666 2049 3748 inuadunt.
2085 3667 2293 3748 Ubique
2354 3672 2693 3748 reposuimus
2749 3666 3240 3742 Mairiminumfne
3289 3693 3395 3748 qua

1798 3737 2088 3809 difficultas
2114 3737 2368 3795 lectorem
2398 3737 2660 3794 remorari
2693 3753 2897 3809 posset.

1870 3807 2265 3886 Constantinus_
2292 3811 2518 3886 astabat.
2567 3811 2635 3866 Ut
2688 3807 3054 3886 protectorum
3101 3816 3348 3874 tribunus
3372 3861 3388 3886 ,

1797 3894 1860 3934 ac
1887 3883 2068 3951 munia
2091 3895 2183 3934 sua
2214 3881 2443 3945 obiens;
2474 3898 2577 3951 qua
2622 3883 2767 3937 enim
2813 3885 3020 3940 ratione
3070 3887 3332 3945 abfuisset
3358 3881 3388 3944 ὁ

1801 3959 1910 4004 tam
1941 3950 2140 4006 celebri
2172 3953 2427 4007 actione?

1871 4021 2085 4076 Susum.
2139 4021 2260 4095 Pro“
2283 4040 2519 4089 sursum,
2569 4033 2652 4079 cst
2711 4023 2853 4095 apud
2905 4027 3157 4085 Plautum
3205 4029 3390 4088 Cistel.

1797 4092 1918 4146 Act.
1948 4109 1983 4147 ll
2011 4134 2027 4158 ,
2052 4108 2201 4147 scen.
2231 4093 2286 4160 ὅ,
2318 4110 2372 4148 v.
2398 4095 2486 4149 78.

1874 4161 2148 4240 stitare.
2179 4164 2231 4218 lu
2248 4179 2349 4218 ms.
2379 4175 2516 4219 stare
2548 4181 2566 4220 :
2593 4164 2689 4240 sed
2718 4167 2769 4221 in
2799 4169 3040 4240 margine
3059 4171 3248 4227 eadem
3280 4189 3395 4230 ma-

1798 4249 1869 4289 nu
1896 4235 2195 4308 eodemque
2228 4245 2531 4291 atramento
2573 4238 2783 4302 esitare,
2831 4235 2973 4308 quod
3001 4255 3105 4298 non
3137 4253 3222 4298 est
3248 4245 3394 4300 aliud

1797 4321 1970 4376 quam,
2001 4307 2265 4370 lawsitare,
2319 4307 2460 4376 quod
2510 4317 2718 4363 rectum
2764 4307 2927 4366 habet
2971 4327 3213 4369 sensum.
3252 4315 3392 4372 Editi

1796 4375 1926 4431 vero
1958 4375 2157 4431 habent
2207 4375 2493 4442 sciscitari,
2525 4381 2664 4433 bono
2695 4381 2855 4434 etiam
2915 4399 3099 4438 sensu.
3159 4385 3389 4443 Doctiss.

125 4463 348 4544 εοιιοειυίί
409 4446 826 4544 versari-um;
855 4455 987 4544 ,ίιιιξι
1004 4446 1693 4544 Penates;ﬂevistis;
1720 4483 1776 4544 1)
1801 4447 1966 4544 {sint
2002 4446 2590 4544 Emi?“§-§‘le‘39_"‘1
2601 4450 2874 4544 36589731".
2914 4470 3030 4544 pro,
3055 4466 3222 4544 ειιξτεν
3251 4459 3393 4544 quos

125 4522 368 4602 Cuperus,
404 4522 492 4586 alii
523 4522 702 4602 nullas
724 4522 1694 4602 notaspersonarumncolloquentium

124 4591 464 4672 opposuerunt
498 4622 512 4656 :
542 4600 687 4671 quod
716 4598 804 4652 ubi
835 4612 864 4650 a
886 4591 1190 4672 Toiuardo,
1234 4591 1464 4672 Cellario
1486 4637 1500 4660 ,
1553 4591 1699 4645 Wal-

125 4665 233 4728 cbio
258 4687 308 4730 et
335 4675 492 4731 nobis
524 4665 723 4726 factum
752 4710 766 4734 ,
793 4683 897 4724 non
931 4676 1090 4720 tantae
1116 4665 1461 4734 obscuritatis
1492 4678 1651 4716 causa
1682 4703 1697 4728 ,

123 4745 204 4800 sed
223 4761 403 4802 eorum
438 4746 492 4800 in
523 4733 759 4814 gratiam
784 4748 867 4814 est
895 4737 1126 4804 factum,
1160 4734 1248 4814 qui
1288 4745 1372 4787 aut
1406 4733 1698 4814 festinant,

123 4827 202 4870 aut
231 4817 434 4872 hebetis
464 4807 632 4870 niinis
660 4809 854 4880 ingenii
884 4819 1045 4875 sunt,
1078 4817 1169 4880 aut
1198 4809 1248 4860 in
1276 4820 1381 4880 _s_ua
1434 4807 1702 4880 sententia

123 4883 332 4944 libenter
358 4888 428 4942 ab
473 4883 597 4940 aliis
649 4876 960 4938 confirmari
1009 4878 1213 4932 volunt.
1269 4878 1323 4930 Si
1356 4876 1597 4945 quaedam
1625 4878 1703 4929 vi-

123 4953 300 5013 denlur
332 4961 514 5014 minus
543 4957 731 5019 clara,
776 4966 843 5007 eo
893 4949 1123 5016 accidit,
1174 4947 1316 5017 quod
1361 4948 1498 5019 istud
1546 4947 1704 5000 collo-

123 5027 289 5097 quium
317 5030 439 5083 aliis
479 5017 758 5097 historicis
784 5022 1033 5097 munibus
1064 5021 1304 5097 ignotum
1333 5026 1434 5097 est.
1453 5017 1701 5097 Lactan-

123 5088 220 5155 tius
246 5109 498 5164 vero,'ut
536 5106 683 5152 recte
732 5095 975 5148 Baluzius
1021 5088 1270 5156 censuit,
1303 5089 1393 5212 qui
1451 5088 1702 5143 Nicome-

123 5169 252 5212 (liam
280 5189 306 5212 ει
341 5168 677 5212 ninplplinnn
701 5164 874 5212 fuerat
897 5164 1100 5212 accitus
1126 5203 1140 5212 .
1174 5163 1261 5212 uui
1335 5175 1563 5212 renuens
1589 5168 1702 5212 erat

123 5169 252 5224 diam
279 5189 306 5224 a
341 5163 677 5226 Diocletiano
701 5164 874 5219 fuerat
897 5164 1100 5218 accitus
1126 5203 1140 5225 ,
1174 5163 1261 5229 qui
1312 5163 1563 5229 frequens
1589 5168 1704 5214 erat

125 5239 172 5294 in
200 5242 424 5304 Palatio,
458 5239 660 5296 melius
685 5238 818 5290 hanc
845 5235 1122 5289 historiam
1154 5235 1292 5288 scire
1311 5233 1481 5304 potuit
1500 5272 1519 5304 ,_
1544 5245 1703 5300 quam

123 5311 220 5376 illi,
244 5313 330 5383 qui
365 5301 552 5383 postea
583 5310 841 5375 animum,
870 5307 938 5362 ad
966 5303 1282 5361 scribendas
1335 5301 1585 5358 historias
1605 5316 1704 5372 ap-

124 5385 375 5451 pulerunt.
411 5385 548 5455 Boni.
801 5449 840 5455 __
1073 5447 1120 5455 _,
1183 5447 1194 5455 ,
1492 5441 1506 5455 .

189 5456 474 5510 Accesserit.
517 5454 596 5508 lta
642 5467 742 5505 ms.
800 5449 937 5516 Non,
976 5447 1243 5510 acciderit;
1294 5442 1536 5514 quamvis
1566 5442 1708 5499 Heu-

124 5540 336 5597 manuus
362 5522 682 5597 cuin‘Galco
704 5529 914 5597 ειρῑεινει
945 5523 1045 5589 legi
1067 5517 1369 5597 “ccfd‘iri‘x.
1432 5585 1478 5597 ..
1519 5585 1549 5597 ..
1691 5585 1703 5597 .

195 5596 434 5662 Kalendis
477 5595 659 5648 Maiis.
706 5585 840 5646 Hinc
892 5585 1105 5645 constat
1158 5587 1402 5662 kalendis
1432 5585 1552 5640 Maii
1582 5585 1704 5638 anni

125 5664 239 5723 ⁸505.
267 5669 659 5724 Diocletianum
686 5673 741 5717 et
766 5664 1140 5718 Maximianum
1165 5661 1469 5714 Herculium
1508 5673 1707 5727 purpu-

123 5754 228 5799 ram
256 5740 603 5808 deposuisse.

194 5801 397 5869 l’riorcs
458 5809 702 5865 militum.
757 5807 831 5877 ita
891 5819 995 5862 ms.
1055 5803 1283 5875 Quidam
1349 5801 1547 5860 vellent
1597 5803 1704 5877 legi

1803 4527 1886 4572 est
1918 4520 1967 4571 in
2001 4534 2100 4572 ms.
2133 4529 2192 4590 et
2225 4521 2409 4573 esitare
2441 4521 2492 4574 in
2544 4521 2784 4590 margine
2805 4564 2818 4585 ,
2865 4520 2961 4590 pro
3008 4520 3294 4583 haesitare}
3339 4540 3396 4587 at

1803 4590 2044 4669 eruditus
2066 4590 2153 4669 _vir
2181 4589 2374 4669 Paulus
2401 4590 2613 4644 Bauldri
2640 4632 2654 4656 ,
2674 4589 2782 4659 "pro
2810 4589 2985 4648 susum
3013 4608 3185 4669 stare,
3217 4601 3396 4669 suspi-

1803 4660 2025 4736 cabatur
2066 4660 2352 4729 legendum
2394 4676 2515 4716 esse
2566 4678 2875 4736 susurrare;
2925 4669 3066 4736 quod
3117 4660 3242 4722 huic
3269 4660 3391 4724 lo'co

1803 4731 2092 4800 convenire
2122 4740 2334 4800 potest,
2359 4748 2509 4800 :eque
2535 4748 2597 4784 ac
2627 4734 2898 4788 sciscitari.

1877 4799 2020 4854 Inter
2048 4817 2119 4853 se.
2145 4799 2406 4870 lntcltige,
2428 4799 2738 4870 quaerentes.

1878 4870 2246 4925 Maximianus.
2281 4867 2554 4926 Galerius.
2691 4937 2694 4942 _

1879 4942 2126 4998 Exutum.
2157 4941 2341 4996 Daiam
2377 4962 2388 4997 :
2415 4943 2484 4996 ita
2520 4941 2824 4999 emendavit
2855 4945 2992 5002 inter
3027 4958 3204 5003 errata
3236 4950 3396 5005 Baln-

1806 5013 1920 5068 zius
1941 5056 1956 5079 ,
1984 5016 2132 5086 el‘ita
2162 5016 2336 5082 poscit
2364 5015 2505 5068 ratio'
2543 5023 2833 5086 syntaxeos
2852 5059 2869 5082 ,
2901 5034 3008 5072 non
3036 5031 3190 5074 exuto
3211 5061 3226 5086 ,
3252 5032 3307 5075 ut
3339 5024 3391 5078 in

1806 5100 1911 5158 ms,
1943 5082 2265 5138 —Ea:utum
2294 5082 2764 5158 uesteinlpri'natam.
2797 5085 2990 5158 Spark.
3027 5099 3081 5144 et
3113 5082 3394 5150 Bauldrius

1807 5155 2052 5229 malunt,
2082 5165 2211 5229 veste
2241 5157 2457 5229 priuata.
2489 5155 2763 5229 Sedlatua
2798 5155 2955 5216 lectio
2983 5178 3085 5215 ms.
3129 5165 3268 5229 quod
3297 5164 3390 5218 ba-

1807 5226 1898 5280 bet
1926 5237 2093 5280 exuto.
2117 5225 2254 5280 Noto
2283 5225 2349 5280 ad
2383 5227 2527 5282 Lact.
2565 5228 2655 5282 lib.
2687 5244 2741 5282 iv
2772 5270 2787 5296 ,
2814 5246 2864 5285 c.
2898 5234 2964 5289 l4
2996 5252 3007 5287 :
3038 5225 3260 5289 Indutus
3287 5252 3396 5289 ves-

1808 5298 2016 5352 timenta
2042 5297 2268 5350 sordida.
2298 5297 2425 5351 Bon.

1885 5367 2142 5443 Orientem
2173 5369 2498 5443 calcandum.
2529 5368 2638 5425 Cic.
2663 5388 2722 5443 it.
2755 5372 2986 5443 Philipp.
3008 5391 3056 5430 c.
3076 5374 3147 5428 25
3177 5393 3189 5429 :
3225 5377 3396 5442 Quum

1810 5437 1981 5493 Caesar
2008 5440 2192 5492 huic...
2227 5442 2628 5494 conculcandain
2650 5442 2857 5495 Italiam
2889 5437 3206 5500 tradidisset.
3229 5437 3392 5504 Lact.

1812 5510 1904 5582 lib:
1934 5527 1984 5564 v1
2012 5552 2025 5574 ,
2049 5526 2169 5580 cap.
2204 5512 2268 5564 l8
2301 5528 2312 5562 :
2343 5511 2581 5566 Dolorem
2602 5526 2910 5582 mortemque
2951 5517 3226 5571 calcamus.
3261 5521 3392 5576 BUN.

1882 5580 2170 5647 Insperata:
2200 5585 2418 5636 novitate
2461 5584 2578 5636 rei:
2624 5583 2714 5638 Sic
2758 5580 2852 5638 fuit
2896 5587 3308 5644 emendandum.
3340 5591 3398 5647 lu

1810 5655 2174 5723 manuscripto
2206 5664 2285 5706 est
2313 5671 2326 5706 :
2360 5655 2908 5721 inspirattenovitatcm
2930 5660 3036 5723 rei;
3080 5663 3355 5717 mendose.

1884 5721 2024 5776 Huic
2047 5740 2328 5793 purpuram
2351 5723 2697 5778 Diocletianus
2720 5727 2890 5794 injecit
2912 5721 3080 5782 suam.
3114 5731 3402 5789 Diocletia-

1813 5811 1914 5857 nus
1936 5811 2030 5854 sua
2057 5805 2206 5867 veste
2231 5810 2499 5870 purpurea
2521 5796 2902 5857 Maximianum
2927 5800 3110 5860 Daiam
3129 5802 3402 5884 Caesarem
