3960 6350
121 307 216 368 255

788 421 976 476 XXIV.

192 516 298 572 lam
344 514 721 586 propinquavit
759 514 836 568 illi
883 514 1142 584 judicium
1200 517 1318 582 Dei,
1351 527 1702 589 secutumque

123 619 312 678 tempus
341 616 440 673 est,
469 622 581 677 quo
613 622 702 664 res
755 606 875 676 ejus
915 605 1082 662 dilabi
1106 622 1168 664 ac
1196 607 1364 664 ﬂuere
1389 619 1695 680 coeperunt.

123 700 342 758 Nondum
388 699 630 752 animum
687 697 990 754 intenderat
1019 699 1086 754 ad
1118 700 1465 756 evertendum
1495 701 1700 772 pellen-

123 792 298 848 dumve
344 787 742 846 Constantium.
778 789 915 845 Dum
944 801 1026 846 est
1055 801 1345 862 occupatus
1383 792 1470 847 his
1513 793 1698 858 rebus,

123 899 241 952 quas
267 881 510 950 superius
542 881 794 950 exposui,
837 890 892 936 et
920 881 1240 952 expectabat
1281 882 1485 937 obitum
1535 883 1653 952 ejus
1682 899 1696 936 :

123 977 205 1032 sed
253 984 352 1030 tam
404 973 660 1029 celeriter
705 989 810 1030 non
861 975 1084 1044 putabat
1129 976 1421 1031 obiturum.
1447 976 1697 1044 Quicum

123 1068 329 1140 graviter
351 1066 652 1131 laboraret,
682 1067 908 1121 miserat
945 1067 1179 1131 litteras,
1211 1078 1269 1122 ut
1319 1068 1489 1123 lilium
1538 1083 1692 1123 suum

121 1162 508 1219 Constantinum
565 1163 866 1215 remitteret
895 1159 996 1216 sibi
1048 1160 1364 1227 videndum,
1393 1169 1450 1216 et
1477 1161 1693 1230 quidem

117 1254 428 1326 jamdudum.
454 1253 550 1310 llle
579 1268 712 1308 vero
741 1253 876 1308 nihil
923 1251 1102 1307 minus
1129 1252 1362 1308 volebat.
1402 1251 1536 1306 Nam
1566 1253 1696 1308 etin

121 1347 307 1404 insidiis
334 1361 480 1416 saape
517 1345 772 1416 juvenem
802 1345 1176 1415 appetiverat;
1206 1345 1330 1414 quia
1360 1344 1535 1414 palam
1567 1342 1698 1398 nihil

120 1439 348 1504 audebat,
381 1452 448 1492 ne
481 1445 673 1491 contra
703 1452 763 1490 se
783 1450 933 1489 arma
956 1435 1157 1499 civilia,
1184 1444 1259 1499 et,
1291 1435 1434 1504 quod
1465 1434 1700 1490 maxime

124 1529 406 1594 verebatur,
425 1527 552 1582 odia
569 1527 802 1582 militum
821 1527 1141 1582 concitaret.
1159 1526 1272 1581 Sub
1300 1525 1524 1581 obtentu
1545 1541 1700 1581 excr-

124 1622 221 1677 citii
239 1636 298 1675 ac
323 1621 471 1675 lusus
496 1617 627 1674 leris
657 1619 806 1672 illum
836 1617 1110 1688 objecerat
1137 1635 1149 1670 :
1177 1616 1274 1674 sed
1300 1616 1498 1673 frustra
1523 1633 1536 1683 ;
1568 1632 1703 1689 quo-

122 1716 247 1772 niam
273 1714 361 1768 Dei
400 1727 598 1768 manus
640 1713 914 1768 hominem
947 1711 1281 1783 protegebat,
1313 1711 1404 1782 qui
1452 1712 1604 1766 illum
1633 1711 1702 1769 de

1247 306 1337 362 AD
1378 304 1709 366 DONATUM
1746 304 2269 365 CONFESSOREM.

3292 311 3400 371 254

1726 431 1780 491 Α
1804 441 1981 494 mane,
2014 426 2248 497 acceptis
2279 426 2566 494 mandatis,
2593 427 3046 497 proﬁcisceretur,
3071 427 3155 484 vel
3185 430 3301 499 ipse
3333 432 3399 484 it-

1801 518 1908 572 lum
1936 518 2219 574 occasione
2247 519 2420 588 aliqua
2450 527 2845 586 retentaturus,
2882 519 2972 575 vel
3023 522 3404 590 praemissurus

1800 611 2007 668 litteras
2037 622 2096 668 ut
2137 627 2167 667 a
2197 613 2402 669 Severo
2433 622 2727 670 teneretur.
2758 614 2891 682 Quae
2918 629 3042 670 cum
3068 616 3160 672 ille
3191 619 3406 688 proSpi—

1801 716 1972 772 ceret,
2004 706 2316 776 quiescente
2350 707 2463 776 jam
2509 708 2854 778 imperatore,
2882 717 3004 779 post
3031 724 3246 765 coenam
3278 726 3407 780 pro-

1801 798 2011 868 peravit
2029 799 2200 863 exire,
2227 799 2561 870 sublatisque
2592 815 2687 870 per
2715 799 3026 856 mansiones
3053 801 3250 856 multas
3279 816 3397 856 om-

1803 889 1960 944 nibus
1989 890 2142 960 equis
2201 890 2448 960 publicis,
2482 891 2731 946 evolavit.
2789 890 3055 948 Postridie
3083 891 3399 962 imperator.

1805 994 1927 1035 cum
1957 982 2206 1036 consulto
2227 982 2293 1036 ad
2317 982 2555 1036 medium
2595 983 2737 1037 diem
2768 997 2938 1051 usque
2966 983 3272 1050 dormisset,
3305 1000 3402 1041 vo-

1804 1071 1912 1126 cari
1943 1087 2064 1127 eum
2112 1071 2284 1142 jubet.
2337 1074 2542 1129 Dicitur
2568 1075 2619 1129 ei
2668 1084 2790 1144 post
2818 1088 3031 1131 cmnam
3062 1077 3243 1132 statim
3275 1092 3401 1147 pro-

1803 1164 1994 1218 lectus.
2030 1164 2296 1234 lndignari
2328 1179 2391 1219 ac
2437 1167 2669 1223 tremere
2707 1167 2890 1237 ccepit.
2917 1166 3181 1225 Poscebat
3227 1185 3402 1241 equos

1805 1253 2086 1324 publicos,
2139 1264 2199 1310 ut
2247 1272 2370 1311 eum
2442 1257 2644 1314 retrahi
2727 1258 2949 1315 faceret.
3021 1259 3262 1316 Nudatos
3345 1263 3400 1317 ei

1806 1363 1997 1404 cursus
2039 1349 2284 1419 publicus
2314 1353 2607 1408 nuntiatur.
2641 1351 2741 1408 Vix
2770 1352 3038 1423 lacrymas
3067 1356 3304 1411 tenebat.
3327 1356 3399 1410 At

1803 1441 1894 1498 ille
1923 1443 2226 1500 incredibili
2243 1445 2522 1502 celeritate
2534 1461 2683 1513 usus,
2704 1447 2945 1516 pervenit
2969 1448 3035 1502 ad
3057 1458 3262 1518 patrem
3285 1449 3398 1518 jam

1803 1535 2164 1603 deﬁcientem,
2183 1539 2274 1608 qui
2299 1538 2369 1603 ei,
2392 1539 2654 1595 militibus
2681 1539 3081 1606 commendato,
3114 1541 3404 1612 imperium

1802 1641 1901 1696 per
1940 1643 2130 1683 manus
2177 1627 2434 1693 tradidit;
2469 1638 2630 1699 atque
2655 1630 2728 1686 ita
2759 1630 2812 1685 in
2861 1631 3004 1686 lecto
3029 1645 3128 1685 suo
3155 1631 3398 1699 requiem

1805 1719 1951 1787 vitae,
1983 1720 2120 1775 sicut
2145 1721 2384 1791 optabat,
2413 1722 2640 1791 accepit.
2672 1721 2935 1792 Suscepto
2981 1723 3228 1793 imperio,
3257 1723 3394 1778 Con-

123 1807 348 1864 manibus
376 1807 501 1876 ejus
530 1805 784 1861 liberavit
813 1805 867 1859 in
909 1805 1027 1875 ipso
1055 1804 1296 1862 cardine.
1321 1803 1562 1875 Namque
1591 1820 1699 1860 sat-
1730 1779 1780 1840 Β
1805 1813 2076 1866 stantinus
2123 1779 2394 1882 Augustus
2439 1779 2574 1868 nihil
2618 1813 2728 1883 egit
2759 1779 2926 1883 prius,
2959 1779 3117 1884 quain
3149 1814 3404 1869 christia-

125 1901 230 1972 pius
249 1914 364 1956 cum
412 1898 626 1970 jamdiu
680 1913 873 1954 nccare
905 1912 1012 1953 non
1043 1906 1247 1968 posset,
1279 1897 1426 1954 dedit
1449 1898 1528 1952 illi
1550 1898 1700 1969 sigil-

123 1993 242 2062 lum,
271 1992 564 2050 inclinante
617 1991 727 2062 jam
776 1991 905 2060 die,
943 1992 1308 2064 praecepitque
1355 2002 1412 2048 ut
1441 1993 1706 2064 postridie

1804 1916 1906 1957 nos
1927 1902 2095 1958 cultui
2124 1917 2188 1959 ac
2217 1903 2330 1959 Deo
2377 1919 2477 1959 suo
2527 1903 2778 1960 reddere.
2807 1904 2934 1962 Haec
2959 1904 3058 1962 luit
3085 1904 3256 1976 prima
3286 1905 3406 1976 ejus

1807 1996 2016 2052 sanctio
2043 2004 2246 2052 sanctae
2275 1995 2556 2068 religionis
2579 1997 2865 2054 restitutae.

1361 2127 1732 2191 VARIORUM
1758 2128 1991 2188 NOTJE.

126 2253 236 2318 tius,
263 2250 376 2306 Div.
409 2250 572 2314 lnst.,
603 2249 641 2304 1.
669 2265 722 2304 v.
760 2264 811 2306 c.
846 2248 912 2305 19
943 2265 958 2304 :
990 2247 1056 2302 In
1080 2249 1210 2303 iisne
1251 2248 1391 2302 mala
1420 2264 1561 2303 mens
1609 2257 1704 2314 est,

124 2333 282 2378 contra
329 2324 410 2390 ius
441 2323 802 2384 humanitatis,
853 2331 1029 2374 contra
1057 2319 1138 2387 fus
1168 2335 1316 2373 omne
1373 2319 1706 2383 lacerantur;

126 2405 232 2450 etc.
259 2393 357 2448 2‘2:
393 2393 505 2447 Nec
535 2393 767 2448 alienum
797 2392 1077 2462 quidquam
1107 2391 1442 2462 concupiscit,
1467 2407 1530 2462 ne
1557 2407 1705 2462 quem

125 2475 283 2519 contra
301 2465 390 2534 jus
410 2463 752 2517 humanitatis
775 2463 941 2534 laedat
958 2462 1162 2534 oratio;
1189 2461 1225 2515 1.
1245 2477 1318 2534 vi,
1345 2477 1395 2516 c.
1417 2461 1532 2534 10‘:
1565 2461 1708 2530 Ergo

126 2553 206 2604 pro
235 2531 407 2590 belluis
436 2534 899 2604 immanibussunt
925 2531 1145 2586 habendi
1176 2533 1261 2602 qui
1288 2531 1712 2604 Itominibttsno-

126 2618 243 2671 cent,
268 2606 352 2676 qui
381 2616 568 2660 contra
609 2608 702 2677 jus
749 2603 1080 2677 humanitatis
1098 2611 1159 2677 et
1186 2605 1264 2677 {as
1293 2618 1440 2677 omne
1464 2603 1708 2677 spoliant,

125 2673 354 2743 cruciant,
386 2673 656 2742 occidunt,
713 2675 1074 2730 exterminant.
1098 2673 1237 2730 Vide
1276 2676 1440 2731 etiam
1469 2689 1590 2745 cap.
1616 2673 1706 2741 20,

127 2749 166 2803 si
192 2750 346 2803 lubet.
515 2785 524 2789 -

187 2818 299 2872 Jam
329 2817 699 2889 prapinquarit
731 2818 812 2889 illi
827 2817 1088 2889 judicium
1121 2815 1238 2889 Dei.
1271 2815 1496 2871 Videtur
1522 2825 1712 2889 auctor

129 2890 174 2944 in
213 2887 386 2946 mente
417 2887 686 2944 habuisse
736 2888 867 2942 illud
906 2888 950 2942 11
1002 2887 1273 2953 Machab.,
1307 2902 1356 2941 c.
1406 2903 1480 2953 tx,
1509 2903 1565 2941 ν.
1599 2887 1664 2941 18
1697 2904 1710 2940 :

130 2960 482 3029 Supervenerat
513 2961 656 3014 enim
696 2960 749 3012 in
779 2976 891 3012 eum
909 2961 1112 3026 justum
1157 2957 1252 3011 Dei
1272 2959 1548 3029 judicium.
1575 2957 1712 3011 Ver-

1891 2249 2182 2326 Teneretur.
2212 2250 2402 2326 ld_e_st,
2428 2253 2766 2326 retineretur
2794 2267 2823 2306 a
2873 2253 3094 2326 Severo.
3128 2253 3338 2326 Quippe
3375 2273 3407 2312 e

1813 2320 2292 2395 Nicomediaeunti
2323 2323 2374 2376 in
2416 2322 2640 2395 Galliam
2669 2323 2999 2395 pergendum
3028 2320 3285 2395 erat'pe'r'
3307 2327 3408 2382 [ta-

1813 2393 1960 2460 liam,
1997 2393 2083 2447 ubi
2114 2393 2348 2449 Severus
2377 2393 2738 2463 imperitabat.
2759 2393 3142 2463 Fragmentum
3169 2393 3240 2451 de
3263 2396 3408 2452 Con-

1815 2465 2014 2536 stantio
2042 2463 2262 2536 Chloro,
2296 2480 2348 2534 p.
2381 2463 2480 2520 471
2523 2480 2538 2517 :
2567 2465 2668 2531 Qui
2697 2474 2751 2518 ut
2780 2464 3027 2518 Severum
3073 2483 3162 2536 per
3188 2466 3402 2523 Italiam

1818 2535 2070 2588 transiens
2108 2535 2326 2607 vitaret,
2359 2551 2557 2589 sununa
2606 2536 2930 2607 festinatione
2956 2535 3148 2607 veredis
3194 2552 3308 2607 post
3349 2557 3405 2594 se

1817 2607 2066 2658 truncatis
2088 2605 2241 2676 Alpes
2256 2616 2617 2676 transgressus,
2638 2605 2706 2659 ad
2727 2615 2923 2676 patrem
2942 2605 3296 2662 Constantium
3324 2625 3410 2664 ve-

1817 2676 1892 2730 nit
1927 2677 2068 2744 apud
2096 2675 2409 2730 Bononiam.

1894 2747 2142 2821 Sublatis.
2175 2746 2431 2821 _Zozimus
2463 2747 2513 2800 in
2537 2746 2674 2801 libro
2702 2763 2740 2802 ιι
2795 2757 2977 2821 narrat
3009 2747 3404 2821 ConSIantium,

1818 2818 2048 2890 veritum
2077 2834 2144 2872 ne
2168 2817 2306 2872 forte
2328 2817 2537 2887 fugiens
2554 2818 3071 2890 apprehenderetur,
3103 2835 3272 2890 equos
3301 2817 3411 2877 sta-

1818 2889 2056 2962 bularios
2080 2903 2234 2962 quos
2277 2890 2580 2962 respublica
2621 2889 2835 2962 alebat,
2869 2904 2993 2945 cum
3018 2889 3274 2962 primum
3309 2895 3412 2946 ali-

1819 2960 1962 3029 quod
1995 2959 2263 3014 stabulum
2295 2958 2584 3028 attigisset,
2628 2960 2906 3016 mutilasse
2936 2970 2988 3016 et
3014 2958 3234 3016 inutiles
3283 2965 3412 3018 reli-

127 3026 236 3086 butn
264 3042 436 3087 autem
469 3031 824 3102 propinquare
852 3032 1121 3102 poeticum
1166 3026 1343 3102 estex
1375 3029 1546 3082 Plauti
1570 3029 1710 3102 T_ru-
1737 3026 1782 3089 C
1815 3026 2018 3099 quisse,
2047 3045 2278 3099 cumque
2310 3029 2362 3084 id
2401 3026 2615 3102 deloco
2641 3030 2695 3083 in
2726 3031 2899 3085 locmn
2926 3047 3156 3102 pergens
3185 3032 3407 3100 faceret,

128 3105 344 3168 culento,
376 3114 485 3160 act.
519 3117 584 3169 ιι,
608 3116 758 3155 scen.
780 3101 942 3167 6,aut
964 3117 1029 3155 ex
1056 3100 1276 3168 Virgilio
1299 3117 1315 3165 ;
1340 3110 1528 3168 estque
1549 3100 1711 3153 etiam

131 3172 252 3226 intra
305 3175 478 3239 initio,
538 3188 594 3224 (τ.
625 3172 714 3226 16.
746 3172 843 3226 Est
879 3182 938 3226 et
968 3170 1108 3240 apud
1164 3170 1526 3237 Lactantium,
1587 3171 1704 3223 Div.

129 3242 268 3311 lnst.,
299 3244 336 3302 1.
368 3259 427 3311 tt,
456 3259 508 3299 c.
538 3243 575 3297 8
613 3260 623 3294 :
657 3241 1004 3313 Corruptibile
1049 3243 1344 3309 incorrupto
1374 3243 1716 3311 prapinquare

126 3331 216 3368 non
260 3325 418 3386 potest
448 3330 470 3380 ;
498 3314 603 3369 lib.
634 3329 729 3378 νη,
761 3328 809 3368 c.
844 3314 934 3386 14.
968 3313 1336 3386 cujusjttdicii
1371 3313 1716 3386 propinquare

133 3383 306 3453 tempus
360 3388 676 3448 ostendam;
728 3393 783 3440 et
836 3385 995 3448 infra,
1037 3384 1228 3438 eodem
1286 3383 1379 3437 lib.
1411 3399 1504 3446 vn,
1531 3383 1710 3436 (2.24:

129 3453 186 3508 Et
201 3458 308 3527 jam
354 3457 713 3528 prapinquare
763 3471 1018 3528 summum
1069 3453 1601 3528 illunuconclusionis
1627 3469 1716 3507 ex-

126 3525 281 3581 trcinte
307 3525 439 3582 diem
453 3525 482 3593 ';
518 3525 576 3582 et
601 3527 640 3580 l.
674 3528 732 3594 it,
755 3541 804 3581 c.
835 3526 889 3592 9,
925 3540 1137 3581 necnon
1164 3525 1412 3594 epitom.,
1441 3541 1489 3579 c.
1515 3525 1604 3577 7t.

191 3596 286 3654 Res
310 3601 418 3667 ejus
443 3599 615 3652 dilabi
643 3613 702 3651 ac
732 3598 910 3666 ﬂuere.
943 3597 1186 3667 ReSpicit
1223 3604 1410 3652 notum
1431 3594 1564 3650 illud
1595 3594 1716 3651 Vir-

379 3671 551 3736 ueid.,
591 3668 688 3724 lib.
720 3683 779 3735 tt,
811 3683 864 3722 v.
894 3668 1036 3725 169:

291 3781 366 3844 Ex
389 3781 476 3831 illo
500 3782 693 3844 ﬂuere,
719 3793 776 3831 ac
797 3787 933 3832 retro
955 3779 1184 3844 sublapsa
1205 3779 1386 3832 referri

291 3843 420 3908 Spes
435 3844 689 3897 Danaum.

127 3667 226 3739 gilii
247 3711 264 3741 ,

193 3949 484 4007 Laboraret.
513 3950 675 4008 Adde
695 3952 891 4006 morbo.

202 4019 263 4076 Et
281 4025 485 4093 quidem
502 4023 846 4094 jamdudum.
865 4022 1212 4093 Approbante
1238 4021 1552 4077 doctissimo
1576 4021 1712 4088 viro,

135 4106 222 4159 pro
248 4111 415 4162 quem,
451 4109 727 4164 reponere
757 4095 920 4149 malui
951 4095 1153 4164 quidem
1181 4094 1367 4148 leviori
1396 4094 1713 4154 mutatione,

131 4176 274 4237 quam
306 4166 509 4221 addere
540 4165 658 4220 duo
689 4166 850 4222 verba
877 4168 1070 4237 frustra
1097 4166 1390 4236 repetierat,
1412 4179 1533 4219 cum
1565 4164 1710 4219 nulla

127 4233 187 4287 sit
212 4236 260 4289 in
282 4252 384 4292 ms.
413 4237 638 4291 lacuna.

192 4305 323 4429 illlam
368 4317 415 4363 et
451 4309 508 4362 in
535 4306 768 4362 insidiis.
816 4306 1263 4392 Prazpositionem
1309 4307 1362 4360 in
1417 4305 1578 4361 habet
1609 4320 1711 4361 ms.

192 4392 301 4429 Lex.

129 4385 301 4432 ςοιιθι.
977 4385 984 4392 ’

189 4447 278 4503 Dei
304 4466 491 4506 manus
524 4449 785 4520 hominem
838 4449 1149 4520 protegebat.
1207 4448 1353 4504 Idem
1385 4448 1560 4511 Lact.,
1595 4446 1712 4520 Div.

130 4515 267 4584 lnst.,
300 4520 339 4574 1.
372 4536 434 4590 ιι,
465 4537 519 4578 c.
550 4521 623 4578 15
654 4538 668 4575 :
699 4515 848 4587 Quos
866 4519 966 4575 Dei
985 4515 1171 4574 manus
1216 4530 1398 4591 potens
1440 4529 1488 4572 et
1521 4517 1721 4574 excelsa

130 4592 350 4661 protegit.

193 4659 390 4731 ln'ipso
420 4662 661 4717 cardine.
698 4659 753 4716 ld
781 4671 884 4728 est,
921 4663 972 4716 in
1005 4662 1122 4732 ipso
1146 4661 1374 4716 articulo
1406 4660 1490 4715 vel
1528 4660 1579 4713 in
1607 4660 1720 4732 ipsa

135 4731 462 4788 liberationis
492 4734 942 4802 opportunitate;
989 4731 1041 4787 in
1091 4733 1279 4787 ultimo
1321 4741 1376 4786 et
1422 4731 1723 4786 decretorio

132 4815 413 4859 momento.
446 4805 716 4859 BAULDRI.
755 4806 835 4858 Ex
859 4804 1075 4873 Virgil.,
1105 4819 1122 4860 1
1168 4803 1412 4860 ASneid..
1440 4818 1494 4856 v.
1521 4802 1647 4856 676.

195 4873 256 4927 In
277 4877 391 4942 ipso
411 4877 653 4929 cardine.
699 4875 789 4931 Sic
815 4875 1148 4939 Lactantius,
1179 4875 1298 4928 Div.
1330 4875 1482 4936 lnst.,
1513 4873 1551 4926 l.
1581 4889 1639 4938 ll,
1671 4887 1720 4926 c.

134 4945 163 4996 8
193 4961 203 4997 :
241 4944 339 5001 Hic
363 4958 440 5001 est
465 4962 595 5017 ergo
626 4950 784 4999 cardo
808 4963 999 5017 rerum,
1029 4946 1110 4998 ltic
1131 4956 1391 4998 vertuntur
1413 4943 1602 5017 nuntia.
1637 4945 1724 4997 Si-

134 5017 319 5072 militer
362 5019 460 5073 lib.
492 5013 576 5077 Ill.
604 5031 654 5070 c.
682 5017 737 5082 7,
764 5025 821 5071 el.
848 5016 988 5073 libro
1025 5019 1094 5070 de
1129 5017 1204 5070 Ira
1232 5017 1350 5082 Dei,
1381 5031 1431 5071 c.
1465 5016 1498 5069 6
1531 5031 1542 5069 :
1572 5013 1640 5067 In
1669 5031 1726 5066 ea

132 5088 253 5139 enim
279 5104 484 5142 summa
510 5088 681 5142 omnis
709 5097 758 5143 et
785 5088 943 5141 cardo
967 5088 1234 5158 religionis
1264 5087 1565 5157 pietatisque
1610 5101 1724 5139 ver-

130 5168 278 5211 satur.
329 5158 581 5215 Comma.

200 5229 437 5300 Namque
462 5233 660 5300 saepius
683 5245 798 5282 cum
819 5229 1027 5300 jamdiu
1055 5245 1234 5284 necare
1253 5245 1356 5283 non
1378 5237 1561 5297 posset.
1595 5225 1729 5300 Nul-

134 5299 233 5354 lum
260 5298 488 5356 autumo
513 5298 841 5356 vocabulum
898 5300 1203 5355 addendum
1232 5317 1247 5364 ;
1289 5315 1387 5355 nec
1415 5298 1730 5353 mutandum

134 5371 216 5423 diu
236 5373 286 5426 in
337 5373 562 5438 diutius,
613 5388 792 5426 necare
831 5372 882 5425 in
913 5388 1116 5443 negare.
1149 5369 1386 5443 iJaﬁmdiu
1418 5370 1566 5424 illum
1593 5369 1731 5443 clam

137 5458 308 5497 necare
331 5443 630 5504 voluisset,
663 5458 763 5498 nec
792 5440 1020 5512 poterat,
1052 5442 1194 5512 nulla
1237 5442 1418 5496 habita
1448 5440 1733 5496 occasione

135 5522 246 5582 apta
279 5531 294 5580 ;
325 5516 505 5585 palam
539 5513 686 5585 enim
750 5510 854 5585 non
893 5510 1110 5585 audebat
1131 5530 1148 5578 ;
1188 5527 1370 5585 supra.

203 5581 465 5654 Sigillum.
490 5584 552 5640 ld
583 5593 687 5650 est,
718 5584 1001 5654 epistolam
1029 5581 1390 5639 dimissoriam
1413 5581 1588 5652 sigillo
1618 5597 1736 5636 mn-

139 5653 316 5710 nitam.
353 5657 494 5711 Vide
517 5655 713 5724 Cangii
739 5655 1080 5726 gloﬁssarinm.

201 5727 431 5798 Acceptis
480 5721 766 5799 ntandbtis'.
804 5725 934 5791 Qua:
965 5727 1046 5797 (ut
1099 5723 1374 5799 existimo)
1431 5721 1498 5781 ad
1527 5734 1734 5796 patrem

135 5795 507 5857 Conaantium
545 5796 738 5851 ferret.

584 5889 1013 5954 PATROL.VH.

1741 4413 1795 4474 D

1816 3102 2110 3174 exclusisse
2155 3101 2522 3174 abiulteriore
2573 3103 2949 3174 progressione
2994 3117 3408 3174 persequentes.

1815 3171 2016 3226 Eadem
2041 3172 2211 3226 ferme
2234 3173 2482 3241 leguntur
2511 3172 2564 3225 in
2589 3175 2824 3241 epitome
2853 3173 3106 3228 Victoris.

1888 3243 2138 3316 Evolavit.
2166 3244 2350 3316 Scribe
2371 3258 2491 3316 cum
2515 3243 2830 3316 lleumanno
2851 3245 3090 3311 avolavit,
3117 3261 3223 3316 quo
3246 3247 3414 3303 verbo

1816 3315 1982 3368 utitur
2011 3315 2200 3369 Cicero
2228 3314 2323 3369 lib.
2353 3329 2370 3368 ι
2400 3313 2691 3368 Tusculan.
2721 3329 2842 3384 cap.
2871 3316 2961 3380 45,
2983 3332 3063 3371 me
3086 3313 3204 3383 hinc
3229 3323 3408 3373 avola-

1817 3395 2010 3455 turum,
2043 3386 2235 3455 inquit.

1889 3454 2130 3509 Nudatus
2157 3457 2203 3510 ei
2245 3472 2423 3511 cursus
2452 3454 2701 3525 publicus.
2752 3456 2830 3510 lta
2879 3472 2980 3512 ms.
3014 3456 3070 3512 ld
3114 3469 3218 3522 est,
3270 3460 3404 3516 nulli

1816 3527 2044 3581 erantin
2077 3527 2594 3599 mansionibusequi
2639 3526 2835 3598 publici
2877 3529 3087 3584 cursari
3110 3571 3125 3596 ,
3151 3531 3274 3599 quia
3303 3546 3401 3587 eos

1816 3599 2156 3653 mutilaverat
2189 3597 2593 3652 Constantinus.

1888 3667 1954 3721 Ei
1985 3669 2040 3723 ln
2071 3684 2170 3723 ms.
2204 3671 2296 3731 eis,
2328 3669 2604 3724 mendose.

1893 3739 2320 3810 Ei...',imperium
2346 3755 2644 3810 permagnus
2671 3739 2901 3794 tradidit.
2921 3739 3333 3797 Lactantiuslib.
3352 3758 3411 3810 tt,

1819 3810 1990 3864 Divin.
2016 3811 2244 3864 Institnt.
2277 3809 2395 3878 cap.
2426 3809 2460 3862 4
2486 3828 2498 3861 ;
2543 3809 2678 3863 Vixit
2710 3811 2842 3863 enim
2877 3827 3033 3880 usque
3061 3811 3130 3864 ad
3168 3809 3401 3869 senecta-4

1818 3891 1933 3940 tem,
1965 3897 2272 3949 regnumque
2293 3896 2380 3950 per
2407 3895 2588 3934 atauus
2621 3881 2730 3947 ﬁlio
2753 3880 2988 3934 tradidit.

1891 3951 2141 4006 Militibus
2166 3950 2536 4006 commendato.
2578 3950 2710 4005 Nam
2762 3961 2816 4006 et
2860 3952 3027 4020 patris
3049 3953 3325 4010 voluntate
3353 3967 3410 4013 et

1820 4023 2046 4077 militum
2102 4038 2205 4077 una
2260 4036 2528 4078 consensu
2587 4023 2869 4091 imperium
2928 4034 3010 4078 est
3061 4037 3408 4083 consecutus.

3095 4095 3262 4152 CELL.

1893 4163 1956 4218 In
1984 4165 2110 4219 lecto
2149 4181 2240 4218 suo
2293 4165 2512 4234 requiem
2559 4165 2673 4220 vita:
2721 4166 2932 4234 accepit.
2991 4165 3137 4220 Fasti
3183 4168 3409 4224 ldatiani

1819 4236 2134 4291 Constantio
2183 4235 2252 4290 Vl
2299 4246 2353 4290 et
2399 4235 2717 4290 Maximiano
2769 4236 2831 4290 VI
2882 4237 3205 4292 Consulibus
3251 4257 3263 4292 :
3315 4239 3413 4296 llis

1821 4307 2123 4361 Consulibus
2153 4307 2287 4360 diem
2314 4307 2517 4376 functus
2547 4305 2896 4370 Constantius,
2921 4317 2968 4361 et
3009 4318 3180 4376 postea
3221 4310 3415 4365 levatus

1821 4390 1893 4432 est
1914 4376 2274 4433 Constantinus
2297 4394 2385 4432 vm
2407 4376 2534 4431 Kal.
2559 4378 2794 4447 Augusti.
2817 4376 3121 4433 Chronicon
3151 4381 3364 4435 Eusebii
3392 4398 3408 4436 :

1822 4449 2183 4512 Constantius,
2213 4459 2354 4503 sexto
2383 4449 2578 4503 decimo
2620 4450 2822 4518 imperii
2864 4466 3000 4505 anno
3039 4451 3172 4504 diem
3211 4452 3331 4506 obiit
3359 4453 3414 4507 in

1822 4519 2111 4586 Britannia,
2147 4519 2402 4585 Eboraci;
2435 4520 2739 4588 ibidemque
2762 4522 3007 4590 sepultus
3037 4533 3152 4588 est,
3195 4523 3238 4576 si
3283 4539 3408 4578 vera

1823 4601 1948 4646 sunt
1975 4606 2094 4660 qua:
2115 4590 2183 4645 de
2204 4592 2319 4658 ejus
2343 4591 2550 4644 tumulo
2573 4599 2858 4644 narrantur
2896 4606 2924 4644 a
2953 4592 3267 4646 doctissimo
3296 4594 3413 4648 viro

1824 4662 2108 4717 Guillelmo
2136 4661 2428 4723 Camdeno,
2457 4661 2644 4730 pagina
2683 4661 2787 4714 572
2828 4661 3136 4732 Britanniae.
3169 4662 3407 4732 Contigit

1825 4732 1965 4788 istud
1995 4747 2136 4785 anno
2161 4731 2356 4785 Christi
2383 4746 2555 4791 cccvt.
2587 4741 2642 4784 ut
2673 4740 2820 4784 recte
2846 4731 3103 4785 adversus
3129 4732 3407 4786 Petavium

1827 4805 2100 4858 contendit
2144 4801 2384 4856 Valesius
2415 4803 2466 4854 in
2493 4801 2926 4854 annotationibus
2972 4801 3034 4853 ad
3081 4801 3410 4868 Eusebium;

1827 4884 1881 4929 et
1910 4874 2122 4940 quidem
2151 4873 2237 4928 die
2261 4888 2353 4926 vm
2375 4871 2588 4926 kalend.
2621 4871 2848 4938 angusti.
2885 4870 3086 4924 ΒΑιυῑ.

1904 4943 2052 4998 tVi/til
2072 4944 2168 5012 egit
2200 4945 2357 5013 prius,
2392 4959 2542 5012 quant
2574 4941 2888 4995 Christianos
2910 4942 3070 4995 cultui
3097 4958 3157 4994 ac
3187 4941 3291 4995 Deo
3321 4961 3415 4997 suo

1829 5016 2058 5070 reddere.
2085 5014 2157 5068 lta
2187 5028 2288 5069 ms.
2311 5029 2405 5084 per
2428 5013 2832 5084 llellettistttuttt.
2855 5013 3104 5083 Alioquin
3130 5013 3416 5084 legendum

1831 5095 1996 5150 esset,
2023 5102 2174 5153 quam
2200 5083 2321 5138 ut”;
2363 5084 2612 5139 redderet.
2646 5083 2958 5139 Lactantius
2998 5087 3050 5138 in
3100 5083 3415 5152 pra-latione

1830 5157 1988 5211 libril
2023 5157 2136 5209 Div.
2173 5156 2404 5210 lnstitut.
2437 5155 2500 5208 ad
2529 5153 2938 5209 Constantinum
2971 5170 2986 5210 :
3018 5154 3158 5209 Nam
3184 5171 3295 5208 cum
3326 5155 3415 5208 ille

1833 5229 1939 5282 dies
1980 5229 2303 5298 felicissimus
2330 5226 2438 5280 orbi
2462 5235 2713 5280 terrarum
2737 5227 3010 5298 illuxisset,
3050 5242 3150 5296 quo
3188 5236 3236 5298 te
3281 5224 3421 5280 Deus

1831 5297 2058 5355 summus
2085 5298 2154 5352 ad
2193 5298 2393 5352 beatum
2423 5298 2634 5367 Imperii
2661 5297 2860 5350 culmen
2898 5299 3093 5362 evexit,
3141 5297 3416 5351 salutarem

1834 5371 2082 5424 universis
2109 5380 2154 5424 et
2182 5368 2452 5438 optabilem
2491 5368 2836 5438 principatum
2879 5369 3126 5438 prwclaro
3151 5368 3296 5420 initio
3321 5384 3420 5420 ttu-

1793 5504 1795 5506 _
1834 5443 2061 5511 spicatas
2086 5457 2158 5502 es,
2198 5456 2315 5493 cum
2353 5456 2584 5493 eversam
2625 5440 2970 5511 sublatumque
2988 5439 3240 5511 justitiam
3271 5439 3426 5504 redu-

1836 5509 1972 5576 cens,
2007 5511 2314 5565 teterrimum
2340 5512 2561 5565 aliorum
2592 5511 2792 5580 facinus
2817 5509 3054 5576 expiasti.

1897 5583 2070 5636 Prima
2084 5583 2194 5652 ejus
2208 5585 2422 5647 sanctio,
2440 5591 2626 5652 sanctte
2645 5580 2921 5652 Religionis
2934 5581 3190 5652 restituta'.
3208 5580 3298 5652 Sic
3323 5595 3425 5652 ms.

1837 5650 2114 5714 restitutte,‘
2157 5669 2254 5722 pro
2289 5653 2556 5706 restitutio.
2607 5651 2680 5706 lta
2703 5651 2896 5705 dicitur
2917 5650 3089 5715 missa,
3107 5665 3202 5722 pro
3221 5651 3427 5716 missio;

1837 5727 2022 5785 relata.
2043 5739 2137 5793 pro
2159 5719 2359 5788 relatio;
2375 5723 2615 5785 Ascensu,
2647 5736 2746 5790 pro
2780 5722 3048 5793 Ascensio;
3081 5719 3437 5793 defensa._pro

1845 5791 2093 5876 defensio;
2119 5809 2338 5864 accessa,
2369 5809 2466 5869 pro
2491 5796 2708 5850 accessio
2728 5810 2744 5854 ;
2766 5792 3013 5864 exposita,
3040 5791 3444 5867 proexpositio;

2697 5882 2739 5964 8
