3960 6394
495 268 603 331 939

1356 270 1542 327 FIRM.
1583 266 1950 326 LAIJTANTII
1986 265 2117 324 LIB.
2159 266 2250 323 DE
2286 260 2495 323 MOR'I‘.
2538 259 2920 323 PERSECUT.

3679 250 3809 316 240

495 387 1036 457 nutabant,cumille,
1051 385 1215 441 fracta
1228 383 1848 457 superbia,dimissisqne
1863 382 2076 449 animis,
2105 386 2163 449 Α
2184 379 2330 452 prior
2349 388 2405 437 et
2423 380 2597 451 major
2618 378 2713 435 lilii
2735 389 2970 449 potestas
2991 385 3157 447 esset,
3181 377 3273 449 qui
3297 377 3459 433 etiam
3489 376 3633 447 patri
3665 374 3813 431 red—

499 481 767 541 etSeveri
788 482 987 537 exitum
1008 487 1275 547 metuens,
1301 476 1368 534 ad
1391 475 1553 548 pedes
1573 475 1800 531 militum
1825 474 2080 545 provolu-

498 586 588 633 tus
617 575 823 641 orabat,
850 587 919 629 ne
944 572 1087 629 hosti
1115 570 1438 637 traderetur,
1465 569 1640 643 donec
1679 567 1959 639 promissis
1998 567 2082 623 in-

497 667 747 739 gentibus
761 666 910 723 flexit
925 664 1134 733 animos
1150 662 1526 736 quorumdam,
1541 671 1597 719 et
1615 670 1761 719 retro
1782 661 1931 732 signa
1952 674 2081 715 con-

498 758 682 822 vertit,
704 770 768 812 ac
787 755 967 827 fugam
992 753 1233 825 trepidus
1266 753 1581 825 capessivit;
1623 753 1676 807 in
1705 766 1807 823 qua
1850 749 2081 821 opprimi

493 846 752 902 facillime
792 846 983 916 potuit,
1006 845 1054 901 si
1083 860 1207 924 cum
1230 843 1413 914 paucis
1452 842 1714 916 quispiam
1742 849 2078 912 sequeretur.

494 937 650 1006 Quod
688 951 810 993 cum
850 937 1093 1003 timeret,
1136 934 1284 992 dedit
1326 934 1582 990 militibus
1626 940 1980 1003 potestatem,
2022 939 2083 986 ut

494 1029 725 1100 dispersi
746 1044 906 1100 quam
929 1025 1190 1084 latissime
1210 1027 1506 1098 diriperent
1520 1027 1720 1091 omnia,
1743 1025 1828 1081 vel
1848 1038 2080 1081 corrum-

496 1129 721 1193 perent;
746 1128 804 1176 nt
839 1121 887 1175 si
916 1120 1037 1192 quis
1068 1119 1277 1191 insequi
1303 1119 1559 1175 voluisset
1581 1118 1824 1175 utensilia
1850 1134 1956 1173 non
1988 1116 2082 1172 lia-

491 1211 668 1268 beret.
707 1211 926 1267 Vastata
952 1220 1035 1266 est
1057 1210 1216 1281 igitur
1244 1225 1305 1266 ea
1330 1225 1455 1281 pars
1484 1210 1668 1276 Italiae,
1712 1224 1818 1281 quo
1863 1207 2082 1280 pestife-

490 1319 614 1360 rum
652 1303 785 1359 illud
828 1319 1018 1374 agmen
1049 1303 1306 1359 incessit:
1332 1304 1561 1374 expilata
1590 1305 1792 1368 omnia,
1822 1304 2074 1360 mulieres

493 1404 785 1466 corruptae,
816 1397 1053 1467 virgines
1081 1396 1314 1465 violatae,
1348 1396 1542 1452 extorti
1583 1407 1837 1467 parentes
1880 1406 1935 1452 et
1962 1412 2082 1452 ma-

488 1490 600 1553 riti,
624 1498 682 1544 ut
718 1489 875 1556 lilias,
917 1498 976 1544 ut
1002 1489 1293 1560 conjuges,
1336 1499 1392 1545 ut
1425 1505 1558 1561 epes
1597 1506 1721 1548 suas
1771 1492 2079 1562 proderent.

487 1583 710 1638 Abactae
731 1591 983 1653 tanquam
1020 1580 1088 1638 de
1108 1582 1352 1639 barbaris
1373 1585 1572 1655 prteda:
1600 1599 1852 1654 pecorum
1890 1600 1953 1640 ac
1987 1587 2078 1656 ju-

488 1684 813 1730 mentorum.
846 1674 958 1730 lloc
978 1673 1139 1730 modo
1162 1690 1222 1730 se
1256 1675 1322 1730 ad
1358 1674 1514 1731 sedes
1534 1690 1659 1730 snas
1685 1677 1922 1748 recepit,
1953 1692 2077 1733 cum

489 1766 766 1823 Romanus
791 1766 1059 1837 quondam
1086 1766 1402 1837 Imperator,
1430 1782 1572 1822 nunc
1594 1768 2074 1840 populatorltaliae,
2106 1777 2157 1838 Β

490 1858 761 1915 hostiliter
781 1859 1029 1938 universa
1048 1868 1315 1915 vexasset.
1340 1859 1480 1914 Olim
1503 1859 1721 1929 quidem
1750 1861 1860 1927 ille,
1895 1875 1953 1917 ut
1977 1876 2077 1916 no-

488 1966 614 2007 men
646 1951 985 2022 imperatoris
1011 1959 1313 2020 acceperat,
1341 1950 1544 2005 hostem
1569 1966 1627 2006 se
1656 1951 1883 2007 Romani
1906 1952 2078 2007 nomi-

490 2042 578 2098 nis
596 2050 714 2097 erat
755 2040 1049 2111 professus,
1078 2040 1252 2112 cujus-
1275 2040 1485 2095 titulum
1523 2042 1792 2096 immutari
1830 2042 2073 2109 volebat;

491 2143 550 2189 ut
592 2148 700 2190 non
728 2148 1011 2190 romanum
1057 2132 1360 2205 imperium,
1412 2132 1510 2189 sed
1551 2132 1830 2189 Daeiscum
1875 2148 2076 2204 cogno-

490 2224 805 2283 minaretur.

1180 2316 1415 2373 XXVIII.

561 2430 690 2487 Post
718 2428 880 2500 hujus
899 2429 1100 2501 fugam,
1123 2444 1245 2485 cum
1267 2444 1327 2485 se
1358 2430 1705 2486 Maximianus
1728 2430 1864 2487 alter
1883 2446 1914 2486 e
1952 2430 2081 2486 Gal-

492 2521 565 2577 lia
596 2520 1157 2591 recepisset,.ltabebat
1180 2520 1462 2591 imperium
1486 2536 1775 2575 commune
1798 2534 1923 2576 cum
1946 2521 2080 2577 lilio.

503 2614 610 2672 Sed
631 2613 819 2685 juveni
847 2613 1018 2692 magis
1048 2612 1351 2685 parebatur,
1385 2627 1544 2682 quam
1567 2612 1704 2681 seni,
1736 2612 1935 2684 quippe
1959 2627 2082 2668 cum

2181 469 2388 528 diderat
2415 470 2719 541 imperium.
2737 470 2969 528 Ferebat
2994 470 3179 541 iniquo
3207 469 3387 524 animo
3406 482 3598 535 senex,
3630 465 3803 538 quod

2181 578 2291 620 non
2319 571 2503 634 posset
2529 562 2699 620 libere
2723 560 2901 619 facere
2932 562 3076 633 quod
3106 562 3293 630 vellet,
3317 570 3374 617 et
3400 559 3512 618 lilio
3528 574 3634 617 suo
3656 574 3803 631 puc-

2186 656 2274 713 rili
2304 655 2645 711 aemulatione
2684 653 2978 712 invidebat.
3018 654 3301 725 Cogitabat
3344 668 3477 725 ergo
3504 653 3809 724 expellere

2184 748 2610 815 adolescentem,
2647 759 2705 803 ut
2725 747 2828 805 sibi
2869 762 2966 804 sua
2988 747 3305 804 vindicaret.
3336 746 3492 816 Quod
3517 745 3681 803 facile
3712 746 3808 802 vi-

2181 840 2365 908 batur,
2393 841 2518 911 quia
2546 840 2742 896 milites
2769 848 2925 896 erant
2949 838 3078 913 [sui]
3116 840 3204 911 qui
3243 840 3505 898 Severum
3548 840 3811 911 relique-

2182 940 2324 988 rant.
2354 930 2650 987 Advocavit
2676 930 2932 1002 populum
2957 944 3022 987 ac
3045 930 3263 997 milites,
3285 931 3440 1000 quasi
3463 930 3808 986 concionem

2183 1023 2251 1079 de
2278 1023 2634 1094 praesentibus
2684 1022 2991 1093 reipublicae
3018 1022 3173 1079 malis
3216 1023 3522 1083 habiturus.
3554 1022 3641 1079 De
3672 1023 3811 1094 qui-

2180 1114 2281 1171 bus
2307 1130 2431 1171 cum
2482 1116 2646 1171 multa
2692 1115 2936 1184 dixisset,
2959 1115 3227 1173 convertit
3253 1116 3321 1173 ad
3352 1117 3524 1172 lilium
3555 1132 3805 1184 manus;

2180 1219 2237 1266 et
2263 1210 2415 1266 illum
2436 1223 2557 1265 esse
2581 1208 2766 1281 dicens
2779 1217 3056 1266 auctorem
3080 1209 3367 1277 malorum,
3384 1209 3540 1266 illum
3574 1209 3803 1281 princi-

2182 1314 2305 1372 pem
2332 1299 2718 1368 calamitatum,
2749 1315 2883 1370 quas
2929 1299 3234 1370 respublica
3288 1300 3608 1365 sustineret,
3644 1299 3795 1356 diri-

2181 1394 2299 1463 puit
2326 1391 2395 1446 ab
2424 1390 2663 1447 humeris
2693 1390 2809 1461 ejus
2833 1405 3146 1462 purpuram.
3172 1390 3379 1448 Exutus
3407 1391 3502 1447 ille
3534 1391 3809 1462 principi-

2183 1492 2294 1541 tem
2316 1498 2375 1540 se
2404 1484 2474 1540 de
2503 1484 2758 1541 tribunali
2785 1484 2955 1552 dedit,
2989 1496 3045 1542 et
3068 1501 3098 1541 a
3118 1486 3379 1543 militibus
3395 1496 3666 1559 exceptus
3686 1495 3808 1546 est.

2180 1575 2422 1644 Quorum
2441 1576 2519 1630 ira
2534 1583 2589 1632 et
2611 1576 2847 1633 clamore
2874 1577 3220 1648 perturbatus
3246 1588 3332 1634 est
3371 1593 3543 1636 senex
3564 1580 3810 1652 impius,

2182 1677 2237 1724 et
2255 1667 2325 1723 ab
2343 1666 2476 1724 urbe
2492 1664 2687 1755 Roma,
2701 1676 2952 1741 tanquam
2965 1670 3241 1742 Superbus
3254 1670 3414 1739 alter,
3435 1682 3667 1730 exactus
3687 1680 3811 1729 est.

2869 1785 3064 1843 XXIX.
3519 1836 3525 1841 .

2253 1874 2489 1932 Rediens
2518 1892 2707 1933 rursus
2729 1877 2781 1933 in
2808 1876 3029 1944 Gallias,
3060 1877 3152 1934 ubi
3199 1877 3545 1950 aliquantum
3598 1895 3809 1937 mora-

2183 1979 2271 2026 tus
2294 1978 2393 2037 est,
2429 1969 2703 2041 profectus
2730 1970 2797 2027 ad
2850 1972 3060 2027 hostem
3108 1971 3204 2026 filii
3250 1974 3333 2027 sui
3362 1972 3795 2041 Maximianum,

2183 2060 2335 2131 quasi
2363 2070 2424 2116 ut
2441 2060 2517 2118 de
2541 2061 2915 2133 componendo
2971 2063 3283 2134 reipublicae
3303 2072 3449 2119 statu
3478 2073 3537 2122 et
3562 2081 3695 2122 cum
3729 2082 3807 2123 eo

2185 2151 2523 2222 disputaret;
2567 2168 2626 2209 re
2653 2164 2828 2209 autem
2859 2168 2985 2209 vera
3034 2164 3092 2209 ut
3121 2155 3271 2210 illum
3299 2171 3398 2227 per
3443 2158 3815 2214 occasionem

2184 2245 2647 2301 reconciliationis
2673 2245 2963 2313 occideret,
3014 2260 3078 2301 ac
3125 2262 3350 2317 regnum
3392 2248 3516 2317 ejus
3550 2257 3804 2317 teneret,

2185 2338 2436 2394 exclusus
2460 2353 2490 2392 a
2522 2353 2642 2403 suo,
2665 2352 3005 2410 quocumque
3028 2339 3287 2395 venisset.
3318 2340 3528 2395 Aderat
3555 2341 3636 2396 ibi
3665 2342 3809 2398 Dio-

2186 2431 2321 2495 cies,
2345 2443 2374 2482 a
2404 2443 2604 2499 genero
2632 2444 2807 2499 nuper
2834 2429 3059 2497 accitus,
3089 2439 3146 2484 ut
3165 2430 3310 2500 quod
3335 2439 3467 2487 ante
3494 2447 3609 2488 non
3647 2433 3815 2489 fece-

2185 2530 2290 2588 rat,
2321 2532 2589 2592 praesente
2614 2520 2706 2577 illo
2736 2522 3020 2592 imperium
3049 2521 3259 2578 Licinio
3280 2522 3457 2591 daret,
3487 2525 3804 2582 substituto

2185 2613 2243 2669 in
2266 2612 2449 2667 Severi
2478 2613 2618 2669 loco.
2648 2611 2832 2684 Itaque
2878 2613 2937 2668 fit
2980 2620 3214 2684 utroque
3242 2623 3535 2685 prmsente.
3567 2617 3664 2674 Sic
3690 2634 3818 2675 uno

1838 2724 2203 2784 VARIORUM
2239 2724 2473 2782 ΝΟΤιΕ.

489 2867 724 2937 gendum
748 2864 1137 2937 Imperatorem.
1169 2862 1303 2919 Vide
1342 2862 1501 2930 infra,
1542 2861 1664 2931 quia
1691 2861 1875 2918 milites
1915 2870 2080 2931 erant,

490 2934 588 3008 qui
609 2937 861 3008 Severum
886 2934 1220 3008 reliquerant.

566 3006 856 3062 Nutabant.
884 3006 1006 3070 Ms.,
1036 3004 1382 3058 mutabantur.

565 3077 899 3146 Dimissisque
917 3075 1121 3146 animis.
1138 3073 1298 3146 Forte
1312 3073 1615 3146 legendum,
1631 3074 1954 3146 demissisque
1973 3074 2083 3128 ani-

492 3150 612 3213 mis,
627 3148 681 3202 id
695 3156 797 3215 est,
816 3143 1059 3215 objectis.
1084 3143 1160 3197 Ita
1172 3143 1362 3215 Cicero
1379 3145 1538 3215 variis
1569 3145 1622 3199 in
1636 3145 1787 3201 locis.
1802 3145 2079 3201 ALIELOV.

566 3217 657 3272 Et.
694 3216 773 3272 Ex
804 3214 906 3271 ms.
932 3214 1026 3270 sed
1050 3214 1306 3269 omissum
1331 3214 1385 3269 in
1409 3214 1586 3269 editis.

566 3287 742 3343 Flexit
763 3288 960 3342 animos
988 3285 1344 3353 quorumdam.
1376 3284 1502 3352 Ms.,
1530 3285 1655 3352 felix
1696 3286 1895 3339 animus
1948 3301 2079 3356 quo-

492 3376 628 3414 rum.
658 3357 904 3413 Editores
928 3363 1283 3426 reposuerunt
1329 3356 1472 3424 ﬂexit
1501 3356 1699 3409 animos
1745 3371 1943 3426 eorum.
1974 3357 2083 3426 Ego

494 3426 746 3500 ponendo
766 3425 1122 3500 quorumdam,
1144 3426 1383 3500 _pers_t_iti
1410 3428 1462 3480 in
1486 3425 1837 3496 manuscripti
1880 3425 2085 3481 codicis

494 3495 730 3556 lectione
760 3495 920 3553 unam
948 3495 1197 3568 addendo
1222 3496 1520 3566 syllabam;
1546 3510 1776 3568 eamque
1807 3510 1993 3554 vocem
2020 3510 2085 3552 ac

495 3571 780 3643 lectionem
797 3567 1095 3643 genuinam
1130 3576 1283 3637 puto.
1314 3632 1325 3643 .

571 3636 1013 3712 Opprimi'potuit.
1045 3636 1148 3693 Pro
1197 3636 1480 3712 potuisset.
1512 3636 1601 3712 Sic
1646 3636 1741 3692 lib.
1792 3650 1853 3712 δη
1883 3636 2082 3712 Insti_t._,

497 3706 711 3780 capiib
740 3729 751 3764 :
783 3706 956 3780 potuit
1001 3722 1138 3780 esse
1170 3722 1329 3761 verus
1387 3708 1479 3762 Dei
1508 3709 1710 3772 cultor,
1732 3778 1740 3780 _
1761 3706 1806 3761 si
1835 3706 1958 3780 quis
2007 3707 2085 3762 illi

496 3776 870 3837 monstrasset.
900 3778 1060 3835 Conf.
1086 3778 1178 3832 lib.
1214 3794 1273 3844 Il,
1302 3792 1421 3845 cap.
1452 3780 1504 3843 4,
1536 3778 1782 3847 aportuit.
1856 3776 2008 3832 'BUN.

577 3850 827 3908 Utensilia
856 3866 959 3904 non
982 3849 1201 3905 haberet.
1233 3842 1494 3906 Utensilia
1514 3842 1639 3904 sunt
1666 3842 1889 3915 cibaria,
1914 3848 2084 3919 copia:

499 3921 662 3977 victui
694 3920 1054 3976 necessariae"

578 3991 713 4058 Quo.
742 3988 1039 4059 Qua,jnxta
1068 3987 1300 4043 Tollium
1324 3998 1378 4059 et
1405 3987 1797 4043 Ileumannum.

573 4063 646 4116 Se
672 4060 739 4113 ad
758 4074 876 4114 suas
899 4060 1040 4112 sedes
1068 4060 1273 4128 recepit.
1306 4058 1655 4128 Maximianus
1681 4058 1947 4115 Galerius.

584 4128 843 4184 Vexasset.
871 4128 1119 4182 Balnzius
1168 4127 1317 4197 putat
1345 4127 1625 4196 legendum
1656 4143 1778 4183 esse
1820 4140 2080 4184 vastasset.

503 4203 752 4272 Attamen
782 4197 921 4272 infra
947 4213 1097 4253 num.
1132 4196 1265 4254 xxxi
1290 4196 1419 4255 dicit
1447 4210 1635 4253 auctor
1665 4200 1977 4253 vexationem
1999 4217 2086 4272 ge-

500 4271 635 4326 neris
656 4269 883 4324 humani.

575 4340 869 4394 Daciscum.
891 4338 1126 4410 Siclego
1153 4353 1273 4393 cum
1304 4339 1689 4410 manuscripto,
1721 4348 1779 4392 ut
1805 4339 1943 4410 apud
1969 4338 2081 4396 Vo-

2188 2860 2497 2917 Lactantius
2520 2860 2753 2943 Epitom.
2784 2878 2910 2943 cap.
2931 2864 3032 2918 72:
3062 2862 3182 2935 Ipse
3204 2866 3501 2923 dtemonum
3533 2869 3817 2943 princeps,

2189 2942 2369 2985 auctor
2390 2943 2436 2987 et
2459 2934 2778 2988 machinator
2806 2936 3079 2989 malorum.

2112 2972 2158 3035 C
2189 2972 2765 3074 ""Zjilai'i'éiiiliiic‘i'
2785 2972 3079 3060 ἇῶἓῖἰεῖἔὶξ
3100 3005 3347 3063 Lactant.
3395 3008 3522 3064 Div.
3556 3010 3814 3068 Institnt.

2186 3073 2279 3150 lib.
2308 3089 2380 3150 vi,
2409 3073 2544 3143 cap.
2570 3075 2642 3150 8‘:
2669 3073 2815 3150 Mala
2844 3078 3038 3150 onmia_
3062 3080 3351 3145 sustinere;
3410 3089 3467 3135 et
3524 3096 3652 3150 cap.
3685 3086 3764 3138 18
3800 3102 3813 3137 :

2186 3142 2549 3224 Sustineamus
2592 3146 2827 3214 invicem,
2855 3157 2903 3200 et
2935 3148 3071 3202 mala
3098 3150 3253 3219 hujus
3277 3142 3624 3224 vitazhmutui's
3645 3157 3819 3224 adju-

2184 3213 2364 3285 ntentis
2391 3218 2728 3285 perferamus.
2813 3213 2818 3214 7
3162 3213 3176 3219 ⁷
3391 3218 3649 3278 Οοιυιιιι.

2256 3283 2491 3359 Diripuit
2516 3286 2578 3359 ab
2604 3286 2832 3359 humeris
2852 3289 2962 3356 ejus
3004 3304 3311 3359 purpuram.
3347 3289 3426 3345 Ila
3460 3306 3567 3347 tus.
3605 3294 3819 3351 Dicen-

2188 3354 2316 3410 dum
2349 3356 2488 3411 foret
2517 3356 2763 3429 deripuit,
2787 3357 2837 3429 id
2868 3354 2971 3425 est,
3005 3354 3072 3414 de
3104 3354 3355 3428 "corpore
3402 3361 3500 3416 ﬁlii
3522 3363 3771 3419 detraxit
3798 3385 3815 3429 ;

2185 3440 2318 3553 aut]:1
2329 3436 2515 3552 conthrla
2528 3427 2761 3551 tdiripere
2785 3428 3052 3499 siguilicet
3094 3432 3150 3485 in
3177 3427 3346 3502 frusta
3391 3434 3694 3491 concidere.
3730 3427 3819 3494 Ita

2234 3511 2282 3552 v1
2327 3511 2418 3552 .tv
2494 3515 2523 3552 e
2553 3537 2591 3553 ..

2234 3506 2339 3552 vna.
2367 3511 2418 3552 iv
2444 3506 2591 3565 Met.,

2543 3612 2560 3641 τ
2595 3611 2609 3624 .
2650 3615 2662 3629 .
2697 3575 2935 3641 velamina
2956 3577 3154 3641 Progne

2371 3635 2589 3702 Diripuit
2611 3650 2678 3688 ex
2698 3637 2935 3702 humeris.

2825 3700 2911 3757 Ea:
2938 3702 3175 3760 Corano.

2260 3780 2479 3837 Exutus.
2516 3781 2573 3837 In
2595 3797 2725 3849 ms.,
2755 3793 2983 3841 exsutus.

2261 3851 2528 3922 Tanquam
2579 3853 2847 3920 Superbus
2884 3854 3036 3922 alter,
3066 3864 3273 3912 exactus
3318 3868 3416 3917 est.
3444 3859 3507 3918 Id
3537 3871 3629 3919 est
3659 3862 3817 3921 Tar-

2189 3923 2405 3993 quinius
2427 3923 2725 3993 Superbus,
2752 3923 2868 3980 Rex
2885 3925 3257 3982 Romanorum
3283 3930 3534 3989 ultimus.
3563 3933 3821 3991 Lactan-

2187 3996 2292 4048 tius
2320 3993 2428 4077 ιιι).
2478 4010 2535 4077 ιν
2584 3994 2843 4064 Institut.,
2888 4011 3008 4067 cap.
3044 3999 3144 4053 ιιι
3174 3996 3496 4077 Tarquinius
3542 4008 3818 4077 superbus

2184 4074 2393 4119 exactus
2412 4075 2507 4118 est.
2660 4090 2669 4099 -
3432 4072 3650 4129 Bswz'.

2264 4134 2343 4207 Att
2368 4136 2587 4207 iltostem
2612 4134 2712 4207 ﬁlii
2754 4138 2835 4190 sui
2875 4135 3274 4196 Maximianum.
3305 4141 3361 4197 Id
3387 4154 3475 4200 est
3499 4144 3817 4207 Herculius

2187 4203 2551 4275 proficiscitur
2580 4203 2648 4260 ad
2677 4205 2947 4263 Galerium
2965 4209 3059 4263 lilii
3083 4211 3165 4265 sui
3187 4210 3422 4270 hostem.
3518 4232 3521 4233 '

2257 4273 2329 4357 Et
2347 4291 2462 4329 cum
2489 4276 2886 4357 egﬂisputaretz
2898 4278 2989 4334 Sic
3010 4294 3114 4335 ms.
3142 4281 3270 4357 editi
3297 4286 3564 4341 omittunt
3598 4299 3650 4343 et
3668 4329 3687 4353 ,
3721 4291 3815 4346 id-

2195 4359 2300 4430 que
2315 4345 2811 4430 bene.nl_)isputaret,
2835 4347 3462 4430 id‘est,ronnl‘erret_,cum
3488 4372 3557 4413 eo
3585 4345 3813 4430 ageret.

541 4412 712 4498 ίβοειεῖε
741 4408 1554 4498 iactissime:99:38:909.
1577 4408 1854 4498 ιέασίςιξηῑί
1871 4418 1942 4498 1'!
1963 4410 2083 4498 le:
2113 4421 2167 4481 D
2197 4408 2453 4498 δίοέιρυά
2471 4408 2849 4498 οίςεὶοιιθιηίι
2871 4408 3088 4498 Favi!»
3118 4421 3175 4498 δ,
3203 4431 3259 4498 ιξι
3278 4408 3562 4498 dfatim-6
3586 4408 3811 4489 ‘é’aéii'di

503 4477 638 4608 Bent
662 4481 843 4551 plures
867 4479 1015 4535 editi.
1044 4477 1340 4549 Daciscum,
1373 4481 1513 4552 quod
1542 4481 1655 4552 ipse
1676 4489 1831 4539 natus
1858 4489 2002 4538 esset
2020 4496 2088 4538 ex

551 4566 684 4607 aeta.

551 4566 684 4607 acra.

579 4621 929 4677 Maximianus
950 4622 1103 4676 alter.
1124 4619 1357 4689 Scilicet,
1393 4621 1691 4678 Herculius.

578 4692 768 4748 Gallia.
790 4693 849 4748 In
879 4707 980 4748 ms.
1007 4689 1174 4747 Gallic
1195 4692 1322 4747 :sed
1346 4692 1623 4747 mendose.

575 4760 704 4818 Cum
724 4765 867 4832 prior
887 4773 935 4834 et
959 4763 1149 4834 major.
1180 4762 1544 4818 Heumannus.
1576 4762 1701 4817 Cum
1723 4765 1862 4834 prior
1884 4775 2011 4820 esset
2039 4774 2086 4820 et

508 4835 689 4905 major.
723 4833 795 4890 At
820 4832 948 4890 alibi
976 4832 1189 4905 quoque
1209 4834 1397 4905 omisit_
1409 4832 1731 4905 Lactantius
1749 4837 2086 4905 praecedente

509 4902 625 4958 cuin
648 4905 874 5028 gerbum
922 4902 1517 4961 substantivum.Conf.
1575 4904 1670 4960 lib.
1700 4902 1779 5031 vi;
1824 4906 2081 4976 Institut.,

509 4989 621 5031 can.
688 5014 704 5031 .
1784 4992 1870 5031 un.

499 4989 621 5031 can.
648 4989 704 5031 2.
1737 4989 1870 5031 UUN.

758 5052 978 5115 potestas
1008 5053 1165 5119 esset.
1210 5043 1405 5119 Addidi
1459 5045 1682 5119 verbum
1702 5117 1712 5119 _
1735 4990 1895 5114 (12::th
1941 5047 2084 5119 quod

499 5113 652 5171 deest
672 5115 724 5169 in
755 5113 1139 5185 manuscripto,
1169 5115 1263 5171 sed
1287 5118 1591 5171 necessario
1614 5113 1937 5173 addendum.

578 5186 677 5250 Qui
697 5186 867 5240 etiam.
889 5184 947 5240 In
978 5184 1082 5241 ms.
1111 5186 1294 5241 codice
1321 5195 1403 5241 est
1426 5196 1473 5241 et
1493 5204 1572 5240 ea.

579 5255 749 5321 Quod.
783 5255 903 5319 Ms.,
931 5271 1073 5325 quos,
1099 5257 1388 5322 mendose;
1421 5256 1560 5312 forte
1584 5272 1697 5321 qua:
1717 5258 1881 5313 vellet.

577 5326 771 5381 Milites
790 5335 934 5385 erant
950 5327 1051 5380 sui.
1100 5325 1336 5394 Scilicet,
1382 5327 1684 5382 Maximiani
1721 5328 1952 5383 Ilerculii
1980 5328 2084 5384 Im-

543 5398 788 5451 eratoris.
817 5395 951 5452 Cum
972 5396 1192 5453 doctiss.
1221 5398 1348 5453 viris
1374 5397 1524 5452 Gisb.
1552 5398 1764 5466 Cupero
1816 5412 1869 5453 et
1916 5400 2082 5454 Paulo

552 5467 723 5522 auldri
766 5468 904 5522 addo
932 5468 1035 5532 sui,
1065 5476 1121 5523 et
1163 5482 1355 5522 sensus
1383 5468 1604 5521 omnino
1633 5470 1881 5535 postulat,
1917 5480 1975 5525 ut
2003 5472 2082 5527 sic

503 5537 740 5607 legatur;
762 5538 920 5607 idque
936 5552 1119 5593 verum
1141 5552 1262 5593 esse
1292 5545 1437 5605 patet
1464 5552 1534 5591 ex
1566 5537 1737 5607 capite
1763 5542 1830 5593 44
1851 5548 1905 5594 et
1934 5542 2082 5596 simi-

503 5604 673 5660 litudo
698 5604 990 5661 litterarum
1039 5609 1137 5672 sui,
1180 5618 1236 5663 et
1279 5604 1386 5676 qui,
1422 5604 1776 5663 voceni'eatn
1818 5615 2081 5670 emicare

496 5677 691 5749 potuit.
722 5675 803 5730 Ea:
826 5677 1061 5733 CUPBRO.

573 5744 842 5811 Auctorem
864 5748 1159 5825 -malorum,
1213 5747 1888 5822 principemcalamitatum.
1941 5749 2075 5813 Item

2104 5944 2133 5952 υ.

2264 4485 2724 4566 Per_occasianem_
2738 4485 3183 4566 reconciliationis.
3220 4485 3530 4563 Proposiiio
3716 4485 3815 4558 hic

2189 4557 2389 4630 aliquid
2422 4559 2653 4629 antiquae
2678 4558 2956 4630 elegantia:
2993 4564 3253 4630 continet,
3277 4557 3356 4621 uti
3404 4569 3551 4630 apud
3582 4557 3812 4629 Livium

2189 4639 2246 4685 et
2265 4627 2524 4713 senectam
2551 4627 2851 4713 pet-“ﬁdem,
2884 4631 3032 4713 quod
3070 4627 3417 4713 Caesari-[sive
3439 4627 3633 4713 Ijirtio
3665 4627 3815 4713 quo:

2188 4714 2294 4826 gae
2319 4699 2511 4755 Davies
2534 4699 2603 4755 ad
2627 4699 2723 4756 lib.
2763 4716 2853 4773 VIII
2878 4700 3042 4771 Gall.,
3074 4718 3194 4776 cap.
3225 4705 3321 4775 48,
3452 4710 3511 4777 5,
3542 4699 3811 4770 vindiea-

2267 4809 2280 4822 .
3408 4794 3498 4832 un.

2185 4778 2280 4826 Vit.
3360 4778 3498 4835 Bon.

2261 4840 2590 4913 Quocumque
2617 4842 2851 4898 venisset.
2875 4843 3088 4899 Aderat.
3114 4844 3506 4905 Bnnemanuus
3523 4868 3665 4909 vero
3692 4872 3812 4913 non

2186 4912 2339 5035 garrit
2361 4912 2612 4979 punctum
2643 4923 2764 4981 post
2800 4915 3033 4981 venisset,
3065 4924 3120 4971 et
3168 4916 3311 4973 hunc
3342 4919 3525 4977 locum
3586 4924 3672 4979 sic
3707 4912 3818 4981 ha?-

2223 4990 2275 5035 et
2291 4998 2303 5035 :
2322 4981 2648 5035 Quocumaue
2660 4984 2871 5035 venisset
2881 4986 3082 5035 aderat.
3096 4997 3224 5035 ειη--
3246 4998 3550 5035 nntammm
3564 5010 3818 5035 ερηηρ..-

2223 4990 2275 5067 et
2291 4981 2653 5067 :ﬂuocumque
2660 4984 2871 5067 venisset
2881 4986 3227 5067 aderat,etc_._,
3246 4998 3818 5067 notamqugsequen-

2187 5060 2294 5106 tem
2310 5050 2487 5108 'addit.
2519 5050 2591 5094 -—'
2612 5050 2843 5109 Criticus
2870 5070 3034 5130 anon.
3066 5050 3139 5130 ita
3167 5050 3497 5130 distinguit':
3523 5050 3811 5123 Excidit.

2185 5138 2363 5195 asuo.
2397 5135 2753 5195 _Quocumque
2780 5126 3016 5195 venisset,
3070 5127 3248 5183 aderat
3290 5126 3367 5186 ibi
3398 5131 3809 5194 Diocletianus.

2186 5191 2369 5247 Placet
2394 5191 2710 5251 Henmann‘o
2724 5203 2780 5252 et
2794 5197 2948 5251 mihi.
3002 5191 3010 5195 ⁷
3503 5204 3653 5262 Bon.

2257 5262 2447 5351 delerat
2475 5264 2544 5319 ibi
2562 5263 2785 5322 Diocles.
2815 5266 2969 5337 Apud
2989 5265 3368 5351 Maximianum
3390 5271 3687 5336 Galerium
3708 5295 3814 5351 ge-

2184 5346 2376 5407 nerum
2399 5351 2574 5403 suum,
2594 5352 2624 5407 ξι
2654 5352 2761 5405 quo
2789 5352 2960 5407 nuper
2986 5337 3157 5394 fuerat
3186 5343 3414 5398 accitus.

2250 5404 2561 5529 (Subtilitate.
2592 5405 2652 5461 lu
2673 5404 2775 5462 ms.
2805 5404 2983 5478 potest
3003 5409 3107 5479 legi
3144 5410 3444 5482 substituto,
3473 5426 3575 5472 aut
3628 5420 3809 5476 etiam

2280 5492 2303 5525 8
2326 5491 2340 5527 Ι
2367 5493 2397 5528 u
2425 5492 2535 5529 uro.

2183 5491 2535 5530 εηυδηιιιιιινο.

2257 5542 2322 5597 In
2350 5547 2525 5628 Severi
2550 5546 2680 5600 loco.
2700 5546 2811 5628 _Sic
2834 5564 2933 5602 ms.
2968 5550 3116 5628 Docti
3167 5551 3380 5628 malunt
3420 5558 3718 5628 scribere,
3746 5562 3812 5618 in

2185 5613 2357 5694 Severi
2383 5617 2550 5670 locum
2573 5632 2592 5670 :
2619 5616 2713 5670 sed
2737 5622 3147 5694 utraqne‘lc‘clio
3168 5622 3384 5694 defendi
3418 5613 3635 5694 potest.

2260 5684 2485 5768 Utroque
2526 5696 2790 5771 prwsente.
2835 5684 3165 5750 Diocletiano
3203 5684 3490 5771 nimirum,
3538 5684 3617 5760 ﬁet
3664 5715 3814 5767 sene

2185 5754 2504 5817 Maximiano
2527 5754 2802 5820 Ilct'culio.
