  <div class='ocr_page' id='page_1' title='image "/cluster/home/n/w/nwhite01/storage/ocr_20150623/7/umn.31951002477301e/128.png"; bbox 0 0 3960 6358; ppageno 0'>
   <div class='ocr_carea' id='block_1_1' title="bbox 171 378 275 441">
    <p class='ocr_par' dir='ltr' id='par_1_1' title="bbox 171 378 275 441">
     <span class='ocr_line' id='line_1_1' title="bbox 171 378 275 441; baseline 0.01 -1"><span class='ocrx_word' id='word_1_1' title='bbox 171 378 275 441; x_wconf 72' lang='lat' dir='ltr'><strong>9M</strong></span> 
     </span>
    </p>
   </div>
   <div class='ocr_carea' id='block_1_2' title="bbox 1346 385 2363 449">
    <p class='ocr_par' dir='ltr' id='par_1_2' title="bbox 1346 385 2363 449">
     <span class='ocr_line' id='line_1_2' title="bbox 1346 385 2363 449; baseline 0.002 -5"><span class='ocrx_word' id='word_1_2' title='bbox 1346 386 1440 444; x_wconf 83' lang='lat' dir='ltr'><strong>AD</strong></span> <span class='ocrx_word' id='word_1_3' title='bbox 1479 385 1806 448; x_wconf 77' lang='lat' dir='ltr'><strong>DONATUM</strong></span> <span class='ocrx_word' id='word_1_4' title='bbox 1840 386 2363 449; x_wconf 78' lang='lat' dir='ltr'><strong>CONFESSOREM.</strong></span> 
     </span>
    </p>
   </div>
   <div class='ocr_carea' id='block_1_3' title="bbox 3381 398 3492 460">
    <p class='ocr_par' dir='ltr' id='par_1_3' title="bbox 3381 398 3492 460">
     <span class='ocr_line' id='line_1_3' title="bbox 3381 398 3492 460; baseline 0.036 -4"><span class='ocrx_word' id='word_1_5' title='bbox 3381 398 3492 460; x_wconf 64' lang='lat' dir='ltr'><strong>Si!</strong></span> 
     </span>
    </p>
   </div>
   <div class='ocr_carea' id='block_1_4' title="bbox 180 472 3487 585">
    <p class='ocr_par' dir='ltr' id='par_1_4' title="bbox 180 472 3487 585">
     <span class='ocr_line' id='line_1_4' title="bbox 180 472 3487 585; baseline 0.007 -33"><span class='ocrx_word' id='word_1_6' title='bbox 180 504 428 566; x_wconf 90' lang='lat' dir='ltr'><strong>tempore</strong></span> <span class='ocrx_word' id='word_1_7' title='bbox 455 506 553 551; x_wconf 90' lang='lat' dir='ltr'><strong>sex</strong></span> <span class='ocrx_word' id='word_1_8' title='bbox 610 491 852 554; x_wconf 80' lang='lat' dir='ltr'><strong>fuerunt.</strong></span> <span class='ocrx_word' id='word_1_9' title='bbox 897 495 1077 568; x_wconf 84' lang='lat' dir='ltr'><strong>Quare</strong></span> <span class='ocrx_word' id='word_1_10' title='bbox 1119 496 1392 571; x_wconf 81' lang='lat' dir='ltr'><strong>impeditis</strong></span> <span class='ocrx_word' id='word_1_11' title='bbox 1435 503 1678 558; x_wconf 80' lang='lat' dir='ltr'><strong>consiliis</strong></span> <span class='ocrx_word' id='word_1_12' title='bbox 1707 517 1794 560; x_wconf 85' lang='lat' dir='ltr'><strong>se—</strong></span> <span class='ocrx_word' id='word_1_13' title='bbox 1819 507 1875 567; x_wconf 86' lang='grc' dir='ltr'><strong>Α</strong></span> <span class='ocrx_word' id='word_1_14' title='bbox 1897 504 1976 561; x_wconf 90' lang='lat' dir='ltr'><strong>dit</strong></span> <span class='ocrx_word' id='word_1_15' title='bbox 2000 507 2204 563; x_wconf 90' lang='lat' dir='ltr'><strong>scelera</strong></span> <span class='ocrx_word' id='word_1_16' title='bbox 2233 523 2354 580; x_wconf 80' lang='lat' dir='ltr'><strong>quae</strong></span> <span class='ocrx_word' id='word_1_17' title='bbox 2397 507 2542 578; x_wconf 90' lang='lat' dir='ltr'><strong>fecit,</strong></span> <span class='ocrx_word' id='word_1_18' title='bbox 2575 508 2875 568; x_wconf 88' lang='lat' dir='ltr'><strong>detrahitur</strong></span> <span class='ocrx_word' id='word_1_19' title='bbox 2924 513 2976 569; x_wconf 91' lang='lat' dir='ltr'><strong>ei</strong></span> <span class='ocrx_word' id='word_1_20' title='bbox 3004 472 3192 584; x_wconf 86' lang='lat' dir='ltr'><strong>vestis,</strong></span> <span class='ocrx_word' id='word_1_21' title='bbox 3221 521 3285 585; x_wconf 35' lang='lat' dir='ltr'><strong>et.</strong></span> <span class='ocrx_word' id='word_1_22' title='bbox 3305 518 3487 576; x_wconf 88' lang='lat' dir='ltr'><strong>incre-</strong></span> 
     </span>
    </p>
   </div>
   <div class='ocr_carea' id='block_1_5' title="bbox 174 587 1775 665">
    <p class='ocr_par' dir='ltr' id='par_1_5' title="bbox 174 587 1775 665">
     <span class='ocr_line' id='line_1_5' title="bbox 174 587 1775 665; baseline 0.006 -21"><span class='ocrx_word' id='word_1_23' title='bbox 174 603 278 644; x_wconf 90' lang='lat' dir='ltr'><strong>nex</strong></span> <span class='ocrx_word' id='word_1_24' title='bbox 299 587 666 644; x_wconf 77' lang='lat' dir='ltr'><strong>Maximianus</strong></span> <span class='ocrx_word' id='word_1_25' title='bbox 694 590 905 646; x_wconf 87' lang='lat' dir='ltr'><strong>tertiam</strong></span> <span class='ocrx_word' id='word_1_26' title='bbox 952 607 1167 664; x_wconf 89' lang='lat' dir='ltr'><strong>quoque</strong></span> <span class='ocrx_word' id='word_1_27' title='bbox 1195 591 1373 665; x_wconf 91' lang='lat' dir='ltr'><strong>fugam</strong></span> <span class='ocrx_word' id='word_1_28' title='bbox 1406 596 1731 652; x_wconf 75' lang='lat' dir='ltr'><strong>moliebatur</strong></span> <span class='ocrx_word' id='word_1_29' title='bbox 1761 616 1775 654; x_wconf 91' lang='lat'><strong>:</strong></span> 
     </span>
    </p>
   </div>
   <div class='ocr_carea' id='block_1_6' title="bbox 173 679 1784 758">
    <p class='ocr_par' dir='ltr' id='par_1_6' title="bbox 173 679 1784 758">
     <span class='ocr_line' id='line_1_6' title="bbox 173 679 1784 758; baseline 0.006 -21"><span class='ocrx_word' id='word_1_30' title='bbox 173 680 312 738; x_wconf 84' lang='lat' dir='ltr'><strong>redit</strong></span> <span class='ocrx_word' id='word_1_31' title='bbox 340 681 397 735; x_wconf 91' lang='lat' dir='ltr'><strong>in</strong></span> <span class='ocrx_word' id='word_1_32' title='bbox 427 679 664 737; x_wconf 87' lang='lat' dir='ltr'><strong>Galliam</strong></span> <span class='ocrx_word' id='word_1_33' title='bbox 696 683 888 754; x_wconf 90' lang='lat' dir='ltr'><strong>plenus</strong></span> <span class='ocrx_word' id='word_1_34' title='bbox 917 686 1072 740; x_wconf 65' lang='lat' dir='ltr'><strong>malae</strong></span> <span class='ocrx_word' id='word_1_35' title='bbox 1098 685 1439 758; x_wconf 81' lang='lat' dir='ltr'><strong>cogitationis</strong></span> <span class='ocrx_word' id='word_1_36' title='bbox 1497 704 1561 745; x_wconf 89' lang='lat' dir='ltr'><strong>ac</strong></span> <span class='ocrx_word' id='word_1_37' title='bbox 1609 690 1784 747; x_wconf 89' lang='lat' dir='ltr'><strong>scele-</strong></span> 
     </span>
    </p>
   </div>
   <div class='ocr_carea' id='block_1_7' title="bbox 174 771 1780 851">
    <p class='ocr_par' dir='ltr' id='par_1_7' title="bbox 174 771 1780 851">
     <span class='ocr_line' id='line_1_7' title="bbox 174 771 1780 851; baseline 0.005 -21"><span class='ocrx_word' id='word_1_38' title='bbox 174 774 270 842; x_wconf 92' lang='lat' dir='ltr'><strong>ris,</strong></span> <span class='ocrx_word' id='word_1_39' title='bbox 304 781 362 827; x_wconf 91' lang='lat' dir='ltr'><strong>ut</strong></span> <span class='ocrx_word' id='word_1_40' title='bbox 410 771 831 831; x_wconf 85' lang='lat' dir='ltr'><strong>Constantinum</strong></span> <span class='ocrx_word' id='word_1_41' title='bbox 871 778 1258 849; x_wconf 85' lang='lat' dir='ltr'><strong>imperatorem</strong></span> <span class='ocrx_word' id='word_1_42' title='bbox 1310 794 1570 851; x_wconf 81' lang='lat' dir='ltr'><strong>generum</strong></span> <span class='ocrx_word' id='word_1_43' title='bbox 1599 796 1780 851; x_wconf 90' lang='lat' dir='ltr'><strong>suum,</strong></span> 
     </span>
    </p>
   </div>
   <div class='ocr_carea' id='block_1_8' title="bbox 174 862 1784 944">
    <p class='ocr_par' dir='ltr' id='par_1_8' title="bbox 174 862 1784 944">
     <span class='ocr_line' id='line_1_8' title="bbox 174 862 1784 944; baseline 0.004 -23"><span class='ocrx_word' id='word_1_44' title='bbox 174 863 366 936; x_wconf 78' lang='lat' dir='ltr'><strong>generi</strong></span> <span class='ocrx_word' id='word_1_45' title='bbox 398 862 597 933; x_wconf 81' lang='lat' dir='ltr'><strong>lilium,</strong></span> <span class='ocrx_word' id='word_1_46' title='bbox 629 865 758 921; x_wconf 91' lang='lat' dir='ltr'><strong>dolo</strong></span> <span class='ocrx_word' id='word_1_47' title='bbox 783 867 926 923; x_wconf 90' lang='lat' dir='ltr'><strong>malo</strong></span> <span class='ocrx_word' id='word_1_48' title='bbox 951 869 1401 939; x_wconf 81' lang='lat' dir='ltr'><strong>circumveniret;</strong></span> <span class='ocrx_word' id='word_1_49' title='bbox 1429 881 1485 928; x_wconf 91' lang='lat' dir='ltr'><strong>et</strong></span> <span class='ocrx_word' id='word_1_50' title='bbox 1513 881 1571 928; x_wconf 92' lang='lat' dir='ltr'><strong>ut</strong></span> <span class='ocrx_word' id='word_1_51' title='bbox 1601 880 1784 944; x_wconf 84' lang='lat' dir='ltr'><strong>posset</strong></span> 
     </span>
    </p>
   </div>
   <div class='ocr_carea' id='block_1_9' title="bbox 179 957 1782 1045">
    <p class='ocr_par' dir='ltr' id='par_1_9' title="bbox 179 957 1782 1045">
     <span class='ocr_line' id='line_1_9' title="bbox 179 957 1782 1045; baseline 0.004 -31"><span class='ocrx_word' id='word_1_52' title='bbox 179 957 395 1027; x_wconf 87' lang='lat' dir='ltr'><strong>fallere,</strong></span> <span class='ocrx_word' id='word_1_53' title='bbox 424 961 651 1030; x_wconf 89' lang='lat' dir='ltr'><strong>deponit</strong></span> <span class='ocrx_word' id='word_1_54' title='bbox 681 962 883 1032; x_wconf 83' lang='lat' dir='ltr'><strong>regiam</strong></span> <span class='ocrx_word' id='word_1_55' title='bbox 911 971 1135 1018; x_wconf 80' lang='lat' dir='ltr'><strong>vestem.</strong></span> <span class='ocrx_word' id='word_1_56' title='bbox 1169 962 1497 1020; x_wconf 86' lang='lat' dir='ltr'><strong>Francorum</strong></span> <span class='ocrx_word' id='word_1_57' title='bbox 1544 979 1679 1036; x_wconf 89' lang='lat' dir='ltr'><strong>gens</strong></span> <span class='ocrx_word' id='word_1_58' title='bbox 1726 966 1782 1045; x_wconf 76' lang='lat' dir='ltr'><strong>in</strong></span> 
     </span>
    </p>
   </div>
   <div class='ocr_carea' id='block_1_10' title="bbox 176 1054 1782 1128">
    <p class='ocr_par' dir='ltr' id='par_1_10' title="bbox 176 1054 1782 1128">
     <span class='ocr_line' id='line_1_10' title="bbox 176 1054 1782 1128; baseline 0.003 -18"><span class='ocrx_word' id='word_1_59' title='bbox 176 1056 345 1111; x_wconf 90' lang='lat' dir='ltr'><strong>armis</strong></span> <span class='ocrx_word' id='word_1_60' title='bbox 373 1063 515 1111; x_wconf 86' lang='lat' dir='ltr'><strong>erat.</strong></span> <span class='ocrx_word' id='word_1_61' title='bbox 543 1054 840 1111; x_wconf 89' lang='lat' dir='ltr'><strong>Persuadet</strong></span> <span class='ocrx_word' id='word_1_62' title='bbox 865 1055 996 1111; x_wconf 87' lang='lat' dir='ltr'><strong>nihil</strong></span> <span class='ocrx_word' id='word_1_63' title='bbox 1021 1055 1339 1128; x_wconf 86' lang='lat' dir='ltr'><strong>suspicanti,</strong></span> <span class='ocrx_word' id='word_1_64' title='bbox 1362 1072 1432 1114; x_wconf 88' lang='lat' dir='ltr'><strong>ne</strong></span> <span class='ocrx_word' id='word_1_65' title='bbox 1456 1072 1672 1114; x_wconf 89' lang='lat' dir='ltr'><strong>omnem</strong></span> <span class='ocrx_word' id='word_1_66' title='bbox 1694 1072 1782 1115; x_wconf 55' lang='lat' dir='ltr'><strong>se.</strong></span> 
     </span>
    </p>
   </div>
   <div class='ocr_carea' id='block_1_11' title="bbox 173 1146 1780 1221">
    <p class='ocr_par' dir='ltr' id='par_1_11' title="bbox 173 1146 1780 1221">
     <span class='ocr_line' id='line_1_11' title="bbox 173 1146 1780 1221; baseline 0.003 -19"><span class='ocrx_word' id='word_1_67' title='bbox 173 1162 293 1203; x_wconf 90' lang='lat' dir='ltr'><strong>cum</strong></span> <span class='ocrx_word' id='word_1_68' title='bbox 320 1147 625 1203; x_wconf 84' lang='lat' dir='ltr'><strong>exercitum</strong></span> <span class='ocrx_word' id='word_1_69' title='bbox 652 1146 898 1216; x_wconf 89' lang='lat' dir='ltr'><strong>duceret,</strong></span> <span class='ocrx_word' id='word_1_70' title='bbox 924 1149 1109 1219; x_wconf 87' lang='lat' dir='ltr'><strong>paucis</strong></span> <span class='ocrx_word' id='word_1_71' title='bbox 1161 1148 1423 1206; x_wconf 89' lang='lat' dir='ltr'><strong>militibus</strong></span> <span class='ocrx_word' id='word_1_72' title='bbox 1448 1164 1608 1221; x_wconf 87' lang='lat' dir='ltr'><strong>posse</strong></span> <span class='ocrx_word' id='word_1_73' title='bbox 1649 1151 1780 1207; x_wconf 88' lang='lat' dir='ltr'><strong>bar-</strong></span> 
     </span>
    </p>
   </div>
   <div class='ocr_carea' id='block_1_12' title="bbox 172 1238 1781 1312">
    <p class='ocr_par' dir='ltr' id='par_1_12' title="bbox 172 1238 1781 1312">
     <span class='ocr_line' id='line_1_12' title="bbox 172 1238 1781 1312; baseline 0.004 -18"><span class='ocrx_word' id='word_1_74' title='bbox 172 1238 339 1296; x_wconf 89' lang='lat' dir='ltr'><strong>baros</strong></span> <span class='ocrx_word' id='word_1_75' title='bbox 359 1238 659 1307; x_wconf 84' lang='lat' dir='ltr'><strong>debellari;</strong></span> <span class='ocrx_word' id='word_1_76' title='bbox 690 1248 751 1295; x_wconf 91' lang='lat' dir='ltr'><strong>ut</strong></span> <span class='ocrx_word' id='word_1_77' title='bbox 790 1248 844 1296; x_wconf 92' lang='lat' dir='ltr'><strong>et</strong></span> <span class='ocrx_word' id='word_1_78' title='bbox 872 1238 988 1310; x_wconf 90' lang='lat' dir='ltr'><strong>ipse</strong></span> <span class='ocrx_word' id='word_1_79' title='bbox 1018 1239 1242 1297; x_wconf 80' lang='lat' dir='ltr'><strong>haberet</strong></span> <span class='ocrx_word' id='word_1_80' title='bbox 1267 1240 1559 1297; x_wconf 86' lang='lat' dir='ltr'><strong>exercitum</strong></span> <span class='ocrx_word' id='word_1_81' title='bbox 1577 1282 1592 1309; x_wconf 92' lang='lat'><strong>,</strong></span> <span class='ocrx_word' id='word_1_82' title='bbox 1617 1256 1781 1312; x_wconf 88' lang='lat' dir='ltr'><strong>quem</strong></span> 
     </span>
    </p>
   </div>
   <div class='ocr_carea' id='block_1_13' title="bbox 171 1330 1779 1403">
    <p class='ocr_par' dir='ltr' id='par_1_13' title="bbox 171 1330 1779 1403">
     <span class='ocr_line' id='line_1_13' title="bbox 171 1330 1779 1403; baseline 0.001 -17"><span class='ocrx_word' id='word_1_83' title='bbox 171 1339 493 1402; x_wconf 75' lang='lat' dir='ltr'><strong>occuparet,</strong></span> <span class='ocrx_word' id='word_1_84' title='bbox 512 1340 568 1387; x_wconf 91' lang='lat' dir='ltr'><strong>et</strong></span> <span class='ocrx_word' id='word_1_85' title='bbox 589 1331 684 1387; x_wconf 90' lang='lat' dir='ltr'><strong>ille</strong></span> <span class='ocrx_word' id='word_1_86' title='bbox 701 1330 933 1403; x_wconf 90' lang='lat' dir='ltr'><strong>opprimi</strong></span> <span class='ocrx_word' id='word_1_87' title='bbox 959 1341 1143 1402; x_wconf 87' lang='lat' dir='ltr'><strong>posset</strong></span> <span class='ocrx_word' id='word_1_88' title='bbox 1168 1331 1239 1388; x_wconf 90' lang='lat' dir='ltr'><strong>ob</strong></span> <span class='ocrx_word' id='word_1_89' title='bbox 1266 1331 1495 1387; x_wconf 87' lang='lat' dir='ltr'><strong>militum</strong></span> <span class='ocrx_word' id='word_1_90' title='bbox 1536 1332 1779 1403; x_wconf 87' lang='lat' dir='ltr'><strong>paucita-</strong></span> 
     </span>
    </p>
   </div>
   <div class='ocr_carea' id='block_1_14' title="bbox 172 1421 1782 1494">
    <p class='ocr_par' dir='ltr' id='par_1_14' title="bbox 172 1421 1782 1494">
     <span class='ocr_line' id='line_1_14' title="bbox 172 1421 1782 1494; baseline 0.001 -16"><span class='ocrx_word' id='word_1_91' title='bbox 172 1429 310 1478; x_wconf 88' lang='lat' dir='ltr'><strong>tem.</strong></span> <span class='ocrx_word' id='word_1_92' title='bbox 336 1422 528 1478; x_wconf 89' lang='lat' dir='ltr'><strong>Credit</strong></span> <span class='ocrx_word' id='word_1_93' title='bbox 546 1421 890 1490; x_wconf 87' lang='lat' dir='ltr'><strong>adolescens,</strong></span> <span class='ocrx_word' id='word_1_94' title='bbox 922 1430 981 1477; x_wconf 91' lang='lat' dir='ltr'><strong>ut</strong></span> <span class='ocrx_word' id='word_1_95' title='bbox 1009 1422 1204 1493; x_wconf 89' lang='lat' dir='ltr'><strong>perito,</strong></span> <span class='ocrx_word' id='word_1_96' title='bbox 1232 1436 1296 1478; x_wconf 91' lang='lat' dir='ltr'><strong>ac</strong></span> <span class='ocrx_word' id='word_1_97' title='bbox 1334 1423 1490 1490; x_wconf 90' lang='lat' dir='ltr'><strong>seni;</strong></span> <span class='ocrx_word' id='word_1_98' title='bbox 1521 1432 1693 1494; x_wconf 89' lang='lat' dir='ltr'><strong>paret,</strong></span> <span class='ocrx_word' id='word_1_99' title='bbox 1722 1431 1782 1481; x_wconf 92' lang='lat' dir='ltr'><strong>ut</strong></span> 
     </span>
    </p>
   </div>
   <div class='ocr_carea' id='block_1_15' title="bbox 177 1512 1776 1586">
    <p class='ocr_par' dir='ltr' id='par_1_15' title="bbox 177 1512 1776 1586">
     <span class='ocr_line' id='line_1_15' title="bbox 177 1512 1776 1586; baseline 0.001 -15"><span class='ocrx_word' id='word_1_100' title='bbox 177 1512 816 1586; x_wconf 77' lang='lat' dir='ltr'><strong>socerozproticiscitur,</strong></span> <span class='ocrx_word' id='word_1_101' title='bbox 864 1513 1056 1570; x_wconf 88' lang='lat' dir='ltr'><strong>relicta</strong></span> <span class='ocrx_word' id='word_1_102' title='bbox 1091 1514 1319 1571; x_wconf 89' lang='lat' dir='ltr'><strong>militum</strong></span> <span class='ocrx_word' id='word_1_103' title='bbox 1349 1525 1501 1586; x_wconf 90' lang='lat' dir='ltr'><strong>parte</strong></span> <span class='ocrx_word' id='word_1_104' title='bbox 1550 1515 1776 1585; x_wconf 86' lang='lat' dir='ltr'><strong>majore.</strong></span> 
     </span>
    </p>
   </div>
   <div class='ocr_carea' id='block_1_16' title="bbox 168 1606 1780 1679">
    <p class='ocr_par' dir='ltr' id='par_1_16' title="bbox 168 1606 1780 1679">
     <span class='ocr_line' id='line_1_16' title="bbox 168 1606 1780 1679; baseline 0.001 -16"><span class='ocrx_word' id='word_1_105' title='bbox 168 1606 287 1676; x_wconf 89' lang='lat' dir='ltr'><strong>Ille,</strong></span> <span class='ocrx_word' id='word_1_106' title='bbox 322 1608 514 1679; x_wconf 83' lang='lat' dir='ltr'><strong>paucis</strong></span> <span class='ocrx_word' id='word_1_107' title='bbox 557 1607 750 1665; x_wconf 85' lang='lat' dir='ltr'><strong>diebus</strong></span> <span class='ocrx_word' id='word_1_108' title='bbox 803 1607 1123 1679; x_wconf 84' lang='lat' dir='ltr'><strong>expectatis,</strong></span> <span class='ocrx_word' id='word_1_109' title='bbox 1164 1622 1286 1664; x_wconf 92' lang='lat' dir='ltr'><strong>cum</strong></span> <span class='ocrx_word' id='word_1_110' title='bbox 1311 1608 1424 1679; x_wconf 87' lang='lat' dir='ltr'><strong>jam</strong></span> <span class='ocrx_word' id='word_1_111' title='bbox 1470 1607 1780 1665; x_wconf 92' lang='lat' dir='ltr'><strong>Constanti-</strong></span> 
     </span>
    </p>
   </div>
   <div class='ocr_carea' id='block_1_17' title="bbox 168 1700 1779 1773">
    <p class='ocr_par' dir='ltr' id='par_1_17' title="bbox 168 1700 1779 1773">
     <span class='ocr_line' id='line_1_17' title="bbox 168 1700 1779 1773; baseline 0.001 -16"><span class='ocrx_word' id='word_1_112' title='bbox 168 1715 302 1757; x_wconf 87' lang='lat' dir='ltr'><strong>num</strong></span> <span class='ocrx_word' id='word_1_113' title='bbox 334 1701 631 1757; x_wconf 71' lang='lat' dir='ltr'><strong>aestimaret</strong></span> <span class='ocrx_word' id='word_1_114' title='bbox 678 1700 914 1758; x_wconf 88' lang='lat' dir='ltr'><strong>intrasse</strong></span> <span class='ocrx_word' id='word_1_115' title='bbox 961 1701 1100 1758; x_wconf 87' lang='lat' dir='ltr'><strong>ﬁnes</strong></span> <span class='ocrx_word' id='word_1_116' title='bbox 1138 1701 1520 1768; x_wconf 89' lang='lat' dir='ltr'><strong>barbarorum,</strong></span> <span class='ocrx_word' id='word_1_117' title='bbox 1552 1710 1779 1773; x_wconf 89' lang='lat' dir='ltr'><strong>repente</strong></span> 
     </span>
    </p>
   </div>
   <div class='ocr_carea' id='block_1_18' title="bbox 167 1792 1767 1876">
    <p class='ocr_par' dir='ltr' id='par_1_18' title="bbox 167 1792 1767 1876">
     <span class='ocr_line' id='line_1_18' title="bbox 167 1792 1767 1876; baseline 0.001 -30"><span class='ocrx_word' id='word_1_118' title='bbox 167 1806 469 1863; x_wconf 89' lang='lat' dir='ltr'><strong>purpuram</strong></span> <span class='ocrx_word' id='word_1_119' title='bbox 502 1793 690 1858; x_wconf 88' lang='lat' dir='ltr'><strong>sumit,</strong></span> <span class='ocrx_word' id='word_1_120' title='bbox 727 1792 1011 1849; x_wconf 87' lang='lat' dir='ltr'><strong>thesauros</strong></span> <span class='ocrx_word' id='word_1_121' title='bbox 1037 1792 1261 1876; x_wconf 85' lang='lat' dir='ltr'><strong>invadit,</strong></span> <span class='ocrx_word' id='word_1_122' title='bbox 1307 1793 1492 1862; x_wconf 91' lang='lat' dir='ltr'><strong>donat,</strong></span> <span class='ocrx_word' id='word_1_123' title='bbox 1523 1802 1583 1849; x_wconf 90' lang='lat' dir='ltr'><strong>ut</strong></span> <span class='ocrx_word' id='word_1_124' title='bbox 1607 1795 1767 1860; x_wconf 91' lang='lat' dir='ltr'><strong>solet,</strong></span> 
     </span>
    </p>
   </div>
   <div class='ocr_carea' id='block_1_19' title="bbox 1885 599 2417 670">
    <p class='ocr_par' dir='ltr' id='par_1_19' title="bbox 1885 599 2417 670">
     <span class='ocr_line' id='line_1_19' title="bbox 1885 599 2417 670; baseline 0.006 -16"><span class='ocrx_word' id='word_1_125' title='bbox 1885 600 1998 670; x_wconf 91' lang='lat' dir='ltr'><strong>pito</strong></span> <span class='ocrx_word' id='word_1_126' title='bbox 2029 600 2139 655; x_wconf 88' lang='lat' dir='ltr'><strong>vita</strong></span> <span class='ocrx_word' id='word_1_127' title='bbox 2167 599 2417 658; x_wconf 88' lang='lat' dir='ltr'><strong>donatur.</strong></span> 
     </span>
    </p>
   </div>
   <div class='ocr_carea' id='block_1_20' title="bbox 2599 695 2813 767">
    <p class='ocr_par' dir='ltr' id='par_1_20' title="bbox 2599 695 2813 767">
     <span class='ocr_line' id='line_1_20' title="bbox 2599 695 2813 767; baseline 0.009 -16"><span class='ocrx_word' id='word_1_128' title='bbox 2599 695 2771 753; x_wconf 84' lang='lat' dir='ltr'><strong>xxx.</strong></span> <span class='ocrx_word' id='word_1_129' title='bbox 2800 699 2813 767; x_wconf 74' lang='grc' dir='ltr'>ξ</span> 
     </span>
    </p>
   </div>
   <div class='ocr_carea' id='block_1_21' title="bbox 1954 785 3485 861">
    <p class='ocr_par' dir='ltr' id='par_1_21' title="bbox 1954 785 3485 861">
     <span class='ocr_line' id='line_1_21' title="bbox 1954 785 3485 861; baseline 0.006 -20"><span class='ocrx_word' id='word_1_130' title='bbox 1954 785 2043 842; x_wconf 89' lang='lat' dir='ltr'><strong>Sic</strong></span> <span class='ocrx_word' id='word_1_131' title='bbox 2070 788 2271 843; x_wconf 87' lang='lat' dir='ltr'><strong>amisso</strong></span> <span class='ocrx_word' id='word_1_132' title='bbox 2297 786 2636 858; x_wconf 87' lang='lat' dir='ltr'><strong>imperatoris</strong></span> <span class='ocrx_word' id='word_1_133' title='bbox 2661 804 2725 846; x_wconf 91' lang='lat' dir='ltr'><strong>ac</strong></span> <span class='ocrx_word' id='word_1_134' title='bbox 2758 793 2931 847; x_wconf 89' lang='lat' dir='ltr'><strong>soceri</strong></span> <span class='ocrx_word' id='word_1_135' title='bbox 2958 792 3183 861; x_wconf 88' lang='lat' dir='ltr'><strong>honore,</strong></span> <span class='ocrx_word' id='word_1_136' title='bbox 3213 790 3485 851; x_wconf 89' lang='lat' dir='ltr'><strong>humilita-</strong></span> 
     </span>
    </p>
   </div>
   <div class='ocr_carea' id='block_1_22' title="bbox 1884 878 3479 951">
    <p class='ocr_par' dir='ltr' id='par_1_22' title="bbox 1884 878 3479 951">
     <span class='ocr_line' id='line_1_22' title="bbox 1884 878 3479 951; baseline 0.004 -16"><span class='ocrx_word' id='word_1_137' title='bbox 1884 878 1953 936; x_wconf 88' lang='lat' dir='ltr'><strong>tis</strong></span> <span class='ocrx_word' id='word_1_138' title='bbox 1983 879 2263 951; x_wconf 88' lang='lat' dir='ltr'><strong>impatiens</strong></span> <span class='ocrx_word' id='word_1_139' title='bbox 2286 922 2302 947; x_wconf 94' lang='lat'><strong>,</strong></span> <span class='ocrx_word' id='word_1_140' title='bbox 2347 880 2480 936; x_wconf 88' lang='lat' dir='ltr'><strong>alias</strong></span> <span class='ocrx_word' id='word_1_141' title='bbox 2529 896 2715 939; x_wconf 89' lang='lat' dir='ltr'><strong>rursus</strong></span> <span class='ocrx_word' id='word_1_142' title='bbox 2758 883 2979 940; x_wconf 92' lang='lat' dir='ltr'><strong>insidias</strong></span> <span class='ocrx_word' id='word_1_143' title='bbox 3014 885 3351 942; x_wconf 88' lang='lat' dir='ltr'><strong>machinatus</strong></span> <span class='ocrx_word' id='word_1_144' title='bbox 3374 896 3479 944; x_wconf 90' lang='lat' dir='ltr'><strong>est.</strong></span> 
     </span>
    </p>
   </div>
   <div class='ocr_carea' id='block_1_23' title="bbox 1883 971 3473 1047">
    <p class='ocr_par' dir='ltr' id='par_1_23' title="bbox 1883 971 3473 1047">
     <span class='ocr_line' id='line_1_23' title="bbox 1883 971 3473 1047; baseline 0.003 -18"><span class='ocrx_word' id='word_1_145' title='bbox 1883 971 2019 1042; x_wconf 86' lang='lat' dir='ltr'><strong>Quia</strong></span> <span class='ocrx_word' id='word_1_146' title='bbox 2060 972 2229 1031; x_wconf 90' lang='lat' dir='ltr'><strong>semel</strong></span> <span class='ocrx_word' id='word_1_147' title='bbox 2278 973 2465 1030; x_wconf 88' lang='lat' dir='ltr'><strong>habuit</strong></span> <span class='ocrx_word' id='word_1_148' title='bbox 2508 976 2763 1047; x_wconf 89' lang='lat' dir='ltr'><strong>impune,</strong></span> <span class='ocrx_word' id='word_1_149' title='bbox 2806 985 2964 1033; x_wconf 87' lang='lat' dir='ltr'><strong>vocat</strong></span> <span class='ocrx_word' id='word_1_150' title='bbox 2990 975 3158 1033; x_wconf 81' lang='lat' dir='ltr'><strong>filiam</strong></span> <span class='ocrx_word' id='word_1_151' title='bbox 3188 978 3473 1044; x_wconf 87' lang='lat' dir='ltr'><strong>Faustam,</strong></span> 
     </span>
    </p>
   </div>
   <div class='ocr_carea' id='block_1_24' title="bbox 1882 1064 3483 1136">
    <p class='ocr_par' dir='ltr' id='par_1_24' title="bbox 1882 1064 3483 1136">
     <span class='ocr_line' id='line_1_24' title="bbox 1882 1064 3483 1136; baseline 0.002 -15"><span class='ocrx_word' id='word_1_152' title='bbox 1882 1078 2112 1136; x_wconf 86' lang='lat' dir='ltr'><strong>eamque</strong></span> <span class='ocrx_word' id='word_1_153' title='bbox 2150 1078 2294 1121; x_wconf 91' lang='lat' dir='ltr'><strong>nunc</strong></span> <span class='ocrx_word' id='word_1_154' title='bbox 2321 1064 2571 1136; x_wconf 86' lang='lat' dir='ltr'><strong>precibus</strong></span> <span class='ocrx_word' id='word_1_155' title='bbox 2589 1108 2606 1136; x_wconf 95' lang='lat'><strong>,</strong></span> <span class='ocrx_word' id='word_1_156' title='bbox 2646 1080 2790 1123; x_wconf 92' lang='lat' dir='ltr'><strong>nunc</strong></span> <span class='ocrx_word' id='word_1_157' title='bbox 2816 1066 3196 1125; x_wconf 89' lang='lat' dir='ltr'><strong>blandimentis</strong></span> <span class='ocrx_word' id='word_1_158' title='bbox 3216 1069 3483 1126; x_wconf 86' lang='lat' dir='ltr'><strong>sollicitat</strong></span> 
     </span>
    </p>
   </div>
   <div class='ocr_carea' id='block_1_25' title="bbox 1882 1157 3487 1237">
    <p class='ocr_par' dir='ltr' id='par_1_25' title="bbox 1882 1157 3487 1237">
     <span class='ocr_line' id='line_1_25' title="bbox 1882 1157 3487 1237; baseline 0.004 -24"><span class='ocrx_word' id='word_1_159' title='bbox 1882 1157 1954 1213; x_wconf 90' lang='lat' dir='ltr'><strong>ad</strong></span> <span class='ocrx_word' id='word_1_160' title='bbox 1984 1157 2343 1229; x_wconf 88' lang='lat' dir='ltr'><strong>proditionem</strong></span> <span class='ocrx_word' id='word_1_161' title='bbox 2365 1160 2565 1227; x_wconf 89' lang='lat' dir='ltr'><strong>mariti,</strong></span> <span class='ocrx_word' id='word_1_162' title='bbox 2593 1159 2757 1218; x_wconf 86' lang='lat' dir='ltr'><strong>alium</strong></span> <span class='ocrx_word' id='word_1_163' title='bbox 2787 1161 3086 1234; x_wconf 79' lang='lat' dir='ltr'><strong>digniorem</strong></span> <span class='ocrx_word' id='word_1_164' title='bbox 3118 1164 3295 1219; x_wconf 84' lang='lat' dir='ltr'><strong>virum</strong></span> <span class='ocrx_word' id='word_1_165' title='bbox 3320 1164 3487 1237; x_wconf 80' lang='lat' dir='ltr'><strong>polli-</strong></span> 
     </span>
    </p>
   </div>
   <div class='ocr_carea' id='block_1_26' title="bbox 1886 1249 3490 1326">
    <p class='ocr_par' dir='ltr' id='par_1_26' title="bbox 1886 1249 3490 1326">
     <span class='ocr_line' id='line_1_26' title="bbox 1886 1249 3490 1326; baseline 0.005 -21"><span class='ocrx_word' id='word_1_166' title='bbox 1886 1256 2062 1316; x_wconf 91' lang='lat' dir='ltr'><strong>cetur,</strong></span> <span class='ocrx_word' id='word_1_167' title='bbox 2092 1249 2226 1316; x_wconf 88' lang='lat' dir='ltr'><strong>petit</strong></span> <span class='ocrx_word' id='word_1_168' title='bbox 2244 1249 2546 1307; x_wconf 92' lang='lat' dir='ltr'><strong>cubiculum</strong></span> <span class='ocrx_word' id='word_1_169' title='bbox 2570 1261 2761 1323; x_wconf 90' lang='lat' dir='ltr'><strong>patens</strong></span> <span class='ocrx_word' id='word_1_170' title='bbox 2782 1254 3035 1325; x_wconf 89' lang='lat' dir='ltr'><strong>relinqui,</strong></span> <span class='ocrx_word' id='word_1_171' title='bbox 3052 1263 3109 1311; x_wconf 92' lang='lat' dir='ltr'><strong>et</strong></span> <span class='ocrx_word' id='word_1_172' title='bbox 3128 1255 3490 1326; x_wconf 88' lang='lat' dir='ltr'><strong>negligentius</strong></span> 
     </span>
    </p>
   </div>
   <div class='ocr_carea' id='block_1_27' title="bbox 1880 1341 3491 1417">
    <p class='ocr_par' dir='ltr' id='par_1_27' title="bbox 1880 1341 3491 1417">
     <span class='ocr_line' id='line_1_27' title="bbox 1880 1341 3491 1417; baseline 0.003 -18"><span class='ocrx_word' id='word_1_173' title='bbox 1880 1341 2141 1399; x_wconf 87' lang='lat' dir='ltr'><strong>custodiri</strong></span> <span class='ocrx_word' id='word_1_174' title='bbox 2158 1342 2318 1403; x_wconf 83' lang='lat' dir='ltr'><strong>sinat.</strong></span> <span class='ocrx_word' id='word_1_175' title='bbox 2348 1343 2640 1400; x_wconf 87' lang='lat' dir='ltr'><strong>Pollicetur</strong></span> <span class='ocrx_word' id='word_1_176' title='bbox 2667 1344 2754 1400; x_wconf 88' lang='lat' dir='ltr'><strong>illa</strong></span> <span class='ocrx_word' id='word_1_177' title='bbox 2776 1344 3056 1415; x_wconf 84' lang='lat' dir='ltr'><strong>facturam,</strong></span> <span class='ocrx_word' id='word_1_178' title='bbox 3074 1347 3144 1402; x_wconf 84' lang='lat' dir='ltr'><strong>‘et</strong></span> <span class='ocrx_word' id='word_1_179' title='bbox 3171 1347 3336 1403; x_wconf 82' lang='lat' dir='ltr'><strong>refert</strong></span> <span class='ocrx_word' id='word_1_180' title='bbox 3362 1363 3491 1417; x_wconf 90' lang='lat' dir='ltr'><strong>pro-</strong></span> 
     </span>
    </p>
   </div>
   <div class='ocr_carea' id='block_1_28' title="bbox 1882 1435 3482 1511">
    <p class='ocr_par' dir='ltr' id='par_1_28' title="bbox 1882 1435 3482 1511">
     <span class='ocr_line' id='line_1_28' title="bbox 1882 1435 3482 1511; baseline 0.004 -21"><span class='ocrx_word' id='word_1_181' title='bbox 1882 1435 2026 1492; x_wconf 90' lang='lat' dir='ltr'><strong>tinus</strong></span> <span class='ocrx_word' id='word_1_182' title='bbox 2054 1436 2124 1493; x_wconf 89' lang='lat' dir='ltr'><strong>ad</strong></span> <span class='ocrx_word' id='word_1_183' title='bbox 2152 1436 2424 1492; x_wconf 87' lang='lat' dir='ltr'><strong>maritum.</strong></span> <span class='ocrx_word' id='word_1_184' title='bbox 2455 1435 2810 1510; x_wconf 91' lang='lat' dir='ltr'><strong>Componitur</strong></span> <span class='ocrx_word' id='word_1_185' title='bbox 2838 1452 3026 1508; x_wconf 81' lang='lat' dir='ltr'><strong>scena,</strong></span> <span class='ocrx_word' id='word_1_186' title='bbox 3060 1454 3166 1511; x_wconf 92' lang='lat' dir='ltr'><strong>qua</strong></span> <span class='ocrx_word' id='word_1_187' title='bbox 3194 1441 3482 1497; x_wconf 90' lang='lat' dir='ltr'><strong>manifesto</strong></span> 
     </span>
    </p>
   </div>
   <div class='ocr_carea' id='block_1_29' title="bbox 1882 1526 3473 1601">
    <p class='ocr_par' dir='ltr' id='par_1_29' title="bbox 1882 1526 3473 1601">
     <span class='ocr_line' id='line_1_29' title="bbox 1882 1526 3473 1601; baseline 0.003 -19"><span class='ocrx_word' id='word_1_188' title='bbox 1882 1526 2092 1584; x_wconf 86' lang='lat' dir='ltr'><strong>facinus</strong></span> <span class='ocrx_word' id='word_1_189' title='bbox 2117 1535 2409 1585; x_wconf 88' lang='lat' dir='ltr'><strong>teneretur.</strong></span> <span class='ocrx_word' id='word_1_190' title='bbox 2441 1527 2774 1600; x_wconf 90' lang='lat' dir='ltr'><strong>Supponitur</strong></span> <span class='ocrx_word' id='word_1_191' title='bbox 2793 1529 3011 1601; x_wconf 88' lang='lat' dir='ltr'><strong>quidam</strong></span> <span class='ocrx_word' id='word_1_192' title='bbox 3030 1530 3150 1586; x_wconf 83' lang='lat' dir='ltr'><strong>vilis</strong></span> <span class='ocrx_word' id='word_1_193' title='bbox 3170 1531 3473 1597; x_wconf 87' lang='lat' dir='ltr'><strong>eunuchus,</strong></span> 
     </span>
    </p>
   </div>
   <div class='ocr_carea' id='block_1_30' title="bbox 1880 1620 3470 1695">
    <p class='ocr_par' dir='ltr' id='par_1_30' title="bbox 1880 1620 3470 1695">
     <span class='ocr_line' id='line_1_30' title="bbox 1880 1620 3470 1695; baseline 0.004 -20"><span class='ocrx_word' id='word_1_194' title='bbox 1880 1621 1969 1692; x_wconf 90' lang='lat' dir='ltr'><strong>qui</strong></span> <span class='ocrx_word' id='word_1_195' title='bbox 1998 1635 2093 1691; x_wconf 94' lang='lat' dir='ltr'><strong>pro</strong></span> <span class='ocrx_word' id='word_1_196' title='bbox 2109 1620 2439 1691; x_wconf 90' lang='lat' dir='ltr'><strong>Imperatore</strong></span> <span class='ocrx_word' id='word_1_197' title='bbox 2463 1622 2742 1677; x_wconf 86' lang='lat' dir='ltr'><strong>moriatur.</strong></span> <span class='ocrx_word' id='word_1_198' title='bbox 2763 1622 2946 1695; x_wconf 80' lang='lat' dir='ltr'><strong>Surgit</strong></span> <span class='ocrx_word' id='word_1_199' title='bbox 2972 1622 3065 1681; x_wconf 93' lang='lat' dir='ltr'><strong>ille</strong></span> <span class='ocrx_word' id='word_1_200' title='bbox 3090 1632 3251 1681; x_wconf 91' lang='lat' dir='ltr'><strong>nocte</strong></span> <span class='ocrx_word' id='word_1_201' title='bbox 3282 1625 3470 1681; x_wconf 88' lang='lat' dir='ltr'><strong>intem-</strong></span> 
     </span>
    </p>
   </div>
   <div class='ocr_carea' id='block_1_31' title="bbox 1879 1711 3472 1785">
    <p class='ocr_par' dir='ltr' id='par_1_31' title="bbox 1879 1711 3472 1785">
     <span class='ocr_line' id='line_1_31' title="bbox 1879 1711 3472 1785; baseline 0.003 -17"><span class='ocrx_word' id='word_1_202' title='bbox 1879 1722 2070 1783; x_wconf 83' lang='lat' dir='ltr'><strong>pesta:</strong></span> <span class='ocrx_word' id='word_1_203' title='bbox 2100 1711 2244 1769; x_wconf 83' lang='lat' dir='ltr'><strong>videt</strong></span> <span class='ocrx_word' id='word_1_204' title='bbox 2269 1713 2450 1769; x_wconf 85' lang='lat' dir='ltr'><strong>omnia</strong></span> <span class='ocrx_word' id='word_1_205' title='bbox 2476 1713 2683 1770; x_wconf 90' lang='lat' dir='ltr'><strong>insidiis</strong></span> <span class='ocrx_word' id='word_1_206' title='bbox 2708 1723 3030 1785; x_wconf 89' lang='lat' dir='ltr'><strong>opportuna.</strong></span> <span class='ocrx_word' id='word_1_207' title='bbox 3076 1715 3204 1772; x_wconf 81' lang='lat' dir='ltr'><strong>Rari</strong></span> <span class='ocrx_word' id='word_1_208' title='bbox 3246 1718 3472 1774; x_wconf 81' lang='lat' dir='ltr'><strong>excubi-</strong></span> 
     </span>
    </p>
   </div>
   <div class='ocr_carea' id='block_1_32' title="bbox 1878 1807 3488 1880">
    <p class='ocr_par' dir='ltr' id='par_1_32' title="bbox 1878 1807 3488 1880">
     <span class='ocr_line' id='line_1_32' title="bbox 1878 1807 3488 1880; baseline 0.004 -18"><span class='ocrx_word' id='word_1_209' title='bbox 1878 1814 2025 1863; x_wconf 84' lang='lat' dir='ltr'><strong>tores</strong></span> <span class='ocrx_word' id='word_1_210' title='bbox 2050 1816 2224 1874; x_wconf 88' lang='lat' dir='ltr'><strong>erant,</strong></span> <span class='ocrx_word' id='word_1_211' title='bbox 2251 1815 2308 1864; x_wconf 92' lang='lat' dir='ltr'><strong>et</strong></span> <span class='ocrx_word' id='word_1_212' title='bbox 2338 1807 2373 1862; x_wconf 91' lang='lat' dir='ltr'><strong>ii</strong></span> <span class='ocrx_word' id='word_1_213' title='bbox 2396 1808 2614 1879; x_wconf 89' lang='lat' dir='ltr'><strong>quidem</strong></span> <span class='ocrx_word' id='word_1_214' title='bbox 2644 1808 2890 1879; x_wconf 75' lang='lat' dir='ltr'><strong>longius;</strong></span> <span class='ocrx_word' id='word_1_215' title='bbox 2920 1809 3114 1880; x_wconf 91' lang='lat' dir='ltr'><strong>quibus</strong></span> <span class='ocrx_word' id='word_1_216' title='bbox 3143 1818 3323 1867; x_wconf 88' lang='lat' dir='ltr'><strong>tamen</strong></span> <span class='ocrx_word' id='word_1_217' title='bbox 3352 1811 3488 1869; x_wconf 86' lang='lat' dir='ltr'><strong>dicit</strong></span> 
     </span>
    </p>
   </div>
   <div class='ocr_carea' id='block_1_33' title="bbox 170 1882 1776 1971">
    <p class='ocr_par' dir='ltr' id='par_1_33' title="bbox 170 1882 1774 1957">
     <span class='ocr_line' id='line_1_33' title="bbox 170 1882 1774 1957; baseline 0.002 -18"><span class='ocrx_word' id='word_1_218' title='bbox 170 1884 357 1956; x_wconf 86' lang='lat' dir='ltr'><strong>large;</strong></span> <span class='ocrx_word' id='word_1_219' title='bbox 390 1884 545 1954; x_wconf 84' lang='lat' dir='ltr'><strong>ﬁngit</strong></span> <span class='ocrx_word' id='word_1_220' title='bbox 586 1882 657 1940; x_wconf 92' lang='lat' dir='ltr'><strong>de</strong></span> <span class='ocrx_word' id='word_1_221' title='bbox 702 1882 1080 1953; x_wconf 84' lang='lat' dir='ltr'><strong>Constantino,</strong></span> <span class='ocrx_word' id='word_1_222' title='bbox 1112 1900 1233 1955; x_wconf 64' lang='lat' dir='ltr'><strong>quae</strong></span> <span class='ocrx_word' id='word_1_223' title='bbox 1258 1885 1310 1941; x_wconf 92' lang='lat' dir='ltr'><strong>in</strong></span> <span class='ocrx_word' id='word_1_224' title='bbox 1335 1887 1508 1956; x_wconf 93' lang='lat' dir='ltr'><strong>ipsum</strong></span> <span class='ocrx_word' id='word_1_225' title='bbox 1530 1887 1774 1957; x_wconf 90' lang='lat' dir='ltr'><strong>protinus</strong></span> 
     </span>
    </p>
   </div>
   <div class='ocr_carea' id='block_1_34' title="bbox 1908 1882 3480 1971">
    <p class='ocr_par' dir='ltr' id='par_1_34' title="bbox 1908 1899 3480 1971">
     <span class='ocr_line' id='line_1_34' title="bbox 1908 1899 3480 1971; baseline 0.005 -17"><span class='ocrx_word' id='word_1_226' title='bbox 1908 1899 2078 1956; x_wconf 53' lang='lat' dir='ltr'><strong>*idisse</strong></span> <span class='ocrx_word' id='word_1_227' title='bbox 2119 1900 2389 1955; x_wconf 88' lang='lat' dir='ltr'><strong>somnium</strong></span> <span class='ocrx_word' id='word_1_228' title='bbox 2414 1942 2431 1968; x_wconf 90' lang='lat'><strong>,</strong></span> <span class='ocrx_word' id='word_1_229' title='bbox 2484 1901 2627 1971; x_wconf 89' lang='lat' dir='ltr'><strong>quod</strong></span> <span class='ocrx_word' id='word_1_230' title='bbox 2660 1900 2770 1957; x_wconf 88' lang='lat' dir='ltr'><strong>lilio</strong></span> <span class='ocrx_word' id='word_1_231' title='bbox 2799 1914 2898 1958; x_wconf 87' lang='lat' dir='ltr'><strong>suo</strong></span> <span class='ocrx_word' id='word_1_232' title='bbox 2924 1916 3146 1959; x_wconf 88' lang='lat' dir='ltr'><strong>narrare</strong></span> <span class='ocrx_word' id='word_1_233' title='bbox 3174 1904 3355 1961; x_wconf 88' lang='lat' dir='ltr'><strong>vellet.</strong></span> <span class='ocrx_word' id='word_1_234' title='bbox 3389 1905 3480 1961; x_wconf 84' lang='lat' dir='ltr'><strong>In—</strong></span> 
     </span>
    </p>
   </div>
   <div class='ocr_carea' id='block_1_35' title="bbox 170 1973 1779 2048">
    <p class='ocr_par' dir='ltr' id='par_1_35' title="bbox 170 1973 1779 2048">
     <span class='ocr_line' id='line_1_35' title="bbox 170 1973 1779 2048; baseline 0.001 -17"><span class='ocrx_word' id='word_1_235' title='bbox 170 1974 511 2031; x_wconf 86' lang='lat' dir='ltr'><strong>reciderunt.</strong></span> <span class='ocrx_word' id='word_1_236' title='bbox 545 1973 862 2046; x_wconf 90' lang='lat' dir='ltr'><strong>Imperatori</strong></span> <span class='ocrx_word' id='word_1_237' title='bbox 883 1990 1115 2047; x_wconf 87' lang='lat' dir='ltr'><strong>propere</strong></span> <span class='ocrx_word' id='word_1_238' title='bbox 1135 1992 1255 2047; x_wconf 83' lang='lat' dir='ltr'><strong>quae</strong></span> <span class='ocrx_word' id='word_1_239' title='bbox 1279 1987 1429 2048; x_wconf 90' lang='lat' dir='ltr'><strong>gesta</strong></span> <span class='ocrx_word' id='word_1_240' title='bbox 1464 1986 1610 2045; x_wconf 88' lang='lat' dir='ltr'><strong>sunt,</strong></span> <span class='ocrx_word' id='word_1_241' title='bbox 1640 1994 1779 2034; x_wconf 90' lang='lat' dir='ltr'><strong>nun-</strong></span> 
     </span>
    </p>
   </div>
   <div class='ocr_carea' id='block_1_36' title="bbox 166 2066 1768 2128">
    <p class='ocr_par' dir='ltr' id='par_1_36' title="bbox 166 2066 1768 2128">
     <span class='ocr_line' id='line_1_36' title="bbox 166 2066 1768 2128; baseline 0.004 -6"><span class='ocrx_word' id='word_1_242' title='bbox 166 2067 397 2122; x_wconf 82' lang='lat' dir='ltr'><strong>tiantur.</strong></span> <span class='ocrx_word' id='word_1_243' title='bbox 429 2066 751 2123; x_wconf 82' lang='lat' dir='ltr'><strong>Admirabili</strong></span> <span class='ocrx_word' id='word_1_244' title='bbox 793 2067 1068 2124; x_wconf 84' lang='lat' dir='ltr'><strong>celeritate</strong></span> <span class='ocrx_word' id='word_1_245' title='bbox 1109 2083 1232 2124; x_wconf 91' lang='lat' dir='ltr'><strong>cum</strong></span> <span class='ocrx_word' id='word_1_246' title='bbox 1276 2070 1517 2126; x_wconf 91' lang='lat' dir='ltr'><strong>exercitu</strong></span> <span class='ocrx_word' id='word_1_247' title='bbox 1539 2070 1768 2128; x_wconf 88' lang='lat' dir='ltr'><strong>revolat.</strong></span> 
     </span>
    </p>
   </div>
   <div class='ocr_carea' id='block_1_37' title="bbox 166 2158 1777 2230">
    <p class='ocr_par' dir='ltr' id='par_1_37' title="bbox 166 2158 1777 2230">
     <span class='ocr_line' id='line_1_37' title="bbox 166 2158 1777 2230; baseline 0.001 -15"><span class='ocrx_word' id='word_1_248' title='bbox 166 2158 510 2230; x_wconf 86' lang='lat' dir='ltr'><strong>Opprimitur</strong></span> <span class='ocrx_word' id='word_1_249' title='bbox 561 2158 727 2216; x_wconf 87' lang='lat' dir='ltr'><strong>homo</strong></span> <span class='ocrx_word' id='word_1_250' title='bbox 767 2174 836 2216; x_wconf 87' lang='lat' dir='ltr'><strong>ex</strong></span> <span class='ocrx_word' id='word_1_251' title='bbox 882 2159 1194 2230; x_wconf 85' lang='lat' dir='ltr'><strong>improviso,</strong></span> <span class='ocrx_word' id='word_1_252' title='bbox 1240 2161 1476 2217; x_wconf 92' lang='lat' dir='ltr'><strong>nondum</strong></span> <span class='ocrx_word' id='word_1_253' title='bbox 1533 2162 1663 2218; x_wconf 83' lang='lat' dir='ltr'><strong>satis</strong></span> <span class='ocrx_word' id='word_1_254' title='bbox 1694 2162 1777 2217; x_wconf 86' lang='lat' dir='ltr'><strong>in-</strong></span> 
     </span>
    </p>
   </div>
   <div class='ocr_carea' id='block_1_38' title="bbox 164 2249 1774 2323">
    <p class='ocr_par' dir='ltr' id='par_1_38' title="bbox 164 2249 1774 2323">
     <span class='ocr_line' id='line_1_38' title="bbox 164 2249 1774 2323; baseline 0.001 -14"><span class='ocrx_word' id='word_1_255' title='bbox 164 2260 447 2318; x_wconf 87' lang='lat' dir='ltr'><strong>structus;</strong></span> <span class='ocrx_word' id='word_1_256' title='bbox 476 2251 683 2308; x_wconf 85' lang='lat' dir='ltr'><strong>milites</strong></span> <span class='ocrx_word' id='word_1_257' title='bbox 703 2249 771 2307; x_wconf 91' lang='lat' dir='ltr'><strong>ad</strong></span> <span class='ocrx_word' id='word_1_258' title='bbox 792 2251 1177 2323; x_wconf 86' lang='lat' dir='ltr'><strong>Imperatorem</strong></span> <span class='ocrx_word' id='word_1_259' title='bbox 1204 2266 1359 2307; x_wconf 91' lang='lat' dir='ltr'><strong>suum</strong></span> <span class='ocrx_word' id='word_1_260' title='bbox 1386 2253 1632 2309; x_wconf 90' lang='lat' dir='ltr'><strong>redeunt.</strong></span> <span class='ocrx_word' id='word_1_261' title='bbox 1663 2253 1774 2310; x_wconf 85' lang='lat' dir='ltr'><strong>0c-</strong></span> 
     </span>
    </p>
   </div>
   <div class='ocr_carea' id='block_1_39' title="bbox 1878 1990 3474 2067">
    <p class='ocr_par' dir='ltr' id='par_1_39' title="bbox 1878 1990 3474 2067">
     <span class='ocr_line' id='line_1_39' title="bbox 1878 1990 3474 2067; baseline 0.005 -23"><span class='ocrx_word' id='word_1_262' title='bbox 1878 1990 2125 2060; x_wconf 88' lang='lat' dir='ltr'><strong>greditur</strong></span> <span class='ocrx_word' id='word_1_263' title='bbox 2150 2000 2424 2061; x_wconf 84' lang='lat' dir='ltr'><strong>armatus,</strong></span> <span class='ocrx_word' id='word_1_264' title='bbox 2473 2001 2529 2049; x_wconf 94' lang='lat' dir='ltr'><strong>et</strong></span> <span class='ocrx_word' id='word_1_265' title='bbox 2567 1993 2808 2064; x_wconf 90' lang='lat' dir='ltr'><strong>spadone</strong></span> <span class='ocrx_word' id='word_1_266' title='bbox 2849 1995 3202 2063; x_wconf 87' lang='lat' dir='ltr'><strong>obtruncato,</strong></span> <span class='ocrx_word' id='word_1_267' title='bbox 3242 1996 3474 2067; x_wconf 89' lang='lat' dir='ltr'><strong>prosiliit</strong></span> 
     </span>
    </p>
   </div>
   <div class='ocr_carea' id='block_1_40' title="bbox 1877 2081 3466 2161">
    <p class='ocr_par' dir='ltr' id='par_1_40' title="bbox 1877 2081 3466 2161">
     <span class='ocr_line' id='line_1_40' title="bbox 1877 2081 3466 2161; baseline 0.006 -25"><span class='ocrx_word' id='word_1_268' title='bbox 1877 2081 2283 2153; x_wconf 85' lang='lat' dir='ltr'><strong>gloriabundus,</strong></span> <span class='ocrx_word' id='word_1_269' title='bbox 2311 2098 2376 2141; x_wconf 90' lang='lat' dir='ltr'><strong>ac</strong></span> <span class='ocrx_word' id='word_1_270' title='bbox 2397 2084 2678 2155; x_wconf 83' lang='lat' dir='ltr'><strong>proﬁtetur</strong></span> <span class='ocrx_word' id='word_1_271' title='bbox 2701 2087 2845 2159; x_wconf 84' lang='lat' dir='ltr'><strong>q&#39;uod</strong></span> <span class='ocrx_word' id='word_1_272' title='bbox 2870 2087 3166 2145; x_wconf 85' lang='lat' dir='ltr'><strong>admiserit.</strong></span> <span class='ocrx_word' id='word_1_273' title='bbox 3220 2089 3466 2161; x_wconf 77' lang='lat' dir='ltr'><strong>Repente</strong></span> 
     </span>
    </p>
   </div>
   <div class='ocr_carea' id='block_1_41' title="bbox 1878 2174 3478 2254">
    <p class='ocr_par' dir='ltr' id='par_1_41' title="bbox 1878 2174 3478 2254">
     <span class='ocr_line' id='line_1_41' title="bbox 1878 2174 3478 2254; baseline 0.006 -24"><span class='ocrx_word' id='word_1_274' title='bbox 1878 2188 1940 2230; x_wconf 88' lang='lat' dir='ltr'><strong>se</strong></span> <span class='ocrx_word' id='word_1_275' title='bbox 1961 2189 2027 2231; x_wconf 88' lang='lat' dir='ltr'><strong>ex</strong></span> <span class='ocrx_word' id='word_1_276' title='bbox 2048 2174 2217 2231; x_wconf 87' lang='lat' dir='ltr'><strong>altera</strong></span> <span class='ocrx_word' id='word_1_277' title='bbox 2243 2185 2396 2244; x_wconf 87' lang='lat' dir='ltr'><strong>parte</strong></span> <span class='ocrx_word' id='word_1_278' title='bbox 2419 2176 2802 2234; x_wconf 87' lang='lat' dir='ltr'><strong>Constantinus</strong></span> <span class='ocrx_word' id='word_1_279' title='bbox 2852 2180 3089 2237; x_wconf 92' lang='lat' dir='ltr'><strong>ostendit</strong></span> <span class='ocrx_word' id='word_1_280' title='bbox 3134 2196 3257 2237; x_wconf 89' lang='lat' dir='ltr'><strong>cum</strong></span> <span class='ocrx_word' id='word_1_281' title='bbox 3311 2182 3478 2254; x_wconf 83' lang='lat' dir='ltr'><strong>globo</strong></span> 
     </span>
    </p>
   </div>
   <div class='ocr_carea' id='block_1_42' title="bbox 1879 2266 3474 2330">
    <p class='ocr_par' dir='ltr' id='par_1_42' title="bbox 1879 2266 3474 2330">
     <span class='ocr_line' id='line_1_42' title="bbox 1879 2266 3474 2330; baseline 0.006 -9"><span class='ocrx_word' id='word_1_282' title='bbox 1879 2274 2228 2322; x_wconf 88' lang='lat' dir='ltr'><strong>armatorum.</strong></span> <span class='ocrx_word' id='word_1_283' title='bbox 2263 2266 2544 2324; x_wconf 88' lang='lat' dir='ltr'><strong>Profertur</strong></span> <span class='ocrx_word' id='word_1_284' title='bbox 2560 2283 2593 2325; x_wconf 90' lang='lat' dir='ltr'><strong>e</strong></span> <span class='ocrx_word' id='word_1_285' title='bbox 2615 2268 2862 2325; x_wconf 92' lang='lat' dir='ltr'><strong>cubiculo</strong></span> <span class='ocrx_word' id='word_1_286' title='bbox 2890 2271 3118 2327; x_wconf 84' lang='lat' dir='ltr'><strong>cadaver</strong></span> <span class='ocrx_word' id='word_1_287' title='bbox 3141 2273 3339 2329; x_wconf 87' lang='lat' dir='ltr'><strong>occisi:</strong></span> <span class='ocrx_word' id='word_1_288' title='bbox 3365 2273 3474 2330; x_wconf 79' lang='lat' dir='ltr'><strong>luc-</strong></span> 
     </span>
    </p>
   </div>
   <div class='ocr_carea' id='block_1_43' title="bbox 160 2343 1776 2435">
    <p class='ocr_par' dir='ltr' id='par_1_43' title="bbox 160 2343 1776 2416">
     <span class='ocr_line' id='line_1_43' title="bbox 160 2343 1776 2416; baseline 0.001 -14"><span class='ocrx_word' id='word_1_289' title='bbox 160 2352 469 2416; x_wconf 84' lang='lat' dir='ltr'><strong>cupaverat</strong></span> <span class='ocrx_word' id='word_1_290' title='bbox 495 2343 789 2400; x_wconf 80' lang='lat' dir='ltr'><strong>Massiliam</strong></span> <span class='ocrx_word' id='word_1_291' title='bbox 817 2384 833 2411; x_wconf 92' lang='lat'><strong>,</strong></span> <span class='ocrx_word' id='word_1_292' title='bbox 859 2353 915 2400; x_wconf 90' lang='lat' dir='ltr'><strong>ct</strong></span> <span class='ocrx_word' id='word_1_293' title='bbox 938 2352 1123 2415; x_wconf 88' lang='lat' dir='ltr'><strong>portas</strong></span> <span class='ocrx_word' id='word_1_294' title='bbox 1150 2344 1517 2403; x_wconf 89' lang='lat' dir='ltr'><strong>obseraverat.</strong></span> <span class='ocrx_word' id='word_1_295' title='bbox 1555 2345 1776 2403; x_wconf 84' lang='lat' dir='ltr'><strong>Accedit</strong></span> 
     </span>
    </p>
   </div>
   <div class='ocr_carea' id='block_1_44' title="bbox 1908 2343 3225 2435">
    <p class='ocr_par' dir='ltr' id='par_1_44' title="bbox 1908 2357 3225 2435">
     <span class='ocr_line' id='line_1_44' title="bbox 1908 2357 3225 2435; baseline 0.004 -19"><span class='ocrx_word' id='word_1_296' title='bbox 1908 2366 1962 2416; x_wconf 90' lang='lat' dir='ltr'><strong>et</strong></span> <span class='ocrx_word' id='word_1_297' title='bbox 1990 2357 2383 2416; x_wconf 84' lang='lat' dir='ltr'><strong>manifestarius</strong></span> <span class='ocrx_word' id='word_1_298' title='bbox 2406 2358 2694 2430; x_wconf 89' lang='lat' dir='ltr'><strong>homicida,</strong></span> <span class='ocrx_word' id='word_1_299' title='bbox 2725 2371 2781 2419; x_wconf 90' lang='lat' dir='ltr'><strong>et</strong></span> <span class='ocrx_word' id='word_1_300' title='bbox 2806 2371 2987 2419; x_wconf 93' lang='lat' dir='ltr'><strong>mutus</strong></span> <span class='ocrx_word' id='word_1_301' title='bbox 3011 2372 3225 2435; x_wconf 85' lang='lat' dir='ltr'><strong>stupet:</strong></span> 
     </span>
    </p>
   </div>
   <div class='ocr_carea' id='block_1_45' title="bbox 162 2436 1774 2509">
    <p class='ocr_par' dir='ltr' id='par_1_45' title="bbox 162 2436 1774 2509">
     <span class='ocr_line' id='line_1_45' title="bbox 162 2436 1774 2509; baseline -0.001 -14"><span class='ocrx_word' id='word_1_302' title='bbox 162 2439 395 2509; x_wconf 87' lang='lat' dir='ltr'><strong>propius</strong></span> <span class='ocrx_word' id='word_1_303' title='bbox 423 2436 770 2508; x_wconf 88' lang='lat' dir='ltr'><strong>Imperator;</strong></span> <span class='ocrx_word' id='word_1_304' title='bbox 797 2444 853 2492; x_wconf 92' lang='lat' dir='ltr'><strong>et</strong></span> <span class='ocrx_word' id='word_1_305' title='bbox 877 2436 931 2491; x_wconf 92' lang='lat' dir='ltr'><strong>in</strong></span> <span class='ocrx_word' id='word_1_306' title='bbox 951 2451 1108 2493; x_wconf 91' lang='lat' dir='ltr'><strong>muro</strong></span> <span class='ocrx_word' id='word_1_307' title='bbox 1127 2436 1429 2493; x_wconf 88' lang='lat' dir='ltr'><strong>adstantem</strong></span> <span class='ocrx_word' id='word_1_308' title='bbox 1459 2438 1774 2509; x_wconf 88' lang='lat' dir='ltr'><strong>alloquitur,</strong></span> 
     </span>
    </p>
   </div>
   <div class='ocr_carea' id='block_1_46' title="bbox 161 2526 1781 2601">
    <p class='ocr_par' dir='ltr' id='par_1_46' title="bbox 161 2526 1781 2601">
     <span class='ocr_line' id='line_1_46' title="bbox 161 2526 1781 2601; baseline -0.001 -14"><span class='ocrx_word' id='word_1_309' title='bbox 161 2544 274 2587; x_wconf 87' lang='lat' dir='ltr'><strong>non</strong></span> <span class='ocrx_word' id='word_1_310' title='bbox 302 2544 524 2601; x_wconf 87' lang='lat' dir='ltr'><strong>aspere,</strong></span> <span class='ocrx_word' id='word_1_311' title='bbox 555 2542 657 2585; x_wconf 91' lang='lat' dir='ltr'><strong>nec</strong></span> <span class='ocrx_word' id='word_1_312' title='bbox 707 2527 1016 2585; x_wconf 84' lang='lat' dir='ltr'><strong>hostiliter:</strong></span> <span class='ocrx_word' id='word_1_313' title='bbox 1040 2526 1137 2584; x_wconf 90' lang='lat' dir='ltr'><strong>sed</strong></span> <span class='ocrx_word' id='word_1_314' title='bbox 1184 2538 1337 2600; x_wconf 84' lang='lat' dir='ltr'><strong>rogat</strong></span> <span class='ocrx_word' id='word_1_315' title='bbox 1371 2529 1500 2600; x_wconf 90' lang='lat' dir='ltr'><strong>quid</strong></span> <span class='ocrx_word' id='word_1_316' title='bbox 1533 2529 1639 2585; x_wconf 87' lang='lat' dir='ltr'><strong>sibi</strong></span> <span class='ocrx_word' id='word_1_317' title='bbox 1680 2543 1781 2585; x_wconf 88' lang='lat' dir='ltr'><strong>vo-</strong></span> 
     </span>
    </p>
   </div>
   <div class='ocr_carea' id='block_1_47' title="bbox 160 2618 1771 2692">
    <p class='ocr_par' dir='ltr' id='par_1_47' title="bbox 160 2618 1771 2692">
     <span class='ocr_line' id='line_1_47' title="bbox 160 2618 1771 2692; baseline -0.002 -13"><span class='ocrx_word' id='word_1_318' title='bbox 160 2621 381 2690; x_wconf 87' lang='lat' dir='ltr'><strong>luisset,</strong></span> <span class='ocrx_word' id='word_1_319' title='bbox 404 2619 536 2692; x_wconf 88' lang='lat' dir='ltr'><strong>quid</strong></span> <span class='ocrx_word' id='word_1_320' title='bbox 548 2620 598 2676; x_wconf 90' lang='lat' dir='ltr'><strong>ei</strong></span> <span class='ocrx_word' id='word_1_321' title='bbox 615 2619 900 2689; x_wconf 90' lang='lat' dir='ltr'><strong>defuisset,</strong></span> <span class='ocrx_word' id='word_1_322' title='bbox 923 2633 1021 2675; x_wconf 91' lang='lat' dir='ltr'><strong>cur</strong></span> <span class='ocrx_word' id='word_1_323' title='bbox 1040 2618 1246 2676; x_wconf 85' lang='lat' dir='ltr'><strong>faceret</strong></span> <span class='ocrx_word' id='word_1_324' title='bbox 1268 2620 1414 2691; x_wconf 90' lang='lat' dir='ltr'><strong>quod</strong></span> <span class='ocrx_word' id='word_1_325' title='bbox 1437 2622 1610 2692; x_wconf 91' lang='lat' dir='ltr'><strong>ipsum</strong></span> <span class='ocrx_word' id='word_1_326' title='bbox 1629 2636 1771 2692; x_wconf 70' lang='lat' dir='ltr'><strong>pra:-</strong></span> 
     </span>
    </p>
   </div>
   <div class='ocr_carea' id='block_1_48' title="bbox 160 2712 1780 2784">
    <p class='ocr_par' dir='ltr' id='par_1_48' title="bbox 160 2712 1780 2784">
     <span class='ocr_line' id='line_1_48' title="bbox 160 2712 1780 2784; baseline 0.001 -13"><span class='ocrx_word' id='word_1_327' title='bbox 160 2715 327 2784; x_wconf 89' lang='lat' dir='ltr'><strong>cipne</strong></span> <span class='ocrx_word' id='word_1_328' title='bbox 354 2728 466 2769; x_wconf 90' lang='lat' dir='ltr'><strong>non</strong></span> <span class='ocrx_word' id='word_1_329' title='bbox 493 2713 734 2769; x_wconf 88' lang='lat' dir='ltr'><strong>deceret.</strong></span> <span class='ocrx_word' id='word_1_330' title='bbox 765 2712 863 2769; x_wconf 92' lang='lat' dir='ltr'><strong>Ille</strong></span> <span class='ocrx_word' id='word_1_331' title='bbox 917 2726 1050 2768; x_wconf 88' lang='lat' dir='ltr'><strong>vero</strong></span> <span class='ocrx_word' id='word_1_332' title='bbox 1080 2712 1360 2784; x_wconf 89' lang='lat' dir='ltr'><strong>ingerebat</strong></span> <span class='ocrx_word' id='word_1_333' title='bbox 1405 2714 1689 2772; x_wconf 89' lang='lat' dir='ltr'><strong>maledicta</strong></span> <span class='ocrx_word' id='word_1_334' title='bbox 1708 2715 1780 2772; x_wconf 86' lang='lat' dir='ltr'><strong>de</strong></span> 
     </span>
    </p>
   </div>
   <div class='ocr_carea' id='block_1_49' title="bbox 160 2805 1772 2876">
    <p class='ocr_par' dir='ltr' id='par_1_49' title="bbox 160 2805 1772 2876">
     <span class='ocr_line' id='line_1_49' title="bbox 160 2805 1772 2876; baseline 0 -14"><span class='ocrx_word' id='word_1_335' title='bbox 160 2806 359 2863; x_wconf 87' lang='lat' dir='ltr'><strong>muris.</strong></span> <span class='ocrx_word' id='word_1_336' title='bbox 387 2805 527 2861; x_wconf 83' lang='lat' dir='ltr'><strong>Tum</strong></span> <span class='ocrx_word' id='word_1_337' title='bbox 558 2805 737 2861; x_wconf 90' lang='lat' dir='ltr'><strong>subito</strong></span> <span class='ocrx_word' id='word_1_338' title='bbox 779 2819 811 2861; x_wconf 90' lang='lat' dir='ltr'><strong>a</strong></span> <span class='ocrx_word' id='word_1_339' title='bbox 859 2813 1011 2876; x_wconf 89' lang='lat' dir='ltr'><strong>tergo</strong></span> <span class='ocrx_word' id='word_1_340' title='bbox 1059 2805 1176 2875; x_wconf 87' lang='lat' dir='ltr'><strong>ejus</strong></span> <span class='ocrx_word' id='word_1_341' title='bbox 1223 2813 1394 2876; x_wconf 76' lang='lat' dir='ltr'><strong>porta:</strong></span> <span class='ocrx_word' id='word_1_342' title='bbox 1440 2815 1772 2873; x_wconf 88' lang='lat' dir='ltr'><strong>reserantur,</strong></span> 
     </span>
    </p>
   </div>
   <div class='ocr_carea' id='block_1_50' title="bbox 160 2891 1780 2970">
    <p class='ocr_par' dir='ltr' id='par_1_50' title="bbox 160 2891 1780 2970">
     <span class='ocr_line' id='line_1_50' title="bbox 160 2891 1780 2970; baseline 0.002 -15"><span class='ocrx_word' id='word_1_343' title='bbox 160 2898 370 2956; x_wconf 82' lang='lat' dir='ltr'><strong>milites</strong></span> <span class='ocrx_word' id='word_1_344' title='bbox 417 2897 777 2970; x_wconf 88' lang='lat' dir='ltr'><strong>recipiuntur.</strong></span> <span class='ocrx_word' id='word_1_345' title='bbox 827 2897 1131 2953; x_wconf 81' lang='lat' dir='ltr'><strong>Attrahitur</strong></span> <span class='ocrx_word' id='word_1_346' title='bbox 1172 2891 1239 2953; x_wconf 67' lang='lat' dir='ltr'><strong>a&#39;d</strong></span> <span class='ocrx_word' id='word_1_347' title='bbox 1282 2898 1663 2970; x_wconf 90' lang='lat' dir='ltr'><strong>Imperatorem</strong></span> <span class='ocrx_word' id='word_1_348' title='bbox 1695 2915 1780 2958; x_wconf 92' lang='lat' dir='ltr'><strong>re-</strong></span> 
     </span>
    </p>
   </div>
   <div class='ocr_carea' id='block_1_51' title="bbox 161 2988 1779 3061">
    <p class='ocr_par' dir='ltr' id='par_1_51' title="bbox 161 2988 1779 3061">
     <span class='ocr_line' id='line_1_51' title="bbox 161 2988 1779 3061; baseline 0.001 -14"><span class='ocrx_word' id='word_1_349' title='bbox 161 2990 328 3048; x_wconf 89' lang='lat' dir='ltr'><strong>bellis</strong></span> <span class='ocrx_word' id='word_1_350' title='bbox 354 2989 684 3061; x_wconf 86' lang='lat' dir='ltr'><strong>Imperator,</strong></span> <span class='ocrx_word' id='word_1_351' title='bbox 717 2994 873 3060; x_wconf 88' lang='lat' dir='ltr'><strong>pater</strong></span> <span class='ocrx_word' id='word_1_352' title='bbox 919 2988 1142 3060; x_wconf 90' lang='lat' dir='ltr'><strong>impius,</strong></span> <span class='ocrx_word' id='word_1_353' title='bbox 1183 3000 1342 3046; x_wconf 92' lang='lat' dir='ltr'><strong>socer</strong></span> <span class='ocrx_word' id='word_1_354' title='bbox 1367 2990 1631 3061; x_wconf 83' lang='lat' dir='ltr'><strong>perﬁdus.</strong></span> <span class='ocrx_word' id='word_1_355' title='bbox 1662 2993 1779 3049; x_wconf 75' lang='lat' dir='ltr'><strong>Au~</strong></span> 
     </span>
    </p>
   </div>
   <div class='ocr_carea' id='block_1_52' title="bbox 2127 2475 3309 2542">
    <p class='ocr_par' dir='ltr' id='par_1_52' title="bbox 2127 2475 3309 2542">
     <span class='ocr_line' id='line_1_52' title="bbox 2127 2475 3309 2542; baseline 0.004 -16"><span class='ocrx_word' id='word_1_356' title='bbox 2127 2475 2275 2537; x_wconf 85' lang='lat' dir='ltr'><strong>Quasi</strong></span> <span class='ocrx_word' id='word_1_357' title='bbox 2297 2476 2419 2527; x_wconf 89' lang='lat' dir='ltr'><strong>dura</strong></span> <span class='ocrx_word' id='word_1_358' title='bbox 2442 2475 2595 2541; x_wconf 80' lang='lat' dir='ltr'><strong>silex,</strong></span> <span class='ocrx_word' id='word_1_359' title='bbox 2619 2484 2705 2529; x_wconf 88' lang='lat' dir='ltr'><strong>aut</strong></span> <span class='ocrx_word' id='word_1_360' title='bbox 2724 2481 2826 2529; x_wconf 90' lang='lat' dir='ltr'><strong>stet</strong></span> <span class='ocrx_word' id='word_1_361' title='bbox 2841 2477 3084 2542; x_wconf 82' lang='lat' dir='ltr'><strong>Marpesia</strong></span> <span class='ocrx_word' id='word_1_362' title='bbox 3108 2484 3309 2542; x_wconf 85' lang='lat' dir='ltr'><strong>cautes;</strong></span> 
     </span>
    </p>
   </div>
   <div class='ocr_carea' id='block_1_53' title="bbox 1880 2582 3470 2654">
    <p class='ocr_par' dir='ltr' id='par_1_53' title="bbox 1880 2582 3470 2654">
     <span class='ocr_line' id='line_1_53' title="bbox 1880 2582 3470 2654; baseline 0.002 -15"><span class='ocrx_word' id='word_1_363' title='bbox 1880 2582 2173 2654; x_wconf 83' lang='lat' dir='ltr'><strong>Impietatis</strong></span> <span class='ocrx_word' id='word_1_364' title='bbox 2197 2596 2261 2638; x_wconf 90' lang='lat' dir='ltr'><strong>ac</strong></span> <span class='ocrx_word' id='word_1_365' title='bbox 2286 2583 2508 2638; x_wconf 91' lang='lat' dir='ltr'><strong>sceleris</strong></span> <span class='ocrx_word' id='word_1_366' title='bbox 2551 2584 2876 2653; x_wconf 89' lang='lat' dir='ltr'><strong>increpatur.</strong></span> <span class='ocrx_word' id='word_1_367' title='bbox 2922 2583 3207 2641; x_wconf 90' lang='lat' dir='ltr'><strong>Postremo</strong></span> <span class='ocrx_word' id='word_1_368' title='bbox 3233 2585 3394 2643; x_wconf 89' lang='lat' dir='ltr'><strong>datur</strong></span> <span class='ocrx_word' id='word_1_369' title='bbox 3420 2588 3470 2642; x_wconf 91' lang='lat' dir='ltr'><strong>ei</strong></span> 
     </span>
    </p>
   </div>
   <div class='ocr_carea' id='block_1_54' title="bbox 1882 2674 2593 2747">
    <p class='ocr_par' dir='ltr' id='par_1_54' title="bbox 1882 2674 2593 2747">
     <span class='ocr_line' id='line_1_54' title="bbox 1882 2674 2593 2747; baseline -0.006 -16"><span class='ocrx_word' id='word_1_370' title='bbox 1882 2683 2123 2747; x_wconf 90' lang='lat' dir='ltr'><strong>potestas</strong></span> <span class='ocrx_word' id='word_1_371' title='bbox 2153 2674 2339 2731; x_wconf 83' lang='lat' dir='ltr'><strong>libera:</strong></span> <span class='ocrx_word' id='word_1_372' title='bbox 2367 2674 2593 2730; x_wconf 89' lang='lat' dir='ltr'><strong>mortis:</strong></span> 
     </span>
    </p>
   </div>
   <div class='ocr_carea' id='block_1_55' title="bbox 2135 2790 3319 2857">
    <p class='ocr_par' dir='ltr' id='par_1_55' title="bbox 2135 2790 3319 2857">
     <span class='ocr_line' id='line_1_55' title="bbox 2135 2790 3319 2857; baseline 0.003 -15"><span class='ocrx_word' id='word_1_373' title='bbox 2135 2790 2208 2843; x_wconf 76' lang='lat' dir='ltr'><strong>Ac</strong></span> <span class='ocrx_word' id='word_1_374' title='bbox 2230 2792 2410 2842; x_wconf 88' lang='lat' dir='ltr'><strong>nodum</strong></span> <span class='ocrx_word' id='word_1_375' title='bbox 2432 2790 2648 2842; x_wconf 71' lang='lat' dir='ltr'><strong>informis</strong></span> <span class='ocrx_word' id='word_1_376' title='bbox 2671 2791 2759 2843; x_wconf 90' lang='lat' dir='ltr'><strong>leti</strong></span> <span class='ocrx_word' id='word_1_377' title='bbox 2778 2792 2923 2843; x_wconf 84' lang='lat' dir='ltr'><strong>trabe</strong></span> <span class='ocrx_word' id='word_1_378' title='bbox 2943 2795 3100 2845; x_wconf 85' lang='lat' dir='ltr'><strong>nectit</strong></span> <span class='ocrx_word' id='word_1_379' title='bbox 3122 2792 3319 2857; x_wconf 77' lang='lat' dir='ltr'><strong>ab&#39;alta.</strong></span> 
     </span>
    </p>
   </div>
   <div class='ocr_carea' id='block_1_56' title="bbox 1956 2895 3486 2973">
    <p class='ocr_par' dir='ltr' id='par_1_56' title="bbox 1956 2895 3486 2973">
     <span class='ocr_line' id='line_1_56' title="bbox 1956 2895 3486 2973; baseline 0.003 -20"><span class='ocrx_word' id='word_1_380' title='bbox 1956 2897 2033 2952; x_wconf 87' lang='lat' dir='ltr'><strong>Ita</strong></span> <span class='ocrx_word' id='word_1_381' title='bbox 2065 2897 2155 2953; x_wconf 90' lang='lat' dir='ltr'><strong>ille</strong></span> <span class='ocrx_word' id='word_1_382' title='bbox 2178 2896 2406 2952; x_wconf 81' lang='lat' dir='ltr'><strong>Romani</strong></span> <span class='ocrx_word' id='word_1_383' title='bbox 2432 2895 2663 2951; x_wconf 89' lang='lat' dir='ltr'><strong>nominis</strong></span> <span class='ocrx_word' id='word_1_384' title='bbox 2691 2897 2960 2954; x_wconf 88' lang='lat' dir='ltr'><strong>maximus</strong></span> <span class='ocrx_word' id='word_1_385' title='bbox 3005 2896 3336 2969; x_wconf 89' lang='lat' dir='ltr'><strong>Imperator,</strong></span> <span class='ocrx_word' id='word_1_386' title='bbox 3394 2907 3486 2973; x_wconf 87' lang='lat' dir='ltr'><strong>qui</strong></span> 
     </span>
    </p>
   </div>
   <div class='ocr_carea' id='block_1_57' title="bbox 1886 2989 3487 3067">
    <p class='ocr_par' dir='ltr' id='par_1_57' title="bbox 1886 2989 3487 3067">
     <span class='ocr_line' id='line_1_57' title="bbox 1886 2989 3487 3067; baseline 0.002 -20"><span class='ocrx_word' id='word_1_387' title='bbox 1886 3007 1984 3064; x_wconf 91' lang='lat' dir='ltr'><strong>per</strong></span> <span class='ocrx_word' id='word_1_388' title='bbox 2009 2992 2227 3062; x_wconf 82' lang='lat' dir='ltr'><strong>longum</strong></span> <span class='ocrx_word' id='word_1_389' title='bbox 2275 2989 2535 3061; x_wconf 88' lang='lat' dir='ltr'><strong>temporis</strong></span> <span class='ocrx_word' id='word_1_390' title='bbox 2579 2989 2919 3046; x_wconf 87' lang='lat' dir='ltr'><strong>intervallum</strong></span> <span class='ocrx_word' id='word_1_391' title='bbox 2942 3006 3063 3047; x_wconf 93' lang='lat' dir='ltr'><strong>cum</strong></span> <span class='ocrx_word' id='word_1_392' title='bbox 3092 2992 3294 3065; x_wconf 83' lang='lat' dir='ltr'><strong>ingenti</strong></span> <span class='ocrx_word' id='word_1_393' title='bbox 3317 2994 3487 3067; x_wconf 89' lang='lat' dir='ltr'><strong>gloria</strong></span> 
     </span>
    </p>
   </div>
   <div class='ocr_carea' id='block_1_58' title="bbox 1537 3107 2167 3168">
    <p class='ocr_par' dir='ltr' id='par_1_58' title="bbox 1537 3107 2167 3168">
     <span class='ocr_line' id='line_1_58' title="bbox 1537 3107 2167 3168; baseline 0.002 -4"><span class='ocrx_word' id='word_1_394' title='bbox 1537 3108 1900 3168; x_wconf 76' lang='lat' dir='ltr'><strong>VARIORUM</strong></span> <span class='ocrx_word' id='word_1_395' title='bbox 1933 3107 2167 3167; x_wconf 74' lang='lat' dir='ltr'><strong>NOTAE.</strong></span> 
     </span>
    </p>
   </div>
   <div class='ocr_carea' id='block_1_59' title="bbox 159 3248 1760 3390">
    <p class='ocr_par' dir='ltr' id='par_1_59' title="bbox 159 3248 1760 3390">
     <span class='ocr_line' id='line_1_59' title="bbox 161 3248 1760 3374; baseline -0.005 -69"><span class='ocrx_word' id='word_1_396' title='bbox 161 3248 187 3262; x_wconf 70' lang='lat'><strong><em>&#39;</em></strong></span> <span class='ocrx_word' id='word_1_397' title='bbox 238 3248 352 3305; x_wconf 80' lang='lat' dir='ltr'><strong>Sea:</strong></span> <span class='ocrx_word' id='word_1_398' title='bbox 378 3251 614 3374; x_wconf 56' lang='lat' dir='ltr'><strong>rut-unt.</strong></span> <span class='ocrx_word' id='word_1_399' title='bbox 642 3248 851 3301; x_wconf 81' lang='lat' dir='ltr'><strong>lta&#39;ms.</strong></span> <span class='ocrx_word' id='word_1_400' title='bbox 882 3248 1133 3300; x_wconf 89' lang='lat' dir='ltr'><strong>Nonnulli</strong></span> <span class='ocrx_word' id='word_1_401' title='bbox 1163 3248 1385 3299; x_wconf 86' lang='lat' dir='ltr'><strong>mallent</strong></span> <span class='ocrx_word' id='word_1_402' title='bbox 1426 3248 1760 3315; x_wconf 68' lang='lat' dir='ltr'><strong>prwfuerttnt.</strong></span> 
     </span>
     <span class='ocr_line' id='line_1_60' title="bbox 159 3314 1760 3390; baseline -0.005 -14"><span class='ocrx_word' id='word_1_403' title='bbox 159 3319 377 3390; x_wconf 79' lang='lat' dir='ltr'><strong>Reipnb</strong></span> <span class='ocrx_word' id='word_1_404' title='bbox 403 3321 501 3390; x_wconf 71' lang='lat' dir='ltr'><strong>ica:</strong></span> <span class='ocrx_word' id='word_1_405' title='bbox 527 3317 880 3390; x_wconf 12' lang='lat' dir='ltr'><strong>sciilicct,_seu</strong></span> <span class='ocrx_word' id='word_1_406' title='bbox 908 3315 1287 3390; x_wconf 74' lang='lat' dir='ltr'><strong>Imperatores,</strong></span> <span class='ocrx_word' id='word_1_407' title='bbox 1331 3329 1446 3390; x_wconf 82' lang='lat' dir='ltr'><strong>sen_</strong></span> <span class='ocrx_word' id='word_1_408' title='bbox 1474 3314 1760 3390; x_wconf 56' lang='lat' dir='ltr'><strong>Cmsares;</strong></span> 
     </span>
    </p>
   </div>
   <div class='ocr_carea' id='block_1_60' title="bbox 165 3384 1775 3461">
    <p class='ocr_par' dir='ltr' id='par_1_60' title="bbox 165 3384 1775 3461">
     <span class='ocr_line' id='line_1_61' title="bbox 165 3384 1775 3461; baseline -0.004 -15"><span class='ocrx_word' id='word_1_409' title='bbox 165 3384 371 3461; x_wconf 81' lang='lat' dir='ltr'><strong>nempe</strong></span> <span class='ocrx_word' id='word_1_410' title='bbox 397 3384 1019 3461; x_wconf 24' lang='lat' dir='ltr'><strong>Herculius,‘Galerins—,_</strong></span> <span class='ocrx_word' id='word_1_411' title='bbox 1065 3385 1385 3461; x_wconf 65' lang='lat' dir='ltr'><strong>Maximinus</strong></span> <span class='ocrx_word' id='word_1_412' title='bbox 1415 3384 1575 3451; x_wconf 84' lang='lat' dir='ltr'><strong>Daza,</strong></span> <span class='ocrx_word' id='word_1_413' title='bbox 1627 3384 1775 3440; x_wconf 87' lang='lat' dir='ltr'><strong>Con-</strong></span> 
     </span>
    </p>
   </div>
   <div class='ocr_carea' id='block_1_61' title="bbox 162 3457 1168 3528">
    <p class='ocr_par' dir='ltr' id='par_1_61' title="bbox 162 3457 1168 3528">
     <span class='ocr_line' id='line_1_62' title="bbox 162 3457 1168 3528; baseline -0.007 -11"><span class='ocrx_word' id='word_1_414' title='bbox 162 3457 463 3528; x_wconf 79' lang='lat' dir='ltr'><strong>stantinus,</strong></span> <span class='ocrx_word' id='word_1_415' title='bbox 493 3458 797 3516; x_wconf 77' lang='lat' dir='ltr'><strong>Maxentius</strong></span> <span class='ocrx_word' id='word_1_416' title='bbox 823 3466 880 3513; x_wconf 92' lang='lat' dir='ltr'><strong>et</strong></span> <span class='ocrx_word' id='word_1_417' title='bbox 906 3457 1168 3513; x_wconf 90' lang='lat' dir='ltr'><strong>Licinius.</strong></span> 
     </span>
    </p>
   </div>
   <div class='ocr_carea' id='block_1_62' title="bbox 240 3547 1538 3622">
    <p class='ocr_par' dir='ltr' id='par_1_62' title="bbox 240 3547 1538 3622">
     <span class='ocr_line' id='line_1_63' title="bbox 240 3547 1538 3622; baseline -0.006 -12"><span class='ocrx_word' id='word_1_418' title='bbox 240 3556 442 3622; x_wconf 83' lang='lat' dir='ltr'><strong>Quare.</strong></span> <span class='ocrx_word' id='word_1_419' title='bbox 471 3554 551 3609; x_wconf 85' lang='lat' dir='ltr'><strong>Ex</strong></span> <span class='ocrx_word' id='word_1_420' title='bbox 581 3551 803 3608; x_wconf 85' lang='lat' dir='ltr'><strong>Terent.</strong></span> <span class='ocrx_word' id='word_1_421' title='bbox 830 3550 1000 3622; x_wconf 77' lang='lat' dir='ltr'><strong>Andr.</strong></span> <span class='ocrx_word' id='word_1_422' title='bbox 1036 3551 1154 3622; x_wconf 79' lang='lat' dir='ltr'><strong>Act.</strong></span> <span class='ocrx_word' id='word_1_423' title='bbox 1184 3552 1261 3618; x_wconf 83' lang='lat' dir='ltr'><strong>tit,</strong></span> <span class='ocrx_word' id='word_1_424' title='bbox 1292 3547 1454 3605; x_wconf 91' lang='lat' dir='ltr'><strong>Scen.</strong></span> <span class='ocrx_word' id='word_1_425' title='bbox 1484 3548 1538 3605; x_wconf 83' lang='lat'><strong>5.</strong></span> 
     </span>
    </p>
   </div>
   <div class='ocr_carea' id='block_1_63' title="bbox 247 3621 1208 3682">
    <p class='ocr_par' dir='ltr' id='par_1_63' title="bbox 247 3621 1208 3682">
     <span class='ocr_line' id='line_1_64' title="bbox 247 3621 1208 3682; baseline -0.007 -1"><span class='ocrx_word' id='word_1_426' title='bbox 247 3621 635 3682; x_wconf 71' lang='lat' dir='ltr'><strong>Maximianus.</strong></span> <span class='ocrx_word' id='word_1_427' title='bbox 657 3623 877 3680; x_wconf 89' lang='lat' dir='ltr'><strong>Scilicet</strong></span> <span class='ocrx_word' id='word_1_428' title='bbox 907 3621 1208 3675; x_wconf 78' lang='lat' dir='ltr'><strong>Herculius.</strong></span> 
     </span>
    </p>
   </div>
   <div class='ocr_carea' id='block_1_64' title="bbox 238 3689 1636 3764">
    <p class='ocr_par' dir='ltr' id='par_1_64' title="bbox 238 3689 1636 3764">
     <span class='ocr_line' id='line_1_65' title="bbox 238 3689 1636 3764; baseline -0.005 -13"><span class='ocrx_word' id='word_1_429' title='bbox 238 3696 582 3751; x_wconf 78' lang='lat' dir='ltr'><strong>Maliebatur.</strong></span> <span class='ocrx_word' id='word_1_430' title='bbox 603 3694 662 3750; x_wconf 92' lang='lat' dir='ltr'><strong>Id</strong></span> <span class='ocrx_word' id='word_1_431' title='bbox 689 3702 793 3759; x_wconf 87' lang='lat' dir='ltr'><strong>est,</strong></span> <span class='ocrx_word' id='word_1_432' title='bbox 818 3694 1061 3764; x_wconf 70' lang='lat' dir='ltr'><strong>parabat.</strong></span> <span class='ocrx_word' id='word_1_433' title='bbox 1090 3690 1307 3764; x_wconf 46' lang='lat' dir='ltr'><strong>jEneid:</strong></span> <span class='ocrx_word' id='word_1_434' title='bbox 1345 3707 1402 3764; x_wconf 79' lang='lat' dir='ltr'><strong>tr,</strong></span> <span class='ocrx_word' id='word_1_435' title='bbox 1424 3705 1479 3745; x_wconf 90' lang='lat' dir='ltr'><strong>v.</strong></span> <span class='ocrx_word' id='word_1_436' title='bbox 1515 3689 1636 3764; x_wconf 66' lang='lat' dir='ltr'><strong>I08.</strong></span> 
     </span>
    </p>
   </div>
   <div class='ocr_carea' id='block_1_65' title="bbox 249 3762 1781 3838">
    <p class='ocr_par' dir='ltr' id='par_1_65' title="bbox 249 3762 1781 3838">
     <span class='ocr_line' id='line_1_66' title="bbox 249 3762 1781 3838; baseline -0.007 -14"><span class='ocrx_word' id='word_1_437' title='bbox 249 3767 616 3838; x_wconf 79' lang='lat' dir='ltr'><strong>Cogitationis.</strong></span> <span class='ocrx_word' id='word_1_438' title='bbox 658 3765 735 3820; x_wconf 90' lang='lat' dir='ltr'><strong>Ita</strong></span> <span class='ocrx_word' id='word_1_439' title='bbox 776 3762 907 3820; x_wconf 82' lang='lat' dir='ltr'><strong>mss.</strong></span> <span class='ocrx_word' id='word_1_440' title='bbox 938 3763 1011 3819; x_wconf 87' lang='lat' dir='ltr'><strong>Et</strong></span> <span class='ocrx_word' id='word_1_441' title='bbox 1033 3773 1223 3838; x_wconf 79' lang='lat' dir='ltr'><strong>_r_ecte.</strong></span> <span class='ocrx_word' id='word_1_442' title='bbox 1271 3762 1469 3838; x_wconf 50' lang='lat' dir='ltr'><strong>{risose</strong></span> <span class='ocrx_word' id='word_1_443' title='bbox 1496 3762 1781 3838; x_wconf 75' lang='lat' dir='ltr'><strong>editiones,</strong></span> 
     </span>
    </p>
   </div>
   <div class='ocr_carea' id='block_1_66' title="bbox 166 3831 1781 3911">
    <p class='ocr_par' dir='ltr' id='par_1_66' title="bbox 166 3831 1781 3911">
     <span class='ocr_line' id='line_1_67' title="bbox 166 3831 1781 3911; baseline -0.006 -15"><span class='ocrx_word' id='word_1_444' title='bbox 166 3831 497 3911; x_wconf 54' lang='lat' dir='ltr'><strong>cantapionis</strong></span> <span class='ocrx_word' id='word_1_445' title='bbox 522 3836 795 3911; x_wconf 51' lang='lat' dir='ltr'><strong>{fortasse</strong></span> <span class='ocrx_word' id='word_1_446' title='bbox 819 3850 885 3911; x_wconf 75' lang='lat' dir='ltr'><strong>eo</strong></span> <span class='ocrx_word' id='word_1_447' title='bbox 909 3832 1053 3911; x_wconf 87' lang='lat' dir='ltr'><strong>quod</strong></span> <span class='ocrx_word' id='word_1_448' title='bbox 1085 3833 1177 3888; x_wconf 89' lang='lat' dir='ltr'><strong>lib.</strong></span> <span class='ocrx_word' id='word_1_449' title='bbox 1214 3849 1246 3887; x_wconf 90' lang='lat' dir='ltr'><strong>v</strong></span> <span class='ocrx_word' id='word_1_450' title='bbox 1286 3833 1404 3887; x_wconf 90' lang='lat' dir='ltr'><strong>Div.</strong></span> <span class='ocrx_word' id='word_1_451' title='bbox 1440 3831 1614 3911; x_wconf 75' lang='lat' dir='ltr'><strong>Instit.</strong></span> <span class='ocrx_word' id='word_1_452' title='bbox 1643 3832 1781 3911; x_wconf 87' lang='lat' dir='ltr'><strong>Lac—_</strong></span> 
     </span>
    </p>
   </div>
   <div class='ocr_carea' id='block_1_67' title="bbox 167 3903 1779 3980">
    <p class='ocr_par' dir='ltr' id='par_1_67' title="bbox 167 3903 1779 3980">
     <span class='ocr_line' id='line_1_68' title="bbox 167 3903 1779 3980; baseline -0.007 -13"><span class='ocrx_word' id='word_1_453' title='bbox 167 3903 350 3974; x_wconf 59' lang='lat' dir='ltr'><strong>tantii:</strong></span> <span class='ocrx_word' id='word_1_454' title='bbox 382 3925 506 3980; x_wconf 85' lang='lat' dir='ltr'><strong>cap.</strong></span> <span class='ocrx_word' id='word_1_455' title='bbox 542 3907 611 3963; x_wconf 73' lang='lat' dir='ltr'><strong>I2</strong></span> <span class='ocrx_word' id='word_1_456' title='bbox 658 3907 814 3962; x_wconf 89' lang='lat' dir='ltr'><strong>initio</strong></span> <span class='ocrx_word' id='word_1_457' title='bbox 843 3903 1059 3977; x_wconf 79' lang='lat' dir='ltr'><strong>legitur,</strong></span> <span class='ocrx_word' id='word_1_458' title='bbox 1095 3913 1271 3975; x_wconf 82' lang='lat' dir='ltr'><strong>pectus</strong></span> <span class='ocrx_word' id='word_1_459' title='bbox 1324 3919 1510 3974; x_wconf 89' lang='lat' dir='ltr'><strong>purum</strong></span> <span class='ocrx_word' id='word_1_460' title='bbox 1538 3903 1601 3956; x_wconf 92' lang='lat' dir='ltr'><strong>ab</strong></span> <span class='ocrx_word' id='word_1_461' title='bbox 1638 3903 1779 3957; x_wconf 87' lang='lat' dir='ltr'><strong>omni</strong></span> 
     </span>
    </p>
   </div>
   <div class='ocr_carea' id='block_1_68' title="bbox 164 3979 1006 4051">
    <p class='ocr_par' dir='ltr' id='par_1_68' title="bbox 164 3979 1006 4051">
     <span class='ocr_line' id='line_1_69' title="bbox 164 3979 1006 4051; baseline -0.011 -13"><span class='ocrx_word' id='word_1_462' title='bbox 164 3982 382 4038; x_wconf 75' lang='lat' dir='ltr'><strong>sceleris</strong></span> <span class='ocrx_word' id='word_1_463' title='bbox 408 3979 717 4051; x_wconf 67' lang='lat' dir='ltr'><strong>contagione</strong></span> <span class='ocrx_word' id='word_1_464' title='bbox 744 3989 1006 4047; x_wconf 67' lang='lat' dir='ltr'><strong>praestare.</strong></span> 
     </span>
    </p>
   </div>
   <div class='ocr_carea' id='block_1_69' title="bbox 241 4042 1778 4118">
    <p class='ocr_par' dir='ltr' id='par_1_69' title="bbox 241 4042 1778 4118">
     <span class='ocr_line' id='line_1_70' title="bbox 241 4042 1778 4118; baseline -0.005 -11"><span class='ocrx_word' id='word_1_465' title='bbox 241 4042 643 4108; x_wconf 74' lang='lat' dir='ltr'><strong>Constantinum</strong></span> <span class='ocrx_word' id='word_1_466' title='bbox 670 4042 1040 4118; x_wconf 82' lang='lat' dir='ltr'><strong>Imperatorem</strong></span> <span class='ocrx_word' id='word_1_467' title='bbox 1060 4061 1304 4118; x_wconf 82' lang='lat' dir='ltr'><strong>generum</strong></span> <span class='ocrx_word' id='word_1_468' title='bbox 1328 4060 1495 4118; x_wconf 68' lang='lat' dir='ltr'><strong>suum.</strong></span> <span class='ocrx_word' id='word_1_469' title='bbox 1526 4042 1778 4099; x_wconf 85' lang='lat' dir='ltr'><strong>Faustam</strong></span> 
     </span>
    </p>
   </div>
   <div class='ocr_carea' id='block_1_70' title="bbox 168 4116 1779 4179">
    <p class='ocr_par' dir='ltr' id='par_1_70' title="bbox 168 4116 1779 4179">
     <span class='ocr_line' id='line_1_71' title="bbox 168 4116 1779 4179; baseline -0.007 0"><span class='ocrx_word' id='word_1_470' title='bbox 168 4125 321 4179; x_wconf 88' lang='lat' dir='ltr'><strong>enim</strong></span> <span class='ocrx_word' id='word_1_471' title='bbox 343 4120 657 4178; x_wconf 82' lang='lat' dir='ltr'><strong>Maximiani</strong></span> <span class='ocrx_word' id='word_1_472' title='bbox 685 4116 919 4176; x_wconf 85' lang='lat' dir='ltr'><strong>Herculii</strong></span> <span class='ocrx_word' id='word_1_473' title='bbox 945 4116 1109 4172; x_wconf 81' lang='lat' dir='ltr'><strong>ﬁliain</strong></span> <span class='ocrx_word' id='word_1_474' title='bbox 1154 4116 1400 4172; x_wconf 88' lang='lat' dir='ltr'><strong>duxerat.</strong></span> <span class='ocrx_word' id='word_1_475' title='bbox 1426 4116 1684 4171; x_wconf 75' lang='lat' dir='ltr'><strong>TOINARD.</strong></span> <span class='ocrx_word' id='word_1_476' title='bbox 1707 4144 1779 4155; x_wconf 91' lang='grc'><strong>-</strong></span> 
     </span>
    </p>
   </div>
   <div class='ocr_carea' id='block_1_71' title="bbox 167 4187 1627 4257">
    <p class='ocr_par' dir='ltr' id='par_1_71' title="bbox 167 4187 1627 4257">
     <span class='ocr_line' id='line_1_72' title="bbox 167 4187 1627 4257; baseline -0.008 -7"><span class='ocrx_word' id='word_1_477' title='bbox 167 4194 401 4257; x_wconf 75' lang='lat' dir='ltr'><strong>Legitur</strong></span> <span class='ocrx_word' id='word_1_478' title='bbox 429 4191 692 4247; x_wconf 81' lang='lat' dir='ltr'><strong>mendose</strong></span> <span class='ocrx_word' id='word_1_479' title='bbox 711 4188 1089 4245; x_wconf 89' lang='lat' dir='ltr'><strong>Constantium</strong></span> <span class='ocrx_word' id='word_1_480' title='bbox 1119 4187 1258 4257; x_wconf 90' lang='lat' dir='ltr'><strong>apud</strong></span> <span class='ocrx_word' id='word_1_481' title='bbox 1280 4187 1627 4242; x_wconf 86' lang='lat' dir='ltr'><strong>Toinardum.</strong></span> 
     </span>
    </p>
   </div>
   <div class='ocr_carea' id='block_1_72' title="bbox 295 4257 1778 4333">
    <p class='ocr_par' dir='ltr' id='par_1_72' title="bbox 295 4257 1778 4333">
     <span class='ocr_line' id='line_1_73' title="bbox 295 4257 1778 4333; baseline -0.007 -12"><span class='ocrx_word' id='word_1_482' title='bbox 295 4265 440 4320; x_wconf 86' lang='lat' dir='ltr'><strong>eneri</strong></span> <span class='ocrx_word' id='word_1_483' title='bbox 470 4263 654 4333; x_wconf 81' lang='lat' dir='ltr'><strong>ﬁlium.</strong></span> <span class='ocrx_word' id='word_1_484' title='bbox 686 4260 983 4333; x_wconf 80' lang='lat' dir='ltr'><strong>constantii</strong></span> <span class='ocrx_word' id='word_1_485' title='bbox 1002 4258 1233 4333; x_wconf 35' lang='lat' dir='ltr'><strong>Chlori,</strong></span> <span class='ocrx_word' id='word_1_486' title='bbox 1265 4259 1363 4333; x_wconf 85' lang='lat' dir='ltr'><strong>cui_</strong></span> <span class='ocrx_word' id='word_1_487' title='bbox 1392 4257 1575 4333; x_wconf 77' lang='lat' dir='ltr'><strong>Flavia</strong></span> <span class='ocrx_word' id='word_1_488' title='bbox 1606 4257 1778 4311; x_wconf 79' lang='lat' dir='ltr'><strong>Maxi-</strong></span> 
     </span>
    </p>
   </div>
   <div class='ocr_carea' id='block_1_73' title="bbox 167 4328 1773 4402">
    <p class='ocr_par' dir='ltr' id='par_1_73' title="bbox 167 4328 1773 4402">
     <span class='ocr_line' id='line_1_74' title="bbox 167 4328 1773 4402; baseline -0.007 -10"><span class='ocrx_word' id='word_1_489' title='bbox 167 4339 354 4393; x_wconf 88' lang='lat' dir='ltr'><strong>miana</strong></span> <span class='ocrx_word' id='word_1_490' title='bbox 376 4328 687 4400; x_wconf 81' lang='lat' dir='ltr'><strong>Theodora,</strong></span> <span class='ocrx_word' id='word_1_491' title='bbox 709 4331 954 4402; x_wconf 89' lang='lat' dir='ltr'><strong>ejusdem</strong></span> <span class='ocrx_word' id='word_1_492' title='bbox 1001 4328 1233 4402; x_wconf 83' lang='lat' dir='ltr'><strong>Herculii</strong></span> <span class='ocrx_word' id='word_1_493' title='bbox 1284 4328 1544 4402; x_wconf 82' lang='lat' dir='ltr'><strong>privigna,</strong></span> <span class='ocrx_word' id='word_1_494' title='bbox 1578 4342 1773 4402; x_wconf 81' lang='lat' dir='ltr'><strong>nu_pse-_</strong></span> 
     </span>
    </p>
   </div>
   <div class='ocr_carea' id='block_1_74' title="bbox 166 4396 1780 4470">
    <p class='ocr_par' dir='ltr' id='par_1_74' title="bbox 166 4396 1780 4470">
     <span class='ocr_line' id='line_1_75' title="bbox 166 4396 1780 4470; baseline -0.008 -5"><span class='ocrx_word' id='word_1_495' title='bbox 166 4418 279 4465; x_wconf 85' lang='lat' dir='ltr'><strong>rat.</strong></span> <span class='ocrx_word' id='word_1_496' title='bbox 316 4407 447 4462; x_wconf 89' lang='lat' dir='ltr'><strong>Ideo</strong></span> <span class='ocrx_word' id='word_1_497' title='bbox 490 4396 839 4461; x_wconf 71' lang='lat' dir='ltr'><strong>Constantius</strong></span> <span class='ocrx_word' id='word_1_498' title='bbox 867 4403 1028 4457; x_wconf 90' lang='lat' dir='ltr'><strong>ducta</strong></span> <span class='ocrx_word' id='word_1_499' title='bbox 1067 4396 1582 4470; x_wconf 18' lang='lat' dir='ltr'><strong>privignaﬂltabetur</strong></span> <span class='ocrx_word' id='word_1_500' title='bbox 1605 4396 1780 4454; x_wconf 88' lang='lat' dir='ltr'><strong>vitrici</strong></span> 
     </span>
    </p>
   </div>
   <div class='ocr_carea' id='block_1_75' title="bbox 166 4469 1564 4552">
    <p class='ocr_par' dir='ltr' id='par_1_75' title="bbox 166 4469 1564 4552">
     <span class='ocr_line' id='line_1_76' title="bbox 166 4469 1564 4552; baseline 0.001 -29"><span class='ocrx_word' id='word_1_501' title='bbox 166 4494 362 4552; x_wconf 37' lang='lat' dir='ltr'><strong>gener,</strong></span> <span class='ocrx_word' id='word_1_502' title='bbox 514 4546 526 4552; x_wconf 30' lang='grc' dir='ltr'><strong>Α</strong></span> <span class='ocrx_word' id='word_1_503' title='bbox 606 4545 641 4552; x_wconf 81' lang='lat'><em>_</em></span> <span class='ocrx_word' id='word_1_504' title='bbox 688 4545 723 4552; x_wconf 42' lang='grc' dir='ltr'>η</span> <span class='ocrx_word' id='word_1_505' title='bbox 881 4543 897 4552; x_wconf 88' lang='lat'><em>_</em></span> <span class='ocrx_word' id='word_1_506' title='bbox 954 4543 969 4552; x_wconf 83' lang='lat'><em>_</em></span> <span class='ocrx_word' id='word_1_507' title='bbox 1069 4469 1084 4470; x_wconf 33' lang='grc' dir='ltr'>ί</span> <span class='ocrx_word' id='word_1_508' title='bbox 1199 4469 1228 4552; x_wconf 46' lang='grc' dir='ltr'><em>ξ</em></span> <span class='ocrx_word' id='word_1_509' title='bbox 1290 4469 1564 4552; x_wconf 20' lang='grc' dir='ltr'><strong>ΑΤοιχΑιω.</strong></span> 
     </span>
    </p>
   </div>
   <div class='ocr_carea' id='block_1_76' title="bbox 535 3237 3469 3315">
    <p class='ocr_par' dir='ltr' id='par_1_76' title="bbox 535 3237 3469 3315">
     <span class='ocr_line' id='line_1_77' title="bbox 535 3237 3469 3315; baseline -0.001 -14"><span class='ocrx_word' id='word_1_510' title='bbox 535 3256 614 3303; x_wconf 91' lang='lat' dir='ltr'><strong>nt.</strong></span> <span class='ocrx_word' id='word_1_511' title='bbox 642 3242 851 3301; x_wconf 82' lang='lat' dir='ltr'><strong>lta&#39;ms.</strong></span> <span class='ocrx_word' id='word_1_512' title='bbox 882 3243 1133 3300; x_wconf 87' lang='lat' dir='ltr'><strong>Nonnulli</strong></span> <span class='ocrx_word' id='word_1_513' title='bbox 1163 3243 1385 3299; x_wconf 86' lang='lat' dir='ltr'><strong>mallent</strong></span> <span class='ocrx_word' id='word_1_514' title='bbox 1426 3246 1764 3315; x_wconf 71' lang='lat' dir='ltr'><strong>prrefuerunt.</strong></span> <span class='ocrx_word' id='word_1_515' title='bbox 1798 3246 1846 3310; x_wconf 77' lang='grc' dir='ltr'>ο</span> <span class='ocrx_word' id='word_1_516' title='bbox 1877 3257 2004 3315; x_wconf 87' lang='lat' dir='ltr'><strong>n_um</strong></span> <span class='ocrx_word' id='word_1_517' title='bbox 2058 3255 2166 3315; x_wconf 86' lang='lat' dir='ltr'><strong>non</strong></span> <span class='ocrx_word' id='word_1_518' title='bbox 2213 3240 2485 3315; x_wconf 72' lang='lat' dir='ltr'><strong>reperies;</strong></span> <span class='ocrx_word' id='word_1_519' title='bbox 2537 3246 2593 3296; x_wconf 91' lang='lat' dir='ltr'><strong>et</strong></span> <span class='ocrx_word' id='word_1_520' title='bbox 2621 3237 2798 3315; x_wconf 84' lang='lat' dir='ltr'><strong>hausit</strong></span> <span class='ocrx_word' id='word_1_521' title='bbox 2826 3254 2855 3293; x_wconf 92' lang='lat' dir='ltr'><strong>a</strong></span> <span class='ocrx_word' id='word_1_522' title='bbox 2881 3238 3142 3315; x_wconf 74' lang='lat' dir='ltr'><strong>Cicerone</strong></span> <span class='ocrx_word' id='word_1_523' title='bbox 3171 3250 3226 3298; x_wconf 89' lang='lat' dir='ltr'><strong>et</strong></span> <span class='ocrx_word' id='word_1_524' title='bbox 3245 3242 3469 3313; x_wconf 85' lang='lat' dir='ltr'><strong>Virgilio</strong></span> 
     </span>
    </p>
   </div>
   <div class='ocr_carea' id='block_1_77' title="bbox 1881 3312 3475 3384">
    <p class='ocr_par' dir='ltr' id='par_1_77' title="bbox 1881 3312 3475 3384">
     <span class='ocr_line' id='line_1_78' title="bbox 1881 3312 3475 3384; baseline -0.001 -13"><span class='ocrx_word' id='word_1_525' title='bbox 1881 3312 2129 3384; x_wconf 81' lang='lat' dir='ltr'><strong>Georgio.</strong></span> <span class='ocrx_word' id='word_1_526' title='bbox 2157 3329 2206 3384; x_wconf 70' lang='grc' dir='ltr'><strong>ι,</strong></span> <span class='ocrx_word' id='word_1_527' title='bbox 2237 3327 2290 3365; x_wconf 92' lang='lat' dir='ltr'><strong>v.</strong></span> <span class='ocrx_word' id='word_1_528' title='bbox 2321 3312 2443 3384; x_wconf 57' lang='grc'><strong>561,</strong></span> <span class='ocrx_word' id='word_1_529' title='bbox 2474 3325 2660 3384; x_wconf 81' lang='lat' dir='ltr'><strong>eorum</strong></span> <span class='ocrx_word' id='word_1_530' title='bbox 2689 3312 2926 3367; x_wconf 88' lang='lat' dir='ltr'><strong>imitator</strong></span> <span class='ocrx_word' id='word_1_531' title='bbox 2946 3312 3248 3368; x_wconf 88' lang='lat' dir='ltr'><strong>Firmianus</strong></span> <span class='ocrx_word' id='word_1_532' title='bbox 3274 3312 3475 3369; x_wconf 79' lang='lat' dir='ltr'><strong>noster.</strong></span> 
     </span>
    </p>
   </div>
   <div class='ocr_carea' id='block_1_78' title="bbox 1958 3382 2690 3439">
    <p class='ocr_par' dir='ltr' id='par_1_78' title="bbox 1958 3382 2690 3439">
     <span class='ocr_line' id='line_1_79' title="bbox 1958 3382 2690 3439; baseline -0.004 -1"><span class='ocrx_word' id='word_1_533' title='bbox 1958 3382 2151 3439; x_wconf 82' lang='lat' dir='ltr'><strong>Homo.</strong></span> <span class='ocrx_word' id='word_1_534' title='bbox 2179 3382 2357 3438; x_wconf 89' lang='lat' dir='ltr'><strong>Senex</strong></span> <span class='ocrx_word' id='word_1_535' title='bbox 2391 3382 2690 3437; x_wconf 89' lang='lat' dir='ltr'><strong>Herculius.</strong></span> 
     </span>
    </p>
   </div>
   <div class='ocr_carea' id='block_1_79' title="bbox 1957 3451 3476 3524">
    <p class='ocr_par' dir='ltr' id='par_1_79' title="bbox 1957 3451 3476 3524">
     <span class='ocr_line' id='line_1_80' title="bbox 1957 3451 3476 3524; baseline 0.001 -15"><span class='ocrx_word' id='word_1_536' title='bbox 1957 3454 2082 3509; x_wconf 88' lang='lat' dir='ltr'><strong>Non</strong></span> <span class='ocrx_word' id='word_1_537' title='bbox 2102 3455 2315 3524; x_wconf 76' lang='lat' dir='ltr'><strong>deceret.</strong></span> <span class='ocrx_word' id='word_1_538' title='bbox 2358 3451 2493 3520; x_wconf 84' lang='lat' dir='ltr'><strong>Quia</strong></span> <span class='ocrx_word' id='word_1_539' title='bbox 2521 3451 2905 3524; x_wconf 79' lang='lat' dir='ltr'><strong>Constantinus</strong></span> <span class='ocrx_word' id='word_1_540' title='bbox 2931 3469 3097 3524; x_wconf 88' lang='lat' dir='ltr'><strong>gener</strong></span> <span class='ocrx_word' id='word_1_541' title='bbox 3131 3463 3245 3509; x_wconf 88' lang='lat' dir='ltr'><strong>erat</strong></span> <span class='ocrx_word' id='word_1_542' title='bbox 3271 3454 3476 3510; x_wconf 85' lang='lat' dir='ltr'><strong>Hercu-</strong></span> 
     </span>
    </p>
   </div>
   <div class='ocr_carea' id='block_1_80' title="bbox 1885 3523 3481 3596">
    <p class='ocr_par' dir='ltr' id='par_1_80' title="bbox 1885 3523 3481 3596">
     <span class='ocr_line' id='line_1_81' title="bbox 1885 3523 3481 3596; baseline 0.001 -16"><span class='ocrx_word' id='word_1_543' title='bbox 1885 3525 1967 3596; x_wconf 81' lang='lat' dir='ltr'><strong>lii,</strong></span> <span class='ocrx_word' id='word_1_544' title='bbox 1995 3539 2153 3596; x_wconf 87' lang='lat' dir='ltr'><strong>quem</strong></span> <span class='ocrx_word' id='word_1_545' title='bbox 2175 3523 2576 3596; x_wconf 90' lang='lat' dir='ltr'><strong>quodammodo</strong></span> <span class='ocrx_word' id='word_1_546' title='bbox 2604 3537 2711 3579; x_wconf 87' lang='lat' dir='ltr'><strong>non</strong></span> <span class='ocrx_word' id='word_1_547' title='bbox 2737 3523 2982 3591; x_wconf 83' lang='lat' dir='ltr'><strong>decebat,</strong></span> <span class='ocrx_word' id='word_1_548' title='bbox 3004 3535 3061 3579; x_wconf 91' lang='lat' dir='ltr'><strong>ut</strong></span> <span class='ocrx_word' id='word_1_549' title='bbox 3086 3525 3252 3581; x_wconf 90' lang='lat' dir='ltr'><strong>Socer</strong></span> <span class='ocrx_word' id='word_1_550' title='bbox 3276 3540 3481 3596; x_wconf 90' lang='lat' dir='ltr'><strong>genero</strong></span> 
     </span>
    </p>
   </div>
   <div class='ocr_carea' id='block_1_81' title="bbox 1884 3595 2363 3653">
    <p class='ocr_par' dir='ltr' id='par_1_81' title="bbox 1884 3595 2363 3653">
     <span class='ocr_line' id='line_1_82' title="bbox 1884 3595 2363 3653; baseline -0.008 0"><span class='ocrx_word' id='word_1_551' title='bbox 1884 3595 2089 3653; x_wconf 87' lang='lat' dir='ltr'><strong>belium</strong></span> <span class='ocrx_word' id='word_1_552' title='bbox 2120 3595 2363 3650; x_wconf 89' lang='lat' dir='ltr'><strong>inferret.</strong></span> 
     </span>
    </p>
   </div>
   <div class='ocr_carea' id='block_1_82' title="bbox 1958 3664 3482 3792">
    <p class='ocr_par' dir='ltr' id='par_1_82' title="bbox 1958 3664 3482 3792">
     <span class='ocr_line' id='line_1_83' title="bbox 1958 3664 3482 3792; baseline 0.001 -71"><span class='ocrx_word' id='word_1_553' title='bbox 1958 3668 2165 3792; x_wconf 32' lang='lat' dir='ltr'><strong>ittotergo</strong></span> <span class='ocrx_word' id='word_1_554' title='bbox 2185 3667 2316 3737; x_wconf 88' lang='lat' dir='ltr'><strong>ejus.</strong></span> <span class='ocrx_word' id='word_1_555' title='bbox 2359 3664 2419 3722; x_wconf 89' lang='lat' dir='ltr'><strong>Id</strong></span> <span class='ocrx_word' id='word_1_556' title='bbox 2453 3673 2567 3732; x_wconf 87' lang='lat' dir='ltr'><strong>est,</strong></span> <span class='ocrx_word' id='word_1_557' title='bbox 2597 3674 2769 3738; x_wconf 58' lang='lat' dir='ltr'><strong>portae</strong></span> <span class='ocrx_word' id='word_1_558' title='bbox 2789 3680 2908 3735; x_wconf 70' lang='lat' dir='ltr'><strong>qua:</strong></span> <span class='ocrx_word' id='word_1_559' title='bbox 2929 3680 2958 3720; x_wconf 90' lang='lat' dir='ltr'><strong>a</strong></span> <span class='ocrx_word' id='word_1_560' title='bbox 2990 3675 3141 3735; x_wconf 84' lang='lat' dir='ltr'><strong>tergo</strong></span> <span class='ocrx_word' id='word_1_561' title='bbox 3167 3676 3319 3721; x_wconf 89' lang='lat' dir='ltr'><strong>erant</strong></span> <span class='ocrx_word' id='word_1_562' title='bbox 3342 3665 3482 3723; x_wconf 83' lang='lat' dir='ltr'><strong>Her-</strong></span> 
     </span>
     <span class='ocr_line' id='line_1_84' title="bbox 1982 3755 2038 3792; baseline -0.018 0"><span class='ocrx_word' id='word_1_563' title='bbox 1982 3755 2038 3792; x_wconf 86' lang='grc' dir='ltr'><strong>ιι.</strong></span> 
     </span>
    </p>
   </div>
   <div class='ocr_carea' id='block_1_83' title="bbox 1886 3751 2038 3794">
    <p class='ocr_par' dir='ltr' id='par_1_83' title="bbox 1886 3751 2038 3794">
     <span class='ocr_line' id='line_1_85' title="bbox 1886 3751 2038 3794; baseline -0.02 0"><span class='ocrx_word' id='word_1_564' title='bbox 1886 3751 2038 3794; x_wconf 79' lang='lat' dir='ltr'><strong>CIII&quot;.</strong></span> 
     </span>
    </p>
   </div>
   <div class='ocr_carea' id='block_1_84' title="bbox 1885 3805 2559 3863">
    <p class='ocr_par' dir='ltr' id='par_1_84' title="bbox 1885 3805 2559 3863">
     <span class='ocr_line' id='line_1_86' title="bbox 1885 3805 2559 3863; baseline 0 -2"><span class='ocrx_word' id='word_1_565' title='bbox 1885 3856 1890 3861; x_wconf 93' lang='lat'><strong>.</strong></span> <span class='ocrx_word' id='word_1_566' title='bbox 1956 3809 2169 3863; x_wconf 76' lang='lat' dir='ltr'><strong>Milites.</strong></span> <span class='ocrx_word' id='word_1_567' title='bbox 2200 3805 2559 3863; x_wconf 86' lang='lat' dir='ltr'><strong>Constantini.</strong></span> 
     </span>
    </p>
   </div>
   <div class='ocr_carea' id='block_1_85' title="bbox 1956 3876 3482 3950">
    <p class='ocr_par' dir='ltr' id='par_1_85' title="bbox 1956 3876 3482 3950">
     <span class='ocr_line' id='line_1_87' title="bbox 1956 3876 3482 3950; baseline 0.003 -17"><span class='ocrx_word' id='word_1_568' title='bbox 1956 3878 2115 3934; x_wconf 89' lang='lat' dir='ltr'><strong>Pater</strong></span> <span class='ocrx_word' id='word_1_569' title='bbox 2143 3880 2351 3950; x_wconf 73' lang='lat' dir='ltr'><strong>impius.</strong></span> <span class='ocrx_word' id='word_1_570' title='bbox 2379 3876 2557 3945; x_wconf 86' lang='lat' dir='ltr'><strong>Pater,</strong></span> <span class='ocrx_word' id='word_1_571' title='bbox 2584 3877 2792 3934; x_wconf 85' lang='lat' dir='ltr'><strong>scilicet</strong></span> <span class='ocrx_word' id='word_1_572' title='bbox 2810 3878 3043 3942; x_wconf 67' lang='lat' dir='ltr'><strong>Faustae.</strong></span> <span class='ocrx_word' id='word_1_573' title='bbox 3066 3893 3226 3949; x_wconf 88' lang='lat' dir='ltr'><strong>quam</strong></span> <span class='ocrx_word' id='word_1_574' title='bbox 3255 3893 3482 3937; x_wconf 83' lang='lat' dir='ltr'><strong>uxorem</strong></span> 
     </span>
    </p>
   </div>
   <div class='ocr_carea' id='block_1_86' title="bbox 1893 3947 3337 4020">
    <p class='ocr_par' dir='ltr' id='par_1_86' title="bbox 1893 3947 3337 4020">
     <span class='ocr_line' id='line_1_88' title="bbox 1893 3947 3337 4020; baseline 0.001 -16"><span class='ocrx_word' id='word_1_575' title='bbox 1893 3949 2122 4005; x_wconf 88' lang='lat' dir='ltr'><strong>duxerat</strong></span> <span class='ocrx_word' id='word_1_576' title='bbox 2145 3947 2563 4010; x_wconf 84' lang='lat' dir='ltr'><strong>Constantinus;</strong></span> <span class='ocrx_word' id='word_1_577' title='bbox 2590 3950 2812 4020; x_wconf 89' lang='lat' dir='ltr'><strong>impius,</strong></span> <span class='ocrx_word' id='word_1_578' title='bbox 2845 3950 2969 4020; x_wconf 87' lang='lat' dir='ltr'><strong>quia</strong></span> <span class='ocrx_word' id='word_1_579' title='bbox 2997 3947 3337 4006; x_wconf 80' lang='lat' dir='ltr'><strong>inhumanus.</strong></span> 
     </span>
    </p>
   </div>
   <div class='ocr_carea' id='block_1_87' title="bbox 1955 4019 3479 4091">
    <p class='ocr_par' dir='ltr' id='par_1_87' title="bbox 1955 4019 3479 4091">
     <span class='ocr_line' id='line_1_89' title="bbox 1955 4019 3479 4091; baseline 0.003 -18"><span class='ocrx_word' id='word_1_580' title='bbox 1955 4021 2119 4074; x_wconf 80' lang='lat' dir='ltr'><strong>Audit</strong></span> <span class='ocrx_word' id='word_1_581' title='bbox 2150 4020 2341 4075; x_wconf 85' lang='lat' dir='ltr'><strong>scelera</strong></span> <span class='ocrx_word' id='word_1_582' title='bbox 2362 4035 2475 4088; x_wconf 75' lang='lat' dir='ltr'><strong>qua:</strong></span> <span class='ocrx_word' id='word_1_583' title='bbox 2502 4019 2969 4091; x_wconf 71' lang='lat' dir='ltr'><strong>fecit._E|eganter</strong></span> <span class='ocrx_word' id='word_1_584' title='bbox 2988 4023 3056 4076; x_wconf 91' lang='lat' dir='ltr'><strong>de</strong></span> <span class='ocrx_word' id='word_1_585' title='bbox 3086 4022 3339 4077; x_wconf 86' lang='lat' dir='ltr'><strong>obnoxio.</strong></span> <span class='ocrx_word' id='word_1_586' title='bbox 3387 4022 3479 4078; x_wconf 88' lang='lat' dir='ltr'><strong>Sic</strong></span> 
     </span>
    </p>
   </div>
   <div class='ocr_carea' id='block_1_88' title="bbox 1882 4089 3485 4164">
    <p class='ocr_par' dir='ltr' id='par_1_88' title="bbox 1882 4089 3485 4164">
     <span class='ocr_line' id='line_1_90' title="bbox 1882 4089 3485 4164; baseline -0.001 -17"><span class='ocrx_word' id='word_1_587' title='bbox 1882 4090 2224 4164; x_wconf 69' lang='lat' dir='ltr'><strong>Lactantius,</strong></span> <span class='ocrx_word' id='word_1_588' title='bbox 2255 4091 2347 4145; x_wconf 91' lang='lat' dir='ltr'><strong>lib.</strong></span> <span class='ocrx_word' id='word_1_589' title='bbox 2378 4106 2411 4144; x_wconf 88' lang='lat' dir='ltr'><strong>v</strong></span> <span class='ocrx_word' id='word_1_590' title='bbox 2443 4090 2614 4164; x_wconf 87' lang='lat' dir='ltr'><strong>Divin.</strong></span> <span class='ocrx_word' id='word_1_591' title='bbox 2646 4089 2879 4147; x_wconf 77' lang='lat' dir='ltr'><strong>lnstitut.</strong></span> <span class='ocrx_word' id='word_1_592' title='bbox 2907 4133 2923 4159; x_wconf 94' lang='lat'><strong>,</strong></span> <span class='ocrx_word' id='word_1_593' title='bbox 2971 4107 3092 4164; x_wconf 88' lang='lat' dir='ltr'><strong>cap.</strong></span> <span class='ocrx_word' id='word_1_594' title='bbox 3137 4092 3204 4148; x_wconf 77' lang='lat' dir='ltr'><strong>I9</strong></span> <span class='ocrx_word' id='word_1_595' title='bbox 3258 4112 3271 4146; x_wconf 89' lang='lat'><strong>:</strong></span> <span class='ocrx_word' id='word_1_596' title='bbox 3325 4094 3485 4148; x_wconf 79' lang='lat' dir='ltr'><strong>Audit</strong></span> 
     </span>
    </p>
   </div>
   <div class='ocr_carea' id='block_1_89' title="bbox 1883 4160 2641 4232">
    <p class='ocr_par' dir='ltr' id='par_1_89' title="bbox 1883 4160 2641 4232">
     <span class='ocr_line' id='line_1_91' title="bbox 1883 4160 2641 4232; baseline -0.001 -17"><span class='ocrx_word' id='word_1_597' title='bbox 1883 4178 1999 4232; x_wconf 74' lang='lat' dir='ltr'><strong>qua:</strong></span> <span class='ocrx_word' id='word_1_598' title='bbox 2022 4162 2100 4217; x_wconf 92' lang='lat' dir='ltr'><strong>illi</strong></span> <span class='ocrx_word' id='word_1_599' title='bbox 2123 4160 2266 4217; x_wconf 89' lang='lat' dir='ltr'><strong>Deus</strong></span> <span class='ocrx_word' id='word_1_600' title='bbox 2287 4162 2641 4232; x_wconf 67' lang='lat' dir='ltr'><strong>committetur.</strong></span> 
     </span>
    </p>
   </div>
   <div class='ocr_carea' id='block_1_90' title="bbox 1959 4230 3487 4306">
    <p class='ocr_par' dir='ltr' id='par_1_90' title="bbox 1959 4230 3487 4306">
     <span class='ocr_line' id='line_1_92' title="bbox 1959 4230 3487 4306; baseline 0.003 -20"><span class='ocrx_word' id='word_1_601' title='bbox 1959 4234 2257 4287; x_wconf 78' lang='lat' dir='ltr'><strong>Detraliitur</strong></span> <span class='ocrx_word' id='word_1_602' title='bbox 2281 4233 2327 4287; x_wconf 87' lang='lat' dir='ltr'><strong>ei</strong></span> <span class='ocrx_word' id='word_1_603' title='bbox 2355 4234 2526 4289; x_wconf 79' lang='lat' dir='ltr'><strong>uestis.</strong></span> <span class='ocrx_word' id='word_1_604' title='bbox 2549 4230 2895 4304; x_wconf 87' lang='lat' dir='ltr'><strong>lmperatoria</strong></span> <span class='ocrx_word' id='word_1_605' title='bbox 2917 4233 3143 4301; x_wconf 87' lang='lat' dir='ltr'><strong>scilicet,</strong></span> <span class='ocrx_word' id='word_1_606' title='bbox 3161 4234 3214 4290; x_wconf 94' lang='lat' dir='ltr'><strong>id</strong></span> <span class='ocrx_word' id='word_1_607' title='bbox 3232 4243 3335 4303; x_wconf 89' lang='lat' dir='ltr'><strong>est,</strong></span> <span class='ocrx_word' id='word_1_608' title='bbox 3359 4250 3487 4306; x_wconf 90' lang='lat' dir='ltr'><strong>pur-</strong></span> 
     </span>
    </p>
   </div>
   <div class='ocr_carea' id='block_1_91' title="bbox 1884 4319 2038 4375">
    <p class='ocr_par' dir='ltr' id='par_1_91' title="bbox 1884 4319 2038 4375">
     <span class='ocr_line' id='line_1_93' title="bbox 1884 4319 2038 4375; baseline -0.013 -15"><span class='ocrx_word' id='word_1_609' title='bbox 1884 4319 2038 4375; x_wconf 88' lang='lat' dir='ltr'><strong>pura.</strong></span> 
     </span>
    </p>
   </div>
   <div class='ocr_carea' id='block_1_92' title="bbox 1959 4395 3483 4468">
    <p class='ocr_par' dir='ltr' id='par_1_92' title="bbox 1959 4395 3483 4468">
     <span class='ocr_line' id='line_1_94' title="bbox 1959 4395 3483 4468; baseline 0.003 -18"><span class='ocrx_word' id='word_1_610' title='bbox 1959 4395 2653 4468; x_wconf 86' lang='lat' dir='ltr'><strong>Humilitatisimpatiens.ld</strong></span> <span class='ocrx_word' id='word_1_611' title='bbox 2681 4404 2783 4466; x_wconf 89' lang='lat' dir='ltr'><strong>est,</strong></span> <span class='ocrx_word' id='word_1_612' title='bbox 2814 4397 3041 4468; x_wconf 72' lang='lat' dir='ltr'><strong>ahjeclre</strong></span> <span class='ocrx_word' id='word_1_613' title='bbox 3069 4406 3123 4453; x_wconf 91' lang='lat' dir='ltr'><strong>et</strong></span> <span class='ocrx_word' id='word_1_614' title='bbox 3148 4398 3270 4454; x_wconf 89' lang='lat' dir='ltr'><strong>vilis</strong></span> <span class='ocrx_word' id='word_1_615' title='bbox 3293 4400 3483 4455; x_wconf 83' lang='lat' dir='ltr'><strong>condi-</strong></span> 
     </span>
    </p>
   </div>
   <div class='ocr_carea' id='block_1_93' title="bbox 1886 4466 3485 4541">
    <p class='ocr_par' dir='ltr' id='par_1_93' title="bbox 1886 4466 3485 4541">
     <span class='ocr_line' id='line_1_95' title="bbox 1886 4466 3485 4541; baseline 0.003 -19"><span class='ocrx_word' id='word_1_616' title='bbox 1886 4466 2061 4541; x_wconf 84' lang='lat' dir='ltr'><strong>tionis</strong></span> <span class='ocrx_word' id='word_1_617' title='bbox 2091 4466 2398 4541; x_wconf 81' lang='lat' dir='ltr'><strong>impatiens.</strong></span> <span class='ocrx_word' id='word_1_618' title='bbox 2456 4469 2528 4523; x_wconf 90' lang='lat' dir='ltr'><strong>Ita</strong></span> <span class='ocrx_word' id='word_1_619' title='bbox 2577 4484 2727 4541; x_wconf 84' lang='lat' dir='ltr'><strong>more</strong></span> <span class='ocrx_word' id='word_1_620' title='bbox 2777 4466 3017 4525; x_wconf 76' lang='lat' dir='ltr'><strong>veterum</strong></span> <span class='ocrx_word' id='word_1_621' title='bbox 3064 4469 3215 4537; x_wconf 91' lang='lat' dir='ltr'><strong>Cic.,</strong></span> <span class='ocrx_word' id='word_1_622' title='bbox 3243 4485 3362 4541; x_wconf 87' lang='lat' dir='ltr'><strong>cap.</strong></span> <span class='ocrx_word' id='word_1_623' title='bbox 3396 4473 3485 4538; x_wconf 82' lang='grc'><strong>18,</strong></span> 
     </span>
    </p>
   </div>
   <div class='ocr_carea' id='block_1_94' title="bbox 243 4539 2888 4621">
    <p class='ocr_par' dir='ltr' id='par_1_94' title="bbox 243 4539 2888 4621">
     <span class='ocr_line' id='line_1_96' title="bbox 243 4539 2888 4621; baseline -0.004 -18"><span class='ocrx_word' id='word_1_624' title='bbox 243 4549 387 4605; x_wconf 85' lang='lat' dir='ltr'><strong>Dolo</strong></span> <span class='ocrx_word' id='word_1_625' title='bbox 418 4546 576 4621; x_wconf 77' lang='lat' dir='ltr'><strong>malo.</strong></span> <span class='ocrx_word' id='word_1_626' title='bbox 606 4545 723 4621; x_wconf 86' lang='lat' dir='ltr'><strong>Doli</strong></span> <span class='ocrx_word' id='word_1_627' title='bbox 747 4543 1008 4602; x_wconf 85' lang='lat' dir='ltr'><strong>vocabulo</strong></span> <span class='ocrx_word' id='word_1_628' title='bbox 1029 4555 1171 4621; x_wconf 77' lang='lat' dir='ltr'><strong>nunc</strong></span> <span class='ocrx_word' id='word_1_629' title='bbox 1193 4542 1475 4621; x_wconf 69' lang='lat' dir='ltr'><strong>tantumin</strong></span> <span class='ocrx_word' id='word_1_630' title='bbox 1500 4539 1656 4621; x_wconf 76' lang='lat' dir='ltr'><strong>malis</strong></span> <span class='ocrx_word' id='word_1_631' title='bbox 1678 4539 1783 4621; x_wconf 84' lang='lat' dir='ltr'><strong>nti-</strong></span> <span class='ocrx_word' id='word_1_632' title='bbox 1807 4560 1862 4621; x_wconf 80' lang='lat' dir='ltr'><strong>D</strong></span> <span class='ocrx_word' id='word_1_633' title='bbox 1886 4552 2014 4621; x_wconf 48' lang='lat' dir='ltr'><strong>cap.-</strong></span> <span class='ocrx_word' id='word_1_634' title='bbox 2035 4540 2136 4621; x_wconf 32' lang='grc' dir='ltr'><strong>ἄξῃ</strong></span> <span class='ocrx_word' id='word_1_635' title='bbox 2158 4548 2225 4621; x_wconf 9' lang='lat' dir='ltr'><strong>ct;</strong></span> <span class='ocrx_word' id='word_1_636' title='bbox 2241 4539 2336 4595; x_wconf 93' lang='lat' dir='ltr'><strong>lib.</strong></span> <span class='ocrx_word' id='word_1_637' title='bbox 2366 4554 2444 4621; x_wconf 81' lang='lat' dir='ltr'><strong>vt,</strong></span> <span class='ocrx_word' id='word_1_638' title='bbox 2475 4554 2593 4621; x_wconf 76' lang='lat' dir='ltr'><strong>cap.</strong></span> <span class='ocrx_word' id='word_1_639' title='bbox 2618 4541 2672 4595; x_wconf 75' lang='grc'><strong>4.</strong></span> <span class='ocrx_word' id='word_1_640' title='bbox 2698 4540 2850 4621; x_wconf 43' lang='lat' dir='ltr'><strong>Itum.</strong></span> <span class='ocrx_word' id='word_1_641' title='bbox 2874 4557 2888 4570; x_wconf 72' lang='grc' dir='ltr'><em>ο</em></span> 
     </span>
    </p>
   </div>
   <div class='ocr_carea' id='block_1_95' title="bbox 168 4610 1781 4688">
    <p class='ocr_par' dir='ltr' id='par_1_95' title="bbox 168 4610 1781 4688">
     <span class='ocr_line' id='line_1_97' title="bbox 168 4610 1781 4688; baseline -0.007 -12"><span class='ocrx_word' id='word_1_642' title='bbox 168 4636 299 4676; x_wconf 89' lang='lat' dir='ltr'><strong>mur</strong></span> <span class='ocrx_word' id='word_1_643' title='bbox 326 4639 339 4675; x_wconf 89' lang='lat'>:</span> <span class='ocrx_word' id='word_1_644' title='bbox 363 4619 508 4688; x_wconf 90' lang='lat' dir='ltr'><strong>apud</strong></span> <span class='ocrx_word' id='word_1_645' title='bbox 536 4617 788 4688; x_wconf 87' lang='lat' dir='ltr'><strong>antiquos</strong></span> <span class='ocrx_word' id='word_1_646' title='bbox 814 4625 994 4688; x_wconf 81' lang='lat' dir='ltr'><strong>autem</strong></span> <span class='ocrx_word' id='word_1_647' title='bbox 1024 4613 1200 4688; x_wconf 83' lang='lat' dir='ltr'><strong>etiam</strong></span> <span class='ocrx_word' id='word_1_648' title='bbox 1218 4613 1272 4667; x_wconf 92' lang='lat' dir='ltr'><strong>in</strong></span> <span class='ocrx_word' id='word_1_649' title='bbox 1296 4612 1452 4688; x_wconf 72' lang='lat' dir='ltr'><strong>bonis</strong></span> <span class='ocrx_word' id='word_1_650' title='bbox 1477 4610 1640 4688; x_wconf 81' lang='lat' dir='ltr'><strong>rebus</strong></span> <span class='ocrx_word' id='word_1_651' title='bbox 1661 4618 1781 4665; x_wconf 87' lang='lat' dir='ltr'><strong>ute-</strong></span> 
     </span>
    </p>
   </div>
   <div class='ocr_carea' id='block_1_96' title="bbox 170 4681 1780 4757">
    <p class='ocr_par' dir='ltr' id='par_1_96' title="bbox 170 4681 1780 4757">
     <span class='ocr_line' id='line_1_98' title="bbox 170 4681 1780 4757; baseline -0.006 -11"><span class='ocrx_word' id='word_1_652' title='bbox 170 4681 416 4757; x_wconf 70' lang='lat' dir='ltr'><strong>hamur;</strong></span> <span class='ocrx_word' id='word_1_653' title='bbox 466 4688 611 4744; x_wconf 87' lang='lat' dir='ltr'><strong>unde</strong></span> <span class='ocrx_word' id='word_1_654' title='bbox 662 4681 839 4742; x_wconf 79' lang='lat' dir='ltr'><strong>adhuc</strong></span> <span class='ocrx_word' id='word_1_655' title='bbox 887 4685 1119 4757; x_wconf 83' lang='lat' dir='ltr'><strong>dicimus</strong></span> <span class='ocrx_word' id='word_1_656' title='bbox 1159 4685 1277 4738; x_wconf 89' lang='lat' dir='ltr'><strong>sine</strong></span> <span class='ocrx_word' id='word_1_657' title='bbox 1323 4681 1453 4738; x_wconf 92' lang='lat' dir='ltr'><strong>dolo</strong></span> <span class='ocrx_word' id='word_1_658' title='bbox 1500 4682 1780 4757; x_wconf 54' lang='lat' dir='ltr'><strong>maximo:</strong></span> 
     </span>
    </p>
   </div>
   <div class='ocr_carea' id='block_1_97' title="bbox 168 4752 1675 4830">
    <p class='ocr_par' dir='ltr' id='par_1_97' title="bbox 168 4752 1675 4830">
     <span class='ocr_line' id='line_1_99' title="bbox 168 4752 1675 4830; baseline -0.009 -11"><span class='ocrx_word' id='word_1_659' title='bbox 168 4752 438 4819; x_wconf 82' lang='lat' dir='ltr'><strong>nimirum</strong></span> <span class='ocrx_word' id='word_1_660' title='bbox 461 4760 586 4830; x_wconf 88' lang='lat' dir='ltr'><strong>quia</strong></span> <span class='ocrx_word' id='word_1_661' title='bbox 616 4758 723 4814; x_wconf 89' lang='lat' dir='ltr'><strong>dici</strong></span> <span class='ocrx_word' id='word_1_662' title='bbox 753 4756 964 4830; x_wconf 82' lang='lat' dir='ltr'><strong>solebat</strong></span> <span class='ocrx_word' id='word_1_663' title='bbox 990 4764 1033 4809; x_wconf 86' lang='lat' dir='ltr'><strong>et</strong></span> <span class='ocrx_word' id='word_1_664' title='bbox 1059 4754 1267 4830; x_wconf 58' lang='lat' dir='ltr'><strong>Bonus.</strong></span> <span class='ocrx_word' id='word_1_665' title='bbox 1385 4823 1403 4830; x_wconf 86' lang='lat'>_</span> <span class='ocrx_word' id='word_1_666' title='bbox 1543 4752 1675 4830; x_wconf 59' lang='lat' dir='ltr'><strong>Eun.</strong></span> 
     </span>
    </p>
   </div>
   <div class='ocr_carea' id='block_1_98' title="bbox 245 4822 1786 4901">
    <p class='ocr_par' dir='ltr' id='par_1_98' title="bbox 245 4822 1786 4901">
     <span class='ocr_line' id='line_1_100' title="bbox 245 4822 1786 4901; baseline -0.007 -12"><span class='ocrx_word' id='word_1_667' title='bbox 245 4822 581 4889; x_wconf 58' lang='lat' dir='ltr'><strong>Francormm</strong></span> <span class='ocrx_word' id='word_1_668' title='bbox 604 4846 725 4901; x_wconf 84' lang='lat' dir='ltr'><strong>gens</strong></span> <span class='ocrx_word' id='word_1_669' title='bbox 746 4828 977 4901; x_wconf 47' lang='lat' dir='ltr'><strong>inﬁrmis</strong></span> <span class='ocrx_word' id='word_1_670' title='bbox 1000 4826 1228 4901; x_wconf 33' lang='lat' dir='ltr'><strong>erat.‘De</strong></span> <span class='ocrx_word' id='word_1_671' title='bbox 1245 4824 1357 4901; x_wconf 64' lang='lat' dir='ltr'><strong>hoc</strong></span> <span class='ocrx_word' id='word_1_672' title='bbox 1383 4823 1518 4901; x_wconf 81' lang='lat' dir='ltr'><strong>forte</strong></span> <span class='ocrx_word' id='word_1_673' title='bbox 1544 4822 1786 4901; x_wconf 61' lang='lat' dir='ltr'><strong>Franco-</strong></span> 
     </span>
    </p>
   </div>
   <div class='ocr_carea' id='block_1_99' title="bbox 167 4893 1781 4973">
    <p class='ocr_par' dir='ltr' id='par_1_99' title="bbox 167 4893 1781 4973">
     <span class='ocr_line' id='line_1_101' title="bbox 167 4893 1781 4973; baseline -0.008 -11"><span class='ocrx_word' id='word_1_674' title='bbox 167 4923 296 4962; x_wconf 88' lang='lat' dir='ltr'><strong>rum</strong></span> <span class='ocrx_word' id='word_1_675' title='bbox 336 4904 486 4960; x_wconf 88' lang='lat' dir='ltr'><strong>bello</strong></span> <span class='ocrx_word' id='word_1_676' title='bbox 518 4893 755 4973; x_wconf 69' lang='lat' dir='ltr'><strong>loquitur</strong></span> <span class='ocrx_word' id='word_1_677' title='bbox 787 4898 988 4954; x_wconf 84' lang='lat' dir='ltr'><strong>Euseb.</strong></span> <span class='ocrx_word' id='word_1_678' title='bbox 1016 4898 1069 4952; x_wconf 93' lang='lat' dir='ltr'><strong>in</strong></span> <span class='ocrx_word' id='word_1_679' title='bbox 1102 4895 1210 4950; x_wconf 88' lang='lat' dir='ltr'><strong>vita</strong></span> <span class='ocrx_word' id='word_1_680' title='bbox 1238 4893 1574 4951; x_wconf 89' lang='lat' dir='ltr'><strong>Constantini</strong></span> <span class='ocrx_word' id='word_1_681' title='bbox 1606 4893 1699 4949; x_wconf 89' lang='lat' dir='ltr'><strong>lib.</strong></span> <span class='ocrx_word' id='word_1_682' title='bbox 1730 4910 1781 4962; x_wconf 87' lang='grc' dir='ltr'><strong>ι,</strong></span> 
     </span>
    </p>
   </div>
   <div class='ocr_carea' id='block_1_100' title="bbox 170 4977 1709 5047">
    <p class='ocr_par' dir='ltr' id='par_1_100' title="bbox 170 4977 1709 5047">
     <span class='ocr_line' id='line_1_102' title="bbox 170 4977 1709 5047; baseline 0.011 -18"><span class='ocrx_word' id='word_1_683' title='bbox 170 4977 495 5047; x_wconf 75' lang='lat' dir='ltr'><strong>cap.25._</strong></span> <span class='ocrx_word' id='word_1_684' title='bbox 588 5042 644 5047; x_wconf 90' lang='lat'>__</span> <span class='ocrx_word' id='word_1_685' title='bbox 810 5040 852 5047; x_wconf 89' lang='lat'>__</span> <span class='ocrx_word' id='word_1_686' title='bbox 989 5038 1023 5047; x_wconf 62' lang='grc' dir='ltr'>η</span> <span class='ocrx_word' id='word_1_687' title='bbox 1332 5034 1473 5047; x_wconf 75' lang='lat'><strong>._,.</strong></span> <span class='ocrx_word' id='word_1_688' title='bbox 1583 5044 1593 5047; x_wconf 89' lang='lat'><em>_</em></span> <span class='ocrx_word' id='word_1_689' title='bbox 1676 5034 1709 5047; x_wconf 94' lang='lat'><strong>_.</strong></span> 
     </span>
    </p>
   </div>
   <div class='ocr_carea' id='block_1_101' title="bbox 247 5034 1787 5113">
    <p class='ocr_par' dir='ltr' id='par_1_101' title="bbox 247 5034 1787 5113">
     <span class='ocr_line' id='line_1_103' title="bbox 247 5034 1787 5113; baseline -0.009 -10"><span class='ocrx_word' id='word_1_690' title='bbox 247 5034 561 5103; x_wconf 72' lang='lat' dir='ltr'><strong>Persuadet.</strong></span> <span class='ocrx_word' id='word_1_691' title='bbox 588 5042 648 5099; x_wconf 94' lang='lat' dir='ltr'><strong>ld</strong></span> <span class='ocrx_word' id='word_1_692' title='bbox 672 5049 775 5113; x_wconf 89' lang='lat' dir='ltr'><strong>est,</strong></span> <span class='ocrx_word' id='word_1_693' title='bbox 810 5038 1091 5100; x_wconf 80' lang='lat' dir='ltr'><strong>Herculius</strong></span> <span class='ocrx_word' id='word_1_694' title='bbox 1116 5036 1409 5110; x_wconf 84' lang='lat' dir='ltr'><strong>persuadet</strong></span> <span class='ocrx_word' id='word_1_695' title='bbox 1432 5034 1787 5093; x_wconf 87' lang='lat' dir='ltr'><strong>Constantino</strong></span> 
     </span>
    </p>
   </div>
   <div class='ocr_carea' id='block_1_102' title="bbox 172 5117 664 5187">
    <p class='ocr_par' dir='ltr' id='par_1_102' title="bbox 172 5117 664 5187">
     <span class='ocr_line' id='line_1_104' title="bbox 172 5117 664 5187; baseline -0.014 -11"><span class='ocrx_word' id='word_1_696' title='bbox 172 5119 321 5177; x_wconf 82' lang='lat' dir='ltr'><strong>nihil</strong></span> <span class='ocrx_word' id='word_1_697' title='bbox 344 5117 664 5187; x_wconf 86' lang='lat' dir='ltr'><strong>suspicanti.</strong></span> 
     </span>
    </p>
   </div>
   <div class='ocr_carea' id='block_1_103' title="bbox 251 5182 925 5249">
    <p class='ocr_par' dir='ltr' id='par_1_103' title="bbox 251 5182 925 5249">
     <span class='ocr_line' id='line_1_105' title="bbox 251 5182 925 5249; baseline -0.013 -3"><span class='ocrx_word' id='word_1_698' title='bbox 251 5182 460 5245; x_wconf 59' lang='lat' dir='ltr'><strong>Posset:</strong></span> <span class='ocrx_word' id='word_1_699' title='bbox 489 5190 541 5242; x_wconf 90' lang='lat' dir='ltr'><strong>in</strong></span> <span class='ocrx_word' id='word_1_700' title='bbox 574 5200 703 5249; x_wconf 90' lang='lat' dir='ltr'><strong>ms.,</strong></span> <span class='ocrx_word' id='word_1_701' title='bbox 733 5182 925 5239; x_wconf 83' lang='lat' dir='ltr'><strong>Possit.</strong></span> 
     </span>
    </p>
   </div>
   <div class='ocr_carea' id='block_1_104' title="bbox 250 5250 1644 5325">
    <p class='ocr_par' dir='ltr' id='par_1_104' title="bbox 250 5250 1644 5325">
     <span class='ocr_line' id='line_1_106' title="bbox 250 5250 1644 5325; baseline -0.011 -8"><span class='ocrx_word' id='word_1_702' title='bbox 250 5260 601 5317; x_wconf 85' lang='lat' dir='ltr'><strong>Paucitatem.</strong></span> <span class='ocrx_word' id='word_1_703' title='bbox 634 5257 694 5312; x_wconf 90' lang='lat' dir='ltr'><strong>In</strong></span> <span class='ocrx_word' id='word_1_704' title='bbox 723 5271 852 5325; x_wconf 90' lang='lat' dir='ltr'><strong>ms.,</strong></span> <span class='ocrx_word' id='word_1_705' title='bbox 886 5255 1138 5325; x_wconf 79' lang='lat' dir='ltr'><strong>paucitate</strong></span> <span class='ocrx_word' id='word_1_706' title='bbox 1160 5271 1179 5309; x_wconf 95' lang='lat'><strong><em>:</em></strong></span> <span class='ocrx_word' id='word_1_707' title='bbox 1205 5250 1343 5309; x_wconf 87' lang='lat' dir='ltr'><strong>forte</strong></span> <span class='ocrx_word' id='word_1_708' title='bbox 1368 5250 1644 5322; x_wconf 80' lang='lat' dir='ltr'><strong>paucitate.</strong></span> 
     </span>
    </p>
   </div>
   <div class='ocr_carea' id='block_1_105' title="bbox 251 5325 1419 5397">
    <p class='ocr_par' dir='ltr' id='par_1_105' title="bbox 251 5325 1419 5397">
     <span class='ocr_line' id='line_1_107' title="bbox 251 5325 1419 5397; baseline -0.009 -10"><span class='ocrx_word' id='word_1_709' title='bbox 251 5331 592 5388; x_wconf 67' lang='lat' dir='ltr'><strong>distimaret.</strong></span> <span class='ocrx_word' id='word_1_710' title='bbox 629 5328 839 5397; x_wconf 83' lang='lat' dir='ltr'><strong>chunt</strong></span> <span class='ocrx_word' id='word_1_711' title='bbox 865 5326 1055 5381; x_wconf 90' lang='lat' dir='ltr'><strong>eruditi</strong></span> <span class='ocrx_word' id='word_1_712' title='bbox 1078 5325 1419 5397; x_wconf 76' lang='lat' dir='ltr'><strong>existimaret.</strong></span> 
     </span>
    </p>
   </div>
   <div class='ocr_carea' id='block_1_106' title="bbox 250 5391 1791 5474">
    <p class='ocr_par' dir='ltr' id='par_1_106' title="bbox 250 5391 1791 5474">
     <span class='ocr_line' id='line_1_108' title="bbox 250 5391 1791 5474; baseline -0.008 -17"><span class='ocrx_word' id='word_1_713' title='bbox 250 5403 438 5474; x_wconf 81' lang='lat' dir='ltr'><strong>Fingit</strong></span> <span class='ocrx_word' id='word_1_714' title='bbox 459 5402 524 5455; x_wconf 86' lang='lat' dir='ltr'><strong>de</strong></span> <span class='ocrx_word' id='word_1_715' title='bbox 543 5391 879 5456; x_wconf 66' lang='lat' dir='ltr'><strong>Constantino</strong></span> <span class='ocrx_word' id='word_1_716' title='bbox 899 5407 1032 5474; x_wconf 81' lang='lat' dir='ltr'><strong>,_et_c.</strong></span> <span class='ocrx_word' id='word_1_717' title='bbox 1072 5396 1141 5474; x_wconf 76' lang='lat' dir='ltr'><strong>Id_</strong></span> <span class='ocrx_word' id='word_1_718' title='bbox 1161 5404 1280 5463; x_wconf 90' lang='lat' dir='ltr'><strong>est,</strong></span> <span class='ocrx_word' id='word_1_719' title='bbox 1311 5393 1464 5474; x_wconf 72' lang='lat' dir='ltr'><strong>lingit</strong></span> <span class='ocrx_word' id='word_1_720' title='bbox 1487 5391 1791 5474; x_wconf 71' lang='lat' dir='ltr'><strong>Constanti-</strong></span> 
     </span>
    </p>
   </div>
   <div class='ocr_carea' id='block_1_107' title="bbox 177 5462 1792 5546">
    <p class='ocr_par' dir='ltr' id='par_1_107' title="bbox 177 5462 1792 5546">
     <span class='ocr_line' id='line_1_109' title="bbox 177 5462 1792 5546; baseline -0.009 -13"><span class='ocrx_word' id='word_1_721' title='bbox 177 5492 308 5533; x_wconf 87' lang='lat' dir='ltr'><strong>num</strong></span> <span class='ocrx_word' id='word_1_722' title='bbox 356 5462 683 5546; x_wconf 69' lang='lat' dir='ltr'><strong>oppressum</strong></span> <span class='ocrx_word' id='word_1_723' title='bbox 738 5462 953 5546; x_wconf 76' lang='lat' dir='ltr'><strong>esseab</strong></span> <span class='ocrx_word' id='word_1_724' title='bbox 982 5467 1226 5522; x_wconf 89' lang='lat' dir='ltr'><strong>hostibus</strong></span> <span class='ocrx_word' id='word_1_725' title='bbox 1245 5462 1271 5533; x_wconf 56' lang='grc'><strong>,⁷</strong></span> <span class='ocrx_word' id='word_1_726' title='bbox 1289 5462 1597 5546; x_wconf 71' lang='lat' dir='ltr'><strong>sicutjpse,</strong></span> <span class='ocrx_word' id='word_1_727' title='bbox 1633 5462 1792 5546; x_wconf 67' lang='lat' dir='ltr'><strong>paulo</strong></span> 
     </span>
    </p>
   </div>
   <div class='ocr_carea' id='block_1_108' title="bbox 178 5533 1793 5619">
    <p class='ocr_par' dir='ltr' id='par_1_108' title="bbox 178 5533 1793 5619">
     <span class='ocr_line' id='line_1_110' title="bbox 178 5533 1793 5619; baseline -0.009 -16"><span class='ocrx_word' id='word_1_728' title='bbox 178 5556 305 5619; x_wconf 80' lang='lat' dir='ltr'><strong>post</strong></span> <span class='ocrx_word' id='word_1_729' title='bbox 325 5589 341 5613; x_wconf 93' lang='lat'><strong>,</strong></span> <span class='ocrx_word' id='word_1_730' title='bbox 396 5533 681 5614; x_wconf 76' lang='lat' dir='ltr'><strong>inopinato</strong></span> <span class='ocrx_word' id='word_1_731' title='bbox 709 5540 897 5612; x_wconf 87' lang='lat' dir='ltr'><strong>generi</strong></span> <span class='ocrx_word' id='word_1_732' title='bbox 945 5553 1169 5597; x_wconf 88' lang='lat' dir='ltr'><strong>recursu</strong></span> <span class='ocrx_word' id='word_1_733' title='bbox 1191 5534 1613 5610; x_wconf 88' lang='lat' dir='ltr'><strong>opprimebatur.</strong></span> <span class='ocrx_word' id='word_1_734' title='bbox 1643 5533 1793 5590; x_wconf 51' lang='lat' dir='ltr'><strong>Cm»</strong></span> 
     </span>
    </p>
   </div>
   <div class='ocr_carea' id='block_1_109' title="bbox 178 5633 392 5676">
    <p class='ocr_par' dir='ltr' id='par_1_109' title="bbox 178 5633 392 5676">
     <span class='ocr_line' id='line_1_111' title="bbox 178 5633 392 5676; baseline -0.019 0"><span class='ocrx_word' id='word_1_735' title='bbox 178 5633 392 5676; x_wconf 74' lang='grc' dir='ltr'><strong>ιηιυε.</strong></span> 
     </span>
    </p>
   </div>
   <div class='ocr_carea' id='block_1_110' title="bbox 250 5679 1277 5760">
    <p class='ocr_par' dir='ltr' id='par_1_110' title="bbox 250 5679 1277 5760">
     <span class='ocr_line' id='line_1_112' title="bbox 250 5679 1277 5760; baseline -0.01 -15"><span class='ocrx_word' id='word_1_736' title='bbox 250 5686 593 5760; x_wconf 79' lang='lat' dir='ltr'><strong>Imperatori.</strong></span> <span class='ocrx_word' id='word_1_737' title='bbox 628 5679 1277 5760; x_wconf 71' lang='lat' dir='ltr'><strong>Scilicet,_(_ionstan_tino.‘</strong></span> 
     </span>
    </p>
   </div>
   <div class='ocr_carea' id='block_1_111' title="bbox 252 5748 1791 5819">
    <p class='ocr_par' dir='ltr' id='par_1_111' title="bbox 252 5748 1791 5819">
     <span class='ocr_line' id='line_1_113' title="bbox 252 5748 1791 5819; baseline -0.011 -2"><span class='ocrx_word' id='word_1_738' title='bbox 252 5748 494 5817; x_wconf 69' lang='lat' dir='ltr'><strong>Reuolat.</strong></span> <span class='ocrx_word' id='word_1_739' title='bbox 529 5755 847 5813; x_wconf 86' lang='lat' dir='ltr'><strong>Lactantius</strong></span> <span class='ocrx_word' id='word_1_740' title='bbox 875 5752 995 5807; x_wconf 91' lang='lat' dir='ltr'><strong>Div.</strong></span> <span class='ocrx_word' id='word_1_741' title='bbox 1021 5753 1275 5815; x_wconf 90' lang='lat' dir='ltr'><strong>lnstitut.,</strong></span> <span class='ocrx_word' id='word_1_742' title='bbox 1298 5749 1393 5804; x_wconf 89' lang='lat' dir='ltr'><strong>lib.</strong></span> <span class='ocrx_word' id='word_1_743' title='bbox 1420 5764 1512 5815; x_wconf 85' lang='lat' dir='ltr'><strong>vn,</strong></span> <span class='ocrx_word' id='word_1_744' title='bbox 1539 5748 1791 5819; x_wconf 58' lang='lat' dir='ltr'><strong>eam”:</strong></span> 
     </span>
    </p>
   </div>
   <div class='ocr_carea' id='block_1_112' title="bbox 180 5821 1794 5893">
    <p class='ocr_par' dir='ltr' id='par_1_112' title="bbox 180 5821 1794 5893">
     <span class='ocr_line' id='line_1_114' title="bbox 180 5821 1794 5893; baseline -0.012 -2"><span class='ocrx_word' id='word_1_745' title='bbox 180 5834 356 5890; x_wconf 85' lang='lat' dir='ltr'><strong>Donec</strong></span> <span class='ocrx_word' id='word_1_746' title='bbox 401 5831 580 5886; x_wconf 86' lang='lat' dir='ltr'><strong>anima</strong></span> <span class='ocrx_word' id='word_1_747' title='bbox 623 5827 807 5880; x_wconf 81' lang='lat' dir='ltr'><strong>emissa</strong></span> <span class='ocrx_word' id='word_1_748' title='bbox 847 5825 1077 5893; x_wconf 83' lang='lat' dir='ltr'><strong>corporis</strong></span> <span class='ocrx_word' id='word_1_749' title='bbox 1118 5824 1342 5877; x_wconf 88' lang='lat' dir='ltr'><strong>claustro</strong></span> <span class='ocrx_word' id='word_1_750' title='bbox 1370 5821 1439 5875; x_wconf 93' lang='lat' dir='ltr'><strong>ad</strong></span> <span class='ocrx_word' id='word_1_751' title='bbox 1458 5822 1627 5893; x_wconf 71' lang='lat' dir='ltr'><strong>sedem</strong></span> <span class='ocrx_word' id='word_1_752' title='bbox 1646 5834 1794 5893; x_wconf 85' lang='lat' dir='ltr'><strong>suam</strong></span> 
     </span>
    </p>
   </div>
   <div class='ocr_carea' id='block_1_113' title="bbox 182 5890 1791 5973">
    <p class='ocr_par' dir='ltr' id='par_1_113' title="bbox 182 5890 1791 5973">
     <span class='ocr_line' id='line_1_115' title="bbox 182 5890 1791 5973; baseline -0.011 -11"><span class='ocrx_word' id='word_1_753' title='bbox 182 5906 367 5962; x_wconf 79' lang='lat' dir='ltr'><strong>revolet</strong></span> <span class='ocrx_word' id='word_1_754' title='bbox 401 5920 420 5958; x_wconf 87' lang='lat'><em>:</em></span> <span class='ocrx_word' id='word_1_755' title='bbox 453 5915 622 5973; x_wconf 85' lang='lat' dir='ltr'><strong>quam</strong></span> <span class='ocrx_word' id='word_1_756' title='bbox 646 5910 836 5953; x_wconf 86' lang='lat' dir='ltr'><strong>vocem</strong></span> <span class='ocrx_word' id='word_1_757' title='bbox 867 5890 1004 5965; x_wconf 84' lang='lat' dir='ltr'><strong>apud</strong></span> <span class='ocrx_word' id='word_1_758' title='bbox 1032 5895 1201 5949; x_wconf 89' lang='lat' dir='ltr'><strong>ullum</strong></span> <span class='ocrx_word' id='word_1_759' title='bbox 1232 5900 1505 5949; x_wconf 89' lang='lat' dir='ltr'><strong>auctorem</strong></span> <span class='ocrx_word' id='word_1_760' title='bbox 1531 5890 1791 5946; x_wconf 86' lang='lat' dir='ltr'><strong>Christia-</strong></span> 
     </span>
    </p>
   </div>
   <div class='ocr_carea' id='block_1_114' title="bbox 1959 4608 3484 4680">
    <p class='ocr_par' dir='ltr' id='par_1_114' title="bbox 1959 4608 3484 4680">
     <span class='ocr_line' id='line_1_116' title="bbox 1959 4608 3484 4680; baseline 0.004 -17"><span class='ocrx_word' id='word_1_761' title='bbox 1959 4608 2286 4664; x_wconf 80' lang='lat' dir='ltr'><strong>Machinatus</strong></span> <span class='ocrx_word' id='word_1_762' title='bbox 2312 4619 2408 4675; x_wconf 90' lang='lat' dir='ltr'><strong>est,</strong></span> <span class='ocrx_word' id='word_1_763' title='bbox 2440 4608 2560 4680; x_wconf 84' lang='lat' dir='ltr'><strong>quia</strong></span> <span class='ocrx_word' id='word_1_764' title='bbox 2582 4611 2736 4665; x_wconf 85' lang='lat' dir='ltr'><strong>semel</strong></span> <span class='ocrx_word' id='word_1_765' title='bbox 2762 4609 2938 4664; x_wconf 78' lang='lat' dir='ltr'><strong>[tabuit</strong></span> <span class='ocrx_word' id='word_1_766' title='bbox 2965 4611 3174 4680; x_wconf 83' lang='lat' dir='ltr'><strong>impune</strong></span> <span class='ocrx_word' id='word_1_767' title='bbox 3196 4623 3356 4665; x_wconf 82' lang='lat' dir='ltr'><strong>vocat.</strong></span> <span class='ocrx_word' id='word_1_768' title='bbox 3407 4613 3484 4670; x_wconf 88' lang='lat' dir='ltr'><strong>Ita</strong></span> 
     </span>
    </p>
   </div>
   <div class='ocr_carea' id='block_1_115' title="bbox 1886 4679 3481 4748">
    <p class='ocr_par' dir='ltr' id='par_1_115' title="bbox 1886 4679 3481 4748">
     <span class='ocr_line' id='line_1_117' title="bbox 1886 4679 3481 4748; baseline 0.001 -13"><span class='ocrx_word' id='word_1_769' title='bbox 1886 4679 2105 4735; x_wconf 90' lang='lat' dir='ltr'><strong>distinxi</strong></span> <span class='ocrx_word' id='word_1_770' title='bbox 2135 4694 2258 4735; x_wconf 93' lang='lat' dir='ltr'><strong>cum</strong></span> <span class='ocrx_word' id='word_1_771' title='bbox 2287 4679 2478 4748; x_wconf 46' lang='lat' dir='ltr'><strong>Gabo&#39;,</strong></span> <span class='ocrx_word' id='word_1_772' title='bbox 2520 4680 2828 4746; x_wconf 90' lang='lat' dir='ltr'><strong>Boherello,</strong></span> <span class='ocrx_word' id='word_1_773' title='bbox 2858 4679 3046 4736; x_wconf 89' lang='lat' dir='ltr'><strong>critico</strong></span> <span class='ocrx_word' id='word_1_774' title='bbox 3068 4695 3228 4735; x_wconf 89' lang='lat' dir='ltr'><strong>anon.</strong></span> <span class='ocrx_word' id='word_1_775' title='bbox 3262 4690 3315 4735; x_wconf 90' lang='lat' dir='ltr'><strong>et</strong></span> <span class='ocrx_word' id='word_1_776' title='bbox 3337 4681 3481 4736; x_wconf 84' lang='lat' dir='ltr'><strong>lieu-</strong></span> 
     </span>
    </p>
   </div>
   <div class='ocr_carea' id='block_1_116' title="bbox 1884 4749 3485 4821">
    <p class='ocr_par' dir='ltr' id='par_1_116' title="bbox 1884 4749 3485 4821">
     <span class='ocr_line' id='line_1_118' title="bbox 1884 4749 3485 4821; baseline 0.002 -16"><span class='ocrx_word' id='word_1_777' title='bbox 1884 4765 2107 4808; x_wconf 85' lang='lat' dir='ltr'><strong>mauno.</strong></span> <span class='ocrx_word' id='word_1_778' title='bbox 2139 4750 2312 4806; x_wconf 86' lang='lat' dir='ltr'><strong>Antea</strong></span> <span class='ocrx_word' id='word_1_779' title='bbox 2340 4750 2599 4821; x_wconf 86' lang='lat' dir='ltr'><strong>edebatur</strong></span> <span class='ocrx_word' id='word_1_780' title='bbox 2628 4768 2641 4803; x_wconf 92' lang='lat'><strong>:</strong></span> <span class='ocrx_word' id='word_1_781' title='bbox 2675 4749 3003 4805; x_wconf 81' lang='lat' dir='ltr'><strong>Machinatus</strong></span> <span class='ocrx_word' id='word_1_782' title='bbox 3024 4760 3137 4813; x_wconf 84' lang='lat' dir='ltr'><strong>est;</strong></span> <span class='ocrx_word' id='word_1_783' title='bbox 3175 4751 3297 4821; x_wconf 88' lang='lat' dir='ltr'><strong>quia</strong></span> <span class='ocrx_word' id='word_1_784' title='bbox 3326 4754 3485 4808; x_wconf 84' lang='lat' dir='ltr'><strong>semel</strong></span> 
     </span>
    </p>
   </div>
   <div class='ocr_carea' id='block_1_117' title="bbox 1888 4820 3457 4890">
    <p class='ocr_par' dir='ltr' id='par_1_117' title="bbox 1888 4820 3457 4890">
     <span class='ocr_line' id='line_1_119' title="bbox 1888 4820 3457 4890; baseline -0.004 -15"><span class='ocrx_word' id='word_1_785' title='bbox 1888 4821 2011 4875; x_wconf 88' lang='lat' dir='ltr'><strong>abiit</strong></span> <span class='ocrx_word' id='word_1_786' title='bbox 2034 4822 2261 4890; x_wconf 86' lang='lat' dir='ltr'><strong>impune,</strong></span> <span class='ocrx_word' id='word_1_787' title='bbox 2289 4830 2456 4876; x_wconf 87' lang='lat' dir='ltr'><strong>vocat.</strong></span> <span class='ocrx_word' id='word_1_788' title='bbox 2483 4820 2614 4876; x_wconf 80' lang='lat' dir='ltr'><strong>BUN.</strong></span> <span class='ocrx_word' id='word_1_789' title='bbox 3019 4888 3032 4890; x_wconf 21' lang='lat'><em>4</em></span> <span class='ocrx_word' id='word_1_790' title='bbox 3436 4828 3457 4845; x_wconf 59' lang='grc' dir='ltr'><strong>ε</strong></span> 
     </span>
    </p>
   </div>
   <div class='ocr_carea' id='block_1_118' title="bbox 1963 4888 3482 4963">
    <p class='ocr_par' dir='ltr' id='par_1_118' title="bbox 1963 4888 3482 4963">
     <span class='ocr_line' id='line_1_120' title="bbox 1963 4888 3482 4963; baseline 0.002 -18"><span class='ocrx_word' id='word_1_791' title='bbox 1963 4888 2160 4947; x_wconf 82' lang='lat' dir='ltr'><strong>Habuit</strong></span> <span class='ocrx_word' id='word_1_792' title='bbox 2195 4894 2422 4963; x_wconf 69' lang='lat' dir='ltr'><strong>impune.</strong></span> <span class='ocrx_word' id='word_1_793' title='bbox 2476 4891 2587 4946; x_wconf 85' lang='lat' dir='ltr'><strong>Nec</strong></span> <span class='ocrx_word' id='word_1_794' title='bbox 2612 4891 2766 4963; x_wconf 90' lang='lat' dir='ltr'><strong>aliter</strong></span> <span class='ocrx_word' id='word_1_795' title='bbox 2783 4903 2896 4963; x_wconf 12' lang='lat' dir='ltr'><strong>gms.</strong></span> <span class='ocrx_word' id='word_1_796' title='bbox 2928 4896 2982 4946; x_wconf 91' lang='lat' dir='ltr'><strong>et</strong></span> <span class='ocrx_word' id='word_1_797' title='bbox 3010 4888 3319 4963; x_wconf 82' lang='lat' dir='ltr'><strong>Lactantius</strong></span> <span class='ocrx_word' id='word_1_798' title='bbox 3349 4892 3482 4963; x_wconf 84' lang='lat' dir='ltr'><strong>Epi-</strong></span> 
     </span>
    </p>
   </div>
   <div class='ocr_carea' id='block_1_119' title="bbox 1890 4959 3489 5034">
    <p class='ocr_par' dir='ltr' id='par_1_119' title="bbox 1890 4959 3489 5034">
     <span class='ocr_line' id='line_1_121' title="bbox 1890 4959 3489 5034; baseline 0.001 -15"><span class='ocrx_word' id='word_1_799' title='bbox 1890 4972 2049 5031; x_wconf 91' lang='lat' dir='ltr'><strong>tom.,</strong></span> <span class='ocrx_word' id='word_1_800' title='bbox 2080 4977 2198 5034; x_wconf 91' lang='lat' dir='ltr'><strong>cap.</strong></span> <span class='ocrx_word' id='word_1_801' title='bbox 2233 4962 2303 5018; x_wconf 75' lang='lat'><strong>53</strong></span> <span class='ocrx_word' id='word_1_802' title='bbox 2329 4980 2343 5018; x_wconf 93' lang='lat'><strong>:</strong></span> <span class='ocrx_word' id='word_1_803' title='bbox 2378 4961 2614 5034; x_wconf 73' lang='lat' dir='ltr'><strong>Impune</strong></span> <span class='ocrx_word' id='word_1_804' title='bbox 2642 4959 2849 5034; x_wconf 80' lang='lat' dir='ltr'><strong>habuit;</strong></span> <span class='ocrx_word' id='word_1_805' title='bbox 2880 4970 2935 5017; x_wconf 93' lang='lat' dir='ltr'><strong>et</strong></span> <span class='ocrx_word' id='word_1_806' title='bbox 2958 4976 3076 5032; x_wconf 87' lang='lat' dir='ltr'><strong>cap.</strong></span> <span class='ocrx_word' id='word_1_807' title='bbox 3110 4960 3179 5018; x_wconf 79' lang='lat'>55</span> <span class='ocrx_word' id='word_1_808' title='bbox 3209 4980 3223 5019; x_wconf 87' lang='lat'><strong>:</strong></span> <span class='ocrx_word' id='word_1_809' title='bbox 3268 4959 3489 5034; x_wconf 76' lang='lat' dir='ltr'><strong>Impune</strong></span> 
     </span>
    </p>
   </div>
   <div class='ocr_carea' id='block_1_120' title="bbox 1890 5033 2769 5091">
    <p class='ocr_par' dir='ltr' id='par_1_120' title="bbox 1890 5033 2769 5091">
     <span class='ocr_line' id='line_1_122' title="bbox 1890 5033 2769 5091; baseline 0.001 -1"><span class='ocrx_word' id='word_1_810' title='bbox 1890 5035 2094 5090; x_wconf 77' lang='lat' dir='ltr'><strong>habent.</strong></span> <span class='ocrx_word' id='word_1_811' title='bbox 2123 5033 2222 5089; x_wconf 84' lang='lat' dir='ltr'><strong>Hic</strong></span> <span class='ocrx_word' id='word_1_812' title='bbox 2251 5035 2304 5089; x_wconf 93' lang='lat' dir='ltr'><strong>in</strong></span> <span class='ocrx_word' id='word_1_813' title='bbox 2325 5033 2484 5090; x_wconf 88' lang='lat' dir='ltr'><strong>editis</strong></span> <span class='ocrx_word' id='word_1_814' title='bbox 2513 5043 2598 5089; x_wconf 89' lang='lat' dir='ltr'><strong>est</strong></span> <span class='ocrx_word' id='word_1_815' title='bbox 2617 5033 2769 5091; x_wconf 89' lang='lat' dir='ltr'><strong>abiit.</strong></span> 
     </span>
    </p>
   </div>
   <div class='ocr_carea' id='block_1_121' title="bbox 1965 5103 3484 5175">
    <p class='ocr_par' dir='ltr' id='par_1_121' title="bbox 1965 5103 3484 5175">
     <span class='ocr_line' id='line_1_123' title="bbox 1965 5103 3484 5175; baseline 0 -15"><span class='ocrx_word' id='word_1_816' title='bbox 1965 5104 2152 5161; x_wconf 78' lang='lat' dir='ltr'><strong>Scene.</strong></span> <span class='ocrx_word' id='word_1_817' title='bbox 2199 5105 2255 5160; x_wconf 91' lang='lat' dir='ltr'><strong>In</strong></span> <span class='ocrx_word' id='word_1_818' title='bbox 2288 5120 2391 5161; x_wconf 92' lang='lat' dir='ltr'><strong>ms.</strong></span> <span class='ocrx_word' id='word_1_819' title='bbox 2423 5105 2646 5171; x_wconf 86' lang='lat' dir='ltr'><strong>schena;</strong></span> <span class='ocrx_word' id='word_1_820' title='bbox 2677 5104 2826 5174; x_wconf 86' lang='lat' dir='ltr'><strong>quasi</strong></span> <span class='ocrx_word' id='word_1_821' title='bbox 2855 5103 3305 5175; x_wconf 89' lang='lat' dir='ltr'><strong>pronuntiandum</strong></span> <span class='ocrx_word' id='word_1_822' title='bbox 3336 5115 3484 5161; x_wconf 81' lang='lat' dir='ltr'><strong>esset</strong></span> 
     </span>
    </p>
   </div>
   <div class='ocr_carea' id='block_1_122' title="bbox 1891 5175 2788 5245">
    <p class='ocr_par' dir='ltr' id='par_1_122' title="bbox 1891 5175 2788 5245">
     <span class='ocr_line' id='line_1_124' title="bbox 1891 5175 2788 5245; baseline -0.003 -14"><span class='ocrx_word' id='word_1_823' title='bbox 1891 5177 2073 5245; x_wconf 86' lang='lat' dir='ltr'><strong>chena,</strong></span> <span class='ocrx_word' id='word_1_824' title='bbox 2103 5190 2254 5232; x_wconf 91' lang='lat' dir='ltr'><strong>more</strong></span> <span class='ocrx_word' id='word_1_825' title='bbox 2280 5177 2484 5230; x_wconf 85' lang='lat' dir='ltr'><strong>scilicet</strong></span> <span class='ocrx_word' id='word_1_826' title='bbox 2513 5175 2788 5231; x_wconf 89' lang='lat' dir='ltr'><strong>Italorum.</strong></span> 
     </span>
    </p>
   </div>
   <div class='ocr_carea' id='block_1_123' title="bbox 1965 5243 3476 5318">
    <p class='ocr_par' dir='ltr' id='par_1_123' title="bbox 1965 5243 3476 5318">
     <span class='ocr_line' id='line_1_125' title="bbox 1965 5243 3476 5318; baseline -0.001 -17"><span class='ocrx_word' id='word_1_827' title='bbox 1965 5243 2107 5303; x_wconf 82' lang='lat' dir='ltr'><strong>Filio</strong></span> <span class='ocrx_word' id='word_1_828' title='bbox 2135 5264 2246 5302; x_wconf 89' lang='lat' dir='ltr'><strong>suo.</strong></span> <span class='ocrx_word' id='word_1_829' title='bbox 2270 5246 2328 5303; x_wconf 91' lang='lat' dir='ltr'><strong>Id</strong></span> <span class='ocrx_word' id='word_1_830' title='bbox 2359 5258 2464 5315; x_wconf 90' lang='lat' dir='ltr'><strong>est,</strong></span> <span class='ocrx_word' id='word_1_831' title='bbox 2492 5262 2694 5318; x_wconf 88' lang='lat' dir='ltr'><strong>genero</strong></span> <span class='ocrx_word' id='word_1_832' title='bbox 2725 5260 2846 5318; x_wconf 86' lang='lat' dir='ltr'><strong>suo,</strong></span> <span class='ocrx_word' id='word_1_833' title='bbox 2872 5243 3224 5303; x_wconf 86' lang='lat' dir='ltr'><strong>Constantino</strong></span> <span class='ocrx_word' id='word_1_834' title='bbox 3253 5246 3476 5313; x_wconf 87' lang='lat' dir='ltr'><strong>scilicet,</strong></span> 
     </span>
    </p>
   </div>
   <div class='ocr_carea' id='block_1_124' title="bbox 1892 5317 3177 5391">
    <p class='ocr_par' dir='ltr' id='par_1_124' title="bbox 1892 5317 3177 5391">
     <span class='ocr_line' id='line_1_126' title="bbox 1892 5317 3177 5391; baseline -0.001 -19"><span class='ocrx_word' id='word_1_835' title='bbox 1892 5320 2016 5391; x_wconf 71' lang='lat' dir='ltr'><strong>quia</strong></span> <span class='ocrx_word' id='word_1_836' title='bbox 2044 5318 2490 5391; x_wconf 24' lang='lat' dir='ltr'><strong>eratAMaximiani</strong></span> <span class='ocrx_word' id='word_1_837' title='bbox 2505 5317 2765 5391; x_wconf 12' lang='lat' dir='ltr'><strong>Herculii,</strong></span> <span class='ocrx_word' id='word_1_838' title='bbox 2779 5318 2904 5391; x_wconf 69' lang='lat' dir='ltr'><strong>filim</strong></span> <span class='ocrx_word' id='word_1_839' title='bbox 2934 5319 3177 5373; x_wconf 91' lang='lat' dir='ltr'><strong>maritus.</strong></span> 
     </span>
    </p>
   </div>
   <div class='ocr_carea' id='block_1_125' title="bbox 1966 5388 2845 5460">
    <p class='ocr_par' dir='ltr' id='par_1_125' title="bbox 1966 5388 2845 5460">
     <span class='ocr_line' id='line_1_127' title="bbox 1966 5388 2845 5460; baseline -0.002 -17"><span class='ocrx_word' id='word_1_840' title='bbox 1966 5388 2220 5460; x_wconf 70' lang='lat' dir='ltr'><strong>.Prosiliit.</strong></span> <span class='ocrx_word' id='word_1_841' title='bbox 2245 5389 2435 5444; x_wconf 86' lang='lat' dir='ltr'><strong>Melius</strong></span> <span class='ocrx_word' id='word_1_842' title='bbox 2464 5390 2603 5444; x_wconf 83' lang='lat' dir='ltr'><strong>foret</strong></span> <span class='ocrx_word' id='word_1_843' title='bbox 2628 5389 2845 5460; x_wconf 83' lang='lat' dir='ltr'><strong>prosilit.</strong></span> 
     </span>
    </p>
   </div>
   <div class='ocr_carea' id='block_1_126' title="bbox 1973 5458 3483 5532">
    <p class='ocr_par' dir='ltr' id='par_1_126' title="bbox 1973 5458 3483 5532">
     <span class='ocr_line' id='line_1_128' title="bbox 1973 5458 3483 5532; baseline 0.001 -18"><span class='ocrx_word' id='word_1_844' title='bbox 1973 5459 2147 5516; x_wconf 70' lang='lat' dir='ltr'><strong>ﬂleret</strong></span> <span class='ocrx_word' id='word_1_845' title='bbox 2167 5460 2548 5532; x_wconf 76' lang='lat' dir='ltr'><strong>manifestarius</strong></span> <span class='ocrx_word' id='word_1_846' title='bbox 2570 5458 3172 5532; x_wconf 17' lang='lat' dir='ltr'><strong>Itomicida.‘Lactantius</strong></span> <span class='ocrx_word' id='word_1_847' title='bbox 3191 5458 3283 5532; x_wconf 71' lang='lat' dir='ltr'><strong>lib.</strong></span> <span class='ocrx_word' id='word_1_848' title='bbox 3317 5474 3332 5512; x_wconf 90' lang='grc' dir='ltr'>ι</span> <span class='ocrx_word' id='word_1_849' title='bbox 3362 5458 3483 5515; x_wconf 89' lang='lat' dir='ltr'><strong>Div.</strong></span> 
     </span>
    </p>
   </div>
   <div class='ocr_carea' id='block_1_127' title="bbox 1893 5530 3492 5601">
    <p class='ocr_par' dir='ltr' id='par_1_127' title="bbox 1893 5530 3492 5601">
     <span class='ocr_line' id='line_1_129' title="bbox 1893 5530 3492 5601; baseline -0.003 -13"><span class='ocrx_word' id='word_1_850' title='bbox 1893 5532 2153 5599; x_wconf 84' lang='lat' dir='ltr'><strong>lnstitut.,</strong></span> <span class='ocrx_word' id='word_1_851' title='bbox 2184 5530 2363 5601; x_wconf 68' lang='lat' dir='ltr'><strong>cap.&#39;7</strong></span> <span class='ocrx_word' id='word_1_852' title='bbox 2395 5549 2408 5584; x_wconf 89' lang='lat'><strong>:</strong></span> <span class='ocrx_word' id='word_1_853' title='bbox 2440 5531 2601 5597; x_wconf 80' lang='lat' dir='ltr'><strong>Quasi</strong></span> <span class='ocrx_word' id='word_1_854' title='bbox 2629 5530 2888 5585; x_wconf 84' lang='lat' dir='ltr'><strong>subductis</strong></span> <span class='ocrx_word' id='word_1_855' title='bbox 2915 5540 2961 5601; x_wconf 71' lang='lat' dir='ltr'><strong>et</strong></span> <span class='ocrx_word' id='word_1_856' title='bbox 2990 5530 3303 5601; x_wconf 84' lang='lat' dir='ltr'><strong>consumptis</strong></span> <span class='ocrx_word' id='word_1_857' title='bbox 3324 5532 3492 5584; x_wconf 89' lang='lat' dir='ltr'><strong>omni-</strong></span> 
     </span>
    </p>
   </div>
   <div class='ocr_carea' id='block_1_128' title="bbox 1897 5600 3489 5673">
    <p class='ocr_par' dir='ltr' id='par_1_128' title="bbox 1897 5600 3489 5673">
     <span class='ocr_line' id='line_1_130' title="bbox 1897 5600 3489 5673; baseline -0.003 -14"><span class='ocrx_word' id='word_1_858' title='bbox 1897 5606 1989 5659; x_wconf 88' lang='lat' dir='ltr'><strong>bus</strong></span> <span class='ocrx_word' id='word_1_859' title='bbox 2008 5605 2123 5672; x_wconf 81' lang='lat' dir='ltr'><strong>uiis,</strong></span> <span class='ocrx_word' id='word_1_860' title='bbox 2151 5600 2587 5669; x_wconf 73' lang='lat' dir='ltr'><strong>subsistitJueret,</strong></span> <span class='ocrx_word' id='word_1_861' title='bbox 2604 5601 2792 5671; x_wconf 79' lang='lat' dir='ltr'><strong>tle/icit.</strong></span> <span class='ocrx_word' id='word_1_862' title='bbox 2818 5602 2897 5656; x_wconf 85' lang='lat' dir='ltr'><strong>Ex</strong></span> <span class='ocrx_word' id='word_1_863' title='bbox 2922 5600 3112 5656; x_wconf 87' lang='lat' dir='ltr'><strong>Plauto</strong></span> <span class='ocrx_word' id='word_1_864' title='bbox 3140 5602 3190 5655; x_wconf 91' lang='lat' dir='ltr'><strong>in</strong></span> <span class='ocrx_word' id='word_1_865' title='bbox 3219 5600 3489 5673; x_wconf 88' lang='lat' dir='ltr'><strong>Aulular.,</strong></span> 
     </span>
    </p>
   </div>
   <div class='ocr_carea' id='block_1_129' title="bbox 1894 5673 3175 5730">
    <p class='ocr_par' dir='ltr' id='par_1_129' title="bbox 1894 5673 3175 5730">
     <span class='ocr_line' id='line_1_131' title="bbox 1894 5673 3175 5730; baseline -0.007 0"><span class='ocrx_word' id='word_1_866' title='bbox 1894 5683 1949 5730; x_wconf 91' lang='lat' dir='ltr'><strong>et</strong></span> <span class='ocrx_word' id='word_1_867' title='bbox 1970 5673 2305 5729; x_wconf 89' lang='lat' dir='ltr'><strong>Trinummo.</strong></span> <span class='ocrx_word' id='word_1_868' title='bbox 3172 5678 3175 5681; x_wconf 79' lang='lat'><em>‘</em></span> 
     </span>
    </p>
   </div>
   <div class='ocr_carea' id='block_1_130' title="bbox 1972 5741 2956 5811">
    <p class='ocr_par' dir='ltr' id='par_1_130' title="bbox 1972 5741 2956 5811">
     <span class='ocr_line' id='line_1_132' title="bbox 1972 5741 2956 5811; baseline -0.003 -12"><span class='ocrx_word' id='word_1_869' title='bbox 1972 5745 2154 5811; x_wconf 83' lang='lat' dir='ltr'><strong>Quasi.</strong></span> <span class='ocrx_word' id='word_1_870' title='bbox 2192 5743 2380 5811; x_wconf 85' lang='lat' dir='ltr'><strong>Virgil.</strong></span> <span class='ocrx_word' id='word_1_871' title='bbox 2404 5759 2478 5810; x_wconf 77' lang='lat' dir='ltr'><strong>vr,</strong></span> <span class='ocrx_word' id='word_1_872' title='bbox 2507 5741 2717 5798; x_wconf 70' lang='lat' dir='ltr'><strong>Eneid.</strong></span> <span class='ocrx_word' id='word_1_873' title='bbox 2752 5755 2809 5810; x_wconf 85' lang='lat' dir='ltr'><strong>v,</strong></span> <span class='ocrx_word' id='word_1_874' title='bbox 2832 5742 2956 5797; x_wconf 70' lang='grc'><strong>471.</strong></span> 
     </span>
    </p>
   </div>
   <div class='ocr_carea' id='block_1_131' title="bbox 1972 5760 2744 5881">
    <p class='ocr_par' dir='ltr' id='par_1_131' title="bbox 1972 5760 2725 5873">
     <span class='ocr_line' id='line_1_133' title="bbox 1972 5760 2725 5873; baseline -0.004 0"><span class='ocrx_word' id='word_1_875' title='bbox 1972 5760 2380 5873; x_wconf 61' lang='grc' dir='ltr'><strong>Ἇὲαῗέειῖιπῗέἶί</strong></span> <span class='ocrx_word' id='word_1_876' title='bbox 2404 5760 2725 5870; x_wconf 65' lang='grc' dir='ltr'><strong>Ἵίτ¹ῗ¹³ἓὶξ¹ὲ</strong></span> 
     </span>
    </p>
   </div>
   <div class='ocr_carea' id='block_1_132' title="bbox 1976 5885 2878 5945">
    <p class='ocr_par' dir='ltr' id='par_1_132' title="bbox 1976 5885 2878 5945">
     <span class='ocr_line' id='line_1_134' title="bbox 1976 5885 2878 5945; baseline -0.007 -2"><span class='ocrx_word' id='word_1_877' title='bbox 1976 5886 2331 5945; x_wconf 82' lang='lat' dir='ltr'><strong>Intervallum.</strong></span> <span class='ocrx_word' id='word_1_878' title='bbox 2368 5886 2424 5942; x_wconf 90' lang='lat' dir='ltr'><strong>In</strong></span> <span class='ocrx_word' id='word_1_879' title='bbox 2458 5900 2559 5941; x_wconf 90' lang='lat' dir='ltr'><strong>ms.</strong></span> <span class='ocrx_word' id='word_1_880' title='bbox 2594 5885 2878 5940; x_wconf 79' lang='lat' dir='ltr'><strong>interuallo.</strong></span> 
     </span>
    </p>
   </div>
  </div>
