3960 6332
491 354 602 421 255

1350 354 1537 414 FIRM.
1575 353 1939 413 LACTAN'I'II
1974 353 2105 411 LIB.
2149 355 2236 412 DE
2276 354 2484 413 MORT.
2527 351 2910 414 PERSECUT.

3682 346 3811 414 256

495 487 710 544 vestes,
763 475 995 545 itemque
1061 471 1376 545 virginibus,
1423 479 1479 527 et
1527 485 1626 542 per
1677 469 1915 543 singulos
1995 471 2504 533 ar-AMaximiano
2548 486 2609 528 se
2639 470 3007 539 tradiderunt,
3054 464 3199 524 malo
3251 465 3469 541 generis
3522 463 3803 535 humani,

493 574 578 623 tus
604 566 1035 638 inspiciebantur,
1064 579 1133 620 ne
1162 578 1265 634 qua
1308 576 1432 633 pars
1458 563 1704 633 corporis
1732 562 1880 632 regio
1909 560 2078 617 cubili

494 668 642 716 esset
667 658 899 728 indigna.
937 656 994 713 Si
1017 671 1122 727 qua
1148 655 1544 711 detrectaverat
1561 698 1576 722 ,
1604 655 1659 710 in
1687 669 1824 724 aqua
1851 652 2080 709 necaba-

2185 570 2246 617 ut
2274 562 2353 617 illi
2383 562 2667 618 barbaram
2717 562 3032 618 servitutem
3076 559 3364 632 fuglentes,
3420 561 3478 616 in
3507 560 3806 616 Romanos

2183 653 2606 709 dominarentur.
2632 653 2726 709 His
2751 652 3069 709 satellitibus
3094 661 3150 708 et
3176 651 3583 724 protectoribus
3636 652 3803 709 cinc-

495 761 614 815 tur;
647 759 916 819 tamquam
942 747 1241 816 majestatis
1285 746 1489 801 crimen
1519 754 1664 801 esset
1688 744 1786 799 sub
1812 743 1904 799 illo
1930 741 2084 797 adul—
2185 751 2269 799 tus
2289 785 2306 813 ,
2336 743 2613 801 Orientem
2632 744 2866 801 ludibrio
2893 743 3098 798 habuit.

491 850 610 898 tero
639 840 910 911 pudicitia.
944 838 1157 909 Aliqui,
1205 836 1568 906 constupratis
1614 836 1902 901 uxoribus,
1948 847 2081 903 quas

492 934 561 990 ob
589 933 893 987 castitatem
938 944 1003 985 ac
1047 929 1206 985 tidem
1249 928 1559 984 carissimas
1586 926 1885 993 habebant,
1914 940 2079 996 quum

492 1024 735 1080 dolorem
759 1022 901 1079 ferre
922 1037 1030 1077 non
1051 1030 1294 1092 possent.
1310 1035 1370 1076 se
1387 1021 1531 1090 ipsos
1552 1021 1709 1076 etiam
1733 1026 2077 1074 necaverunt.

491 1115 603 1172 Sub
624 1114 726 1170 hoc
752 1122 1013 1176 monstro,
1037 1113 1309 1183 pudicitiae
1336 1112 1616 1182 integritas
1646 1111 1791 1166 nulla
1809 1152 1824 1178 ,
1857 1111 1957 1165 nisi
1986 1110 2076 1165 ubi

491 1208 771 1265 barbaram
838 1206 1117 1262 libidinem
1181 1205 1497 1261 deformitas
1551 1204 1776 1274 insignis
1839 1203 2074 1260 arcebat.

492 1301 775 1357 Postremo
804 1299 948 1356 hunc
971 1301 1082 1371 jam
1109 1299 1395 1355 induxerat
1421 1313 1649 1365 morem,
1674 1306 1733 1353 ut
1760 1313 1919 1353 nemo
1944 1312 2077 1354 uxo-

490 1407 604 1448 rem
644 1393 761 1447 sine
788 1393 1051 1462 permissu
1079 1390 1198 1461 ejus
1223 1390 1482 1457 duceret,
1512 1399 1568 1444 ut
1604 1390 1717 1459 ipse
1745 1390 1798 1443 in
1829 1388 2078 1444 omnibus

489 1483 689 1555 nuptiis
718 1491 1075 1553 priegustator
1098 1490 1263 1537 esset.
1290 1480 1553 1552 lugenuas
1572 1479 1807 1552 virgines
1828 1480 2078 1536 imminu-

488 1580 570 1629 tas
612 1574 783 1630 servis
823 1572 935 1629 suis
975 1572 1211 1628 donabat
1238 1587 1454 1628 uxores.
1481 1570 1586 1627 Sed
1614 1581 1666 1626 et
1691 1570 1930 1626 Comites
1960 1572 2077 1642 ejus

492 1668 591 1722 sub
622 1667 714 1721 tali
741 1665 995 1735 Principc
1019 1664 1365 1719 imitabantur
1392 1662 1532 1736 [hoc
1553 1663 1891 1734 exemplum,
1921 1671 1975 1718 et
1999 1663 2076 1718 ci-

489 1750 672 1828 vium]
718 1771 937 1811 suorum
967 1754 1162 1811 cubilia
1189 1757 1408 1824 impune
1452 1755 1743 1811 violabant.
1773 1754 1904 1821 Quis
1931 1754 2073 1811 enim

2255 930 2491 1001 Denique
2512 943 2673 999 quum
2702 927 3012 984 libidinibus
3035 928 3148 984 suis
3164 927 3304 985 hanc
3314 929 3493 999 legem
3520 928 3801 997 dedisset,

2180 1028 2240 1076 ut
2286 1023 2363 1076 fas
2402 1030 2613 1091 putaret
2648 1019 2904 1090 quidquid
2934 1021 3295 1089 concupisset,
3329 1036 3401 1076 ne
3428 1020 3501 1075 ab
3544 1021 3804 1091 Augusta

2180 1112 2418 1183 quidem,
2472 1127 2630 1183 quam
2677 1126 2847 1182 nuper
2893 1111 3267 1182 appellaverat
3316 1122 3574 1181 matrem,
3616 1113 3806 1184 potuit

2183 1213 2499 1274 temperare.
2534 1203 2768 1258 Venerat
2808 1210 2929 1273 post
2955 1202 3160 1277 obitum
3198 1202 3514 1259 Maximiani
3560 1204 3635 1259 ad
3667 1219 3804 1260 eum

2180 1296 2414 1363 Valeria,
2448 1310 2611 1366 quum
2647 1311 2706 1351 se
2736 1304 2949 1366 putaret
2976 1296 3030 1351 in
3068 1297 3310 1365 patribus
3336 1297 3454 1368 ejus
3481 1299 3654 1354 tutius
3678 1313 3811 1354 mo-

2179 1397 2439 1455 raturam,
2471 1402 2537 1443 eo
2576 1388 2808 1444 maxime
2834 1388 2977 1459 quod
3000 1388 3231 1445 habebat
3262 1404 3512 1446 uxorem.
3548 1390 3661 1447 Sed
3687 1392 3810 1447 ani-

2178 1480 2285 1536 mal
2315 1480 2579 1536 nefarium
2605 1480 2847 1550 protinus
2870 1480 3177 1536 inardescit.
3211 1480 3400 1537 Adhuc
3420 1481 3479 1537 in
3508 1483 3650 1539 atris
3671 1496 3809 1539 ves-

2178 1571 2319 1626 tibus
2347 1579 2463 1626 erat
2505 1570 2715 1635 mulier,
2756 1569 2994 1625 nondum
3036 1571 3209 1628 luctus
3238 1579 3486 1643 tempore
3528 1572 3800 1643 impleto.

2176 1662 2389 1734 Legatis
2417 1661 2705 1733 praemissis
2735 1661 2793 1717 in
2833 1662 3175 1718 matrimonio
3215 1664 3477 1733 postulat,
3504 1664 3804 1734 ejecturus

2178 1768 2420 1821 uxorem,
2465 1752 2513 1807 si
2557 1752 2916 1823 impetrasset.
2964 1753 3262 1825 Respondit
3308 1753 3402 1810 illa
3429 1756 3633 1825 libere,
3672 1772 3805 1828 qua:

485 1848 817 1905 vindicaret?
856 1846 1201 1903 Mediocrium
1248 1845 1418 1913 tilias,
1469 1856 1526 1901 ut
1568 1847 1762 1917 cuique
1805 1846 2071 1915 libuerat,
2104 1857 2152 1918 Β
2178 1846 2291 1902 sola
2343 1853 2556 1916 poterat
2600 1861 2617 1901 :
2660 1845 2833 1914 primo
2875 1858 2983 1901 non
3032 1860 3192 1917 posse
3229 1846 3299 1902 de
3349 1848 3560 1917 nuptiis
3602 1848 3662 1903 in
3701 1848 3804 1903 illo

486 1940 749 2013 rapiebat.
797 1940 1103 2005 Prlmariaa,
1154 1954 1272 2010 quas
1318 1939 1432 2010 rapi
1458 1953 1563 1994 non
1594 1947 1873 2010 poterant,
1900 1941 1952 1995 in
1977 1939 2074 1995 be-

487 2034 696 2091 neficiis
728 2036 1077 2103 petebantur;
1130 2047 1230 2088 nec
1273 2032 1509 2088 recusari
1552 2032 1785 2099 licebat,
1840 2033 2075 2088 subscri-

489 2126 651 2181 bente
678 2124 1033 2196 lmperatore,
1083 2124 1211 2194 quin
1258 2133 1348 2179 aut
1372 2124 1706 2193 pereundum
1754 2133 1938 2190 esset,
1981 2133 2074 2179 aut

484 2218 767 2274 habendus
820 2231 986 2289 gener
1038 2216 1231 2289 aliquis
1261 2217 1539 2273 barbarus.
1590 2216 1721 2272 Nam
1748 2216 1862 2273 fere
1891 2216 2071 2275 nullus

484 2309 712 2379 stipator
770 2308 821 2362 iu
872 2307 1041 2364 latere
1087 2308 1176 2373 ei,
1207 2308 1308 2362 nisi
1350 2324 1421 2363 ex
1469 2318 1626 2379 gente
1689 2308 1914 2375 horum,
1978 2310 2067 2380 qui

483 2415 516 2463 a
568 2399 758 2459 Gothis
808 2408 1049 2473 tempore
1094 2399 1453 2457 vicennalium
1503 2400 1661 2457 terris
1714 2401 1827 2456 suis
1892 2399 2062 2471 pulsi,

2179 1938 2332 1994 ferali
2380 1937 2562 1992 habitu
2594 1950 2777 2009 agere,
2819 1937 3008 2009 tepidis
3054 1938 3231 1994 adhuc
3277 1940 3559 1997 cineribus
3603 1943 3799 1997 mariti

2178 2032 2282 2095 sui,
2311 2031 2477 2102 patris
2505 2030 2654 2101 ejus;
2679 2030 2876 2087 deinde
2906 2031 3052 2087 illum
3085 2032 3249 2103 impie
3276 2033 3479 2100 facere,
3512 2035 3669 2106 quod
3693 2036 3803 2092 sibi

2179 2123 2338 2178 ﬁdam
2364 2122 2660 2193 ,‘conjugem
2702 2122 2969 2192 repudiet,
3020 2123 3161 2180 idem
3201 2125 3386 2197 utique
3438 2127 3695 2184 facturus
3743 2136 3828 2184 et‘

2177 2216 2315 2281 sibi;
2357 2225 2664 2286 postremo,
2716 2213 2869 2270 nefas
2920 2229 3043 2272 esse
3091 2216 3235 2271 illius
3281 2217 3523 2272 nominis
3562 2233 3632 2274 ac
3688 2220 3799 2275 loci

2175 2306 2429 2362 feminam
2471 2305 2587 2361 sine
2616 2320 2786 2371 more,
2813 2307 2930 2362 sine
2958 2308 3232 2377 exemplo,
3261 2309 3521 2365 maritum
3550 2311 3798 2368 alterum

2172 2399 2422 2470 experiri.
2468 2396 2752 2454 Nuntiatur
2794 2396 2999 2454 homini
3041 2398 3170 2471 quid
3198 2408 3348 2457 esset
3389 2415 3548 2457 ausa.
3587 2386 3796 2459 Libido

1825 2542 2183 2601 VARIORUM
2221 2541 2453 2600 NOTAE.

480 2681 635 2734 mina:
653 2693 759 2733 non
791 2677 919 2732 solre
947 2683 1106 2743 sunt,
1138 2690 1257 2745 qute
1298 2675 1429 2731 viris
1449 2676 1649 2744 juncta:
1694 2684 1817 2733 sunt
1844 2720 1859 2745 ,
1889 2679 1982 2734 sed
2011 2687 2066 2735 et

480 2751 734 2820 virgines.
763 2746 1283 2821 GlossariaLabbei,
1316 2747 1567 2821 Firmino,
1598 2750 1767 2809 θήλεια
1786 2766 1945 2820 quam
1969 2766 2066 2804 vo-

483 2819 598 2875 cem
623 2821 783 2889 vulgo
805 2833 899 2888 per
926 2819 1159 2890 («satirica
1177 2859 1193 2884 ,
1222 2833 1317 2890 seu
1343 2819 1721 2888 quai'l‘aaminei
1750 2819 1912 2875 sexus
1942 2830 2026 2875 est
2048 2860 2064 2887 ,

484 2887 1090 2960 interpreiantuﬂquod
1110 2887 1407 2959 virginibus
1427 2905 1638 2961 quoque
1665 2892 1937 2959 proprium
1962 2899 2065 2947 est.

592 2996 593 2999 η
1669 2961 1929 3017 Bsuanar.

570 3031 761 3085 Vestes.
785 3028 842 3085 In
873 3043 999 3094 ms.,
1031 3028 1179 3094 Vris,
1209 3029 1369 3085 male.

2238 2680 2283 2733 Α
2306 2680 2550 2737 Gothis...
2582 2683 2734 2753 pulsi.
2760 2683 2841 2740 Ad
2871 2683 3142 2740 Galerium
3175 2683 3564 2741 Maximianum
3595 2685 3794 2741 Caesa-

2170 2766 2283 2827 rem
2315 2753 2686 2827 confugerunt,
2717 2764 2773 2810 et
2808 2765 2997 2827 postea
3024 2770 3086 2811 se
3122 2755 3434 2827 Maximino,
3469 2772 3639 2827 quem
3684 2757 3801 2813 Ga-

2171 2822 2334 2894 lerius
2359 2822 2723 2893 adoptaverat,
2755 2822 3134 2894 adjunxerunt,
3179 2836 3234 2879 et
3265 2826 3319 2880 in
3362 2822 3664 2883 num'erum
3694 2828 3803 2884 Sa-

2172 2891 2397 2966 telljtum
2433 2891 2497 2949 ac
2522 2891 2881 2966 protectorum
2920 2895 3036 2966 ejus
3055 2896 3235 2952 allecti
3259 2905 3408 2953 sunt.
3440 2899 3655 2954 BALUZ.

2249 2962 2645 3036 Rrotectoribus.
2671 2966 2727 3020 ld
2750 2975 2851 3032 est,
2882 2962 3123 3036 corporis
3151 2967 3489 3025 custodibus.

2249 3034 2503 3106 Orientem
2544 3036 2761 3091 ludibrio
2803 3034 2998 3091 habuit.
3043 3037 3142 3091 Ms.
3186 3051 3284 3106 pro
3325 3037 3575 3103 ludibrio,
3625 3040 3802 3097 habet

558 3100 917 3184 Per‘singulos
962 3109 1105 3181 artus
1133 3099 1549 3184 inspiciebantur.
1592 3098 2065 3184 Casaubonusno-
2091 3120 2137 3184 ο
2172 3104 2840 3184 ἰηάξίζνὶαωιριςνυρέαῇῳε
2862 3108 2994 3163 mire
3014 3098 3343 3184 conveniunt
3362 3123 3487 3184 cum
3520 3098 3805 3184 extremis

484 3180 590 3238 tat,
623 3179 683 3225 ut
727 3186 911 3225 servos
934 3212 950 3237 ,
997 3171 1075 3241 sic
1104 3177 1384 3241 etservas
1409 3172 1580 3227 nudas
1621 3173 1689 3227 ab
1734 3173 2066 3241 emptoribus

484 3243 649 3315 fuisse
680 3242 980 3315 inspectas._
995 3240 1110 3296 Non
1140 3240 1404 3315 absimilis
1431 3242 1636 3313 (inquit
1659 3240 1907 3315 Tollius)
1934 3244 2063 3315 olim

484 3314 772 3438 gersarum
801 3312 1012 3367 licentia
1037 3352 1052 3379 ,
1082 3320 1137 3366 et
1170 3310 1338 3368 hodie
1362 3310 1653 3369 Turcarum
1675 3354 1691 3380 ,
1742 3310 1901 3384 atque
1938 3314 2065 3370 item

528 3398 787 3440 ersarum.

554 3475 947 3530 Detrectaverat.
978 3474 1077 3531 Ms.
1109 3475 1237 3546 legit
1260 3475 1642 3532 detractaverat.

554 3546 823 3617 Tanquam
849 3547 1129 3617 majestatis
1176 3548 1366 3601 crimen
1410 3558 1535 3603 esset
1561 3548 1654 3602 sub
1699 3548 1790 3603 illo
1836 3550 2068 3604 adultero

487 3618 749 3687 pudicitia.
781 3617 856 3672 Ita
874 3688 883 3691 _
901 3632 1014 3691 ms.
1041 3617 1241 3691 ‘Nescio
1267 3632 1373 3691 quo
1398 3626 1555 3691 pacto
1596 3619 1757 3691 dictio
1783 3621 2027 3691 pudicitia
2050 3662 2065 3685 ,

485 3698 591 3760 tam
619 3688 921 3760 necessaria
950 3687 1016 3742 ad
1041 3687 1199 3758 hujus
1229 3688 1330 3743 loci
1360 3687 1799 3760 intelligentiam,
1830 3692 1882 3745 in
1915 3690 2063 3746 nulla

484 3759 721 3814 editione
747 3758 1066 3827 reperiatur.

555 3828 847 3900 castitatem
868 3845 927 3882 ac
955 3830 1129 3894 fidem.
1158 3828 1215 3885 In
1244 3845 1375 3895 ms.,
1401 3831 1628 3886 castitate
1656 3848 1716 3887 ac
1746 3833 1865 3900 ﬁde.

558 3899 827 3971 Monstro,
857 3900 1136 3968 pudicitia.
1180 3900 1421 3955 Ministro
1446 3912 1753 3958 constanter
1779 3905 1970 3971 legitur
2013 3904 2066 3959 in

486 3983 589 4023 ms.
618 3968 933 4039 quodgferri
964 3984 1067 4024 non
1098 3979 1309 4039 potest;
1340 3972 1504 4027 dictio
1543 3974 1686 4028 enim
1715 3968 1930 4028 ministri
1959 3988 2067 4029 non

483 4040 736 4094 convenit
765 4037 1021 4110 Principi.
1052 4037 1382 4110 Legendum,
1417 4043 1525 4096 Sub
1553 4044 1647 4097 hoc
1668 4056 1923 4109 monstro,
1968 4063 2065 4108 pu-

484 4110 685 4184 ιιῇιξίιίαεΔ
696 4110 956 4184 integritas
977 4110 1275 4184 nulla;‘aut
1294 4151 1309 4175 ,
1346 4111 1454 4167 Sub
1484 4114 1579 4184 hoc
1599 4124 1823 4170 monstro
1842 4114 2068 4184 impudi-

482 4180 643 4245 citiae,
667 4180 928 4249 integritas
957 4181 1123 4234 nulla.
1147 4181 1429 4237 ALMELOV.
1458 4193 1502 4237 et
1524 4183 1782 4238 wam.

560 4268 629 4323 Ut
654 4269 763 4338 ipse
788 4269 841 4323 in
861 4269 1093 4347 omnibus
1121 4272 1313 4340 nuptiis
1334 4283 1676 4347 prwgustator
1701 4284 1845 4329 esset.
1875 4275 1931 4330 Id
1961 4284 2065 4347 est,

479 4353 679 4410 novam
712 4348 932 4410 nuptam
955 4340 1256 4410 deﬂoraret;
1303 4343 1348 4397 si
1376 4340 1477 4396 hoc
1506 4345 1672 4399 verbo
1697 4347 1770 4399 uti
1801 4347 1945 4402 licet.

551 4409 811 4481 lngenuas
840 4409 1055 4480 virgines
1082 4413 1396 4467 imminutus.
1420 4412 1747 4479 lmminutas,
1773 4416 1820 4471 id
1844 4428 1925 4473 est
1949 4432 2068 4474 cor-

479 4480 704 4553 ruptas,
736 4480 821 4553 vel
863 4481 1107 4553 violatas.
1136 4482 1311 4538 Proba
1355 4498 1455 4537 ms.
1486 4486 1684 4541 codicis
1730 4487 1915 4553 lectio;
1964 4505 2062 4547 nec

478 4548 757 4628 mutanda,
781 4548 1041 4628 siquidem
1069 4554 1293 4628 ipsemet
1315 4555 1643 4628 Lactantius,
1668 4551 1783 4613 Div.
1804 4548 2055 4628 Institut.,

477 4620 573 4697 l_ib.
607 4637 653 4687 ι,
685 4636 802 4691 cap.
838 4619 940 4697 ll),
967 4619 1127 4697 paulo
1150 4635 1276 4680 ante
1299 4627 1482 4689 linem,
1512 4628 1579 4680 de
1599 4619 1794 4697 spurco
1814 4619 2061 4688 illoJove

474 4690 809 4771 Paganorum
840 4693 915 4745 ait
944 4690 1262 4771 {lulianum
1284 4712 1435 4771 suam
1451 4697 1602 4751 vitam
1622 4690 1674 4752 in
1701 4702 1890 4771 stupris
1917 4701 2063 4758 adul-

473 4765 712 4837 teriisque
730 4765 1062 4837 consumpsit.
1094 4764 1281 4820 Omitto
1309 4767 1524 4835 virgines
1551 4785 1678 4837 quas
1704 4764 1974 4826 imminuit.

524 4832 780 4959 Ιξῖοἰῖιίεεδς.
806 4833 862 4888 ld
899 4832 1004 4902 est,
1030 4837 1169 4891 aula:
1199 4832 1472 4908 proceres,
1504 4832 1595 4909 qui
1628 4840 1919 4913 principem
1945 4857 2063 4913 sec-

561 4920 626 4958 an
656 4920 737 4959 ur.

469 4910 737 4959 labantur.
1799 4910 1815 4913 “
2030 4912 2033 4913 ⁷

544 4972 891 5054 Imi_taban_tur
918 4972 1035 5045 [hoc
1057 4977 1363 5054 exemplum,
1394 4986 1446 5054 et
1468 4979 1675 5054 civium]
1698 5000 1928 5052 suorum,
1951 4993 2055 5042 etc.

472 5043 599 5124 Ms,
635 5043 960 5124 Imitabatuf,
991 5043 1265 5124 mendose.
1300 5050 1400 5124 Per
1428 5050 1523 5104 hoc
1560 5043 1849 5122 exemplum
1895 5043 1941 5110 et
1983 5059 2062 5110 ci-

473 5116 612 5195 uium
630 5156 643 5180 ,
671 5114 996 5195 quindecim.
1004 5116 1305 5195 litterarum
1332 5121 1576 5195 iacunam
1603 5114 1951 5195 manuscripti
1979 5142 2063 5183 co-

474 5184 613 5266 dicis
638 5185 898 5266 suppleri.
933 5184 1307 5266 Aliter_tamen
1330 5190 1437 5266 legi
1457 5202 1814 5266 _posset,3um
1842 5184 2059 5266 propius

475 5255 787 5337 inspicienti
801 5266 1094 5337 appareant
1112 5259 1175 5337 in
1188 5274 1288 5337 ms.
1308 5255 1431 5337 dua:
1455 5255 1762 5319 litteraeTr.
1779 5255 1898 5337 qua:
1922 5255 2065 5337 prio-

472 5339 562 5379 res
585 5335 708 5380 sunt
733 5326 925 5380 littera:
952 5328 1100 5381 vocis
1133 5327 1366 5385 Tribuni.

556 5394 627 5474 _In
646 5395 934 5465 Beneﬁciis.
963 5395 1275 5474 Beneﬁcium
1304 5415 1370 5474 eo
1393 5403 1515 5458 loco
1538 5403 1803 5474 significat
1826 5425 2060 5464 remune-

474 5466 722 5590 ἓῗιξιέηῖω
740 5481 1057 5590 gmsessam
1077 5466 1147 5525 ob
1166 5472 1411 5542 quaedam
1436 5466 1616 5530 munia
1643 5487 1790 5534 recte
1811 5489 2066 5552 suscepta

627 5552 651 5590 r
675 5552 736 5590 ec
796 5579 810 5590 .

473 5547 529 5590 et
558 5547 810 5604 perfecta.

548 5605 794 5693 itecusari
827 5608 1023 5693 licebat.
1070 5610 1149 5667 ita
1174 5625 1277 5668 ms.
1307 5611 1515 5671 Mallem
1535 5657 1550 5683 ,
1577 5631 1814 5677 recusare
1840 5622 2056 5693 licebat,

474 5684 621 5729 metu
649 5683 1053 5735 submersionis.

472 5744 781 5841 :“'§ti-patt?r
804 5742 1629 5841 intngereeiisiereposuerunt
1673 5761 1931 5834 editores,
1958 5781 2061 5841 pro

465 5813 482 5864 ἰ
504 5813 643 5869 alata
671 5817 742 5870 rei
760 5858 774 5882 ,
829 5820 972 5887 quod
999 5831 1081 5875 est
1108 5820 1161 5874 in
1190 5836 1291 5877 tus.
1324 5813 1595 5895 corrupte.

2170 3175 2345 3232 verbis
2369 3178 2557 3246 capitis
2579 3177 2676 3232 i9:
2704 3177 2841 3231 Daia
2861 3194 3043 3233 vero...
3067 3178 3260 3247 accepit
3288 3178 3554 3235 Orientem
3573 3182 3802 3237 calcan-

2169 3247 2292 3300 dum
2320 3257 2468 3318 atque
2494 3248 2880 3303 conterendum.

2237 3338 2585 3411 Concupisset.
2612 3339 2702 3395 Sic
2726 3339 3132 3411 etLactantius,
3162 3340 3412 3409 audisset,
3434 3345 3742 3411 quiuisset.

2242 3409 2479 3465 Matrem.
2506 3411 2728 3480 PrOpter
2743 3410 3373 3479 Maximiniadoptionem
3394 3428 3424 3464 a
3447 3409 3803 3472 Maximiano

2168 3479 2386 3537 Galerio
2417 3479 2630 3545 factam,
2652 3481 2806 3550 cujus
2834 3496 2969 3536 uxor
2988 3489 3044 3537 et
3071 3481 3228 3537 vidua
3256 3491 3375 3537 erat
3404 3483 3665 3539 Valeria.
3854 3525 3859 3531 .

2239 3553 2320 3626 {id
2365 3568 2502 3626 eum.
2554 3551 3177 3626 Scilice_t_Maximinum
3256 3553 3466 3619 Daiam,
3502 3554 3584 3626 in
3632 3556 3805 3626 cujus

2168 3622 2345 3677 aulam
2372 3622 2459 3676 illa
2485 3630 2607 3690 post
2633 3622 2809 3677 mariti
2840 3631 3065 3678 mortem
3096 3632 3469 3687 concesserat,
3500 3624 3578 3678 ibi
3611 3639 3679 3681 se
3707 3622 3803 3682 in-

2168 3694 2274 3764 tius
2304 3701 2630 3748 moraturam
2658 3707 2778 3764 esse
2809 3703 3022 3762 putans,
3063 3702 3248 3764 spreto
3274 3693 3507 3763 Licinio,
3536 3697 3633 3751 cui
3666 3712 3798 3754 eam

2167 3763 2410 3821 Galerius
2439 3763 2931 3819 commendaverat.
2965 3763 3166 3820 ΒΑιυι.
3266 3773 3295 3781 ‘

2241 3857 2548 3913 Prwmissis.
2590 3857 2717 3927 Ms,
2751 3857 3354 3924 primis.—Buneman.
3380 3857 3641 3928 sequitur
3683 3876 3799 3917 ms.

2167 3938 2222 4009 et
2244 3928 2425 4009 habet,
2470 3928 3238 4009 Legatis_pﬁm§,__potamque
3266 3938 3603 4009 sequentem
3631 3932 3802 4009 exiri-

2167 3998 2584 4070 betz—Legatis
2613 3998 2984 4070 primis._Editi
3010 4013 3220 4066 omnes,
3259 3999 3442 4069 legatis
3472 4003 3798 4069 praemissis.

2168 4070 2238 4125 At
2270 4086 2371 4126 ms.
2400 4068 2595 4140 primis.
2616 4068 2703 4124 'Ad
2739 4068 3079 4125 indicandam
3131 4068 3532 4138 impudentiam
3565 4073 3803 4131 videtur

2168 4141 2366 4197 dixisse
2392 4140 2580 4213 legatis
2609 4140 2815 4211 primis,
2863 4140 2914 4196 id
2944 4148 3029 4196 est
3067 4155 3155 4210 per
3192 4140 3386 4211 primos
3404 4142 3542 4266 janli3
3555 4144 3794 4217 legatos.

3546 4230 3644 4266 DN.

3546 4230 3644 4269 ΗΝ.

2243 4304 2372 4377 Quae
2402 4304 2515 4359 sola
2544 4311 2758 4375 poterat.
2792 4304 3049 4377 Subaudi,
3098 4303 3253 4360 libere
3293 4306 3637 4377 respondere.
3675 4308 3803 4366 Non

2165 4376 2454 4431 verebatur
2483 4377 2648 4445 enim,
2694 4391 2762 4431 ne
2790 4376 2961 4445 ipsam
2991 4375 3046 4429 vi
3074 4375 3390 4445 stupraret,‘
3428 4378 3516 4431 vel
3563 4391 3804 4435 necaret

2168 4446 2506 4502 Maximinus.
2524 4444 2751 4500 Tantum
2765 4443 2970 4501 scilicet
2995 4446 3050 4500 in
3072 4443 3423 4513 Imperatoris
3440 4462 3684 4505 uxorem
3717 4452 3805 4506 vi-

2087 4517 2142 4577 D
2166 4517 2325 4589 duam
2357 4531 2462 4571 non
2489 4516 2733 4589 audebat
2748 4525 3027 4589 tyrannus.
3056 4516 3411 4573 Heuuauuus.

2236 4586 2435 4642 Ferali.
2463 4588 2561 4642 Ms.
2596 4586 2785 4657 fetiali,
2811 4597 3085 4656 corrupte.

2236 4658 2419 4735 Patris
2446 4660 2573 4723 eius.
2604 4659 2818 4735 Scilicet
2837 4656 3038 4735 Galerii
3057 4656 3383 4725 Maximiani,
3417 4659 3514 4729 qui
3541 4670 3673 4719 erat
3701 4679 3807 4735 per

2163 4728 2506 4794 adoptionem
2530 4739 2681 4798 pater
2718 4729 3009 4783 Maximini.

2236 4798 2445 4855 Fidam.
2477 4798 2537 4853 In
2576 4815 2678 4855 ms.
2711 4799 2884 4867 ﬁdem.
2930 4798 3114 4866 Forte,
3147 4799 3374 4869 ﬁdelem,
3397 4800 3677 4860 breviatis
3710 4805 3808 4861 lit-

2166 4871 2315 4927 teris.

2239 4962 2478 5017 Nominis
2512 4979 2573 5016 ac
2608 4962 2726 5016 loci.
2762 4961 2818 5017 ld
2852 4968 2955 5027 est,
2981 4960 3277 5031 dignitatis.
3308 4961 3409 5015 lib.
3439 4977 3477 5017 v
3511 4962 3807 5033 Institnt.,

2165 5047 2284 5115 cap.
2318 5035 2343 5088 1
2369 5052 2383 5087 :
2410 5033 2883 5115 Nauigauit-ilia...
2913 5033 3383 5115 loci..S_partianlu.s
3411 5033 3810 5115 ἰηιΑῃῐρηῑηο
3854 5060 3871 5072 ν

2167 5104 2324 5191 Geta,
2355 5120 2473 5187 ca_p.
2502 5102 2712 5191 Sed
2727 5104 2837 5173 jam
2872 5104 3049 5173 optimi
3068 5105 3132 5191 in
3174 5104 3441 5191 republica
3472 5104 3617 5191 loci...
3638 5110 3811 5191 L3H":

2167 5174 2369 5246 pridins
2412 5177 2464 5230 in
2492 5176 2649 5232 Alex.
2679 5176 2889 5242 Seven,
2921 5190 3042 5245 cap.
3064 5175 3133 5230 5:
3167 5174 3293 5229 Non
3311 5176 3489 5246 magni
3506 5180 3646 5246 satis
3679 5181 3807 5239 loci.

3504 5244 3653 5304 Bm.

2238 5316 2528 5372 Feminam.
2561 5316 2618 5373 In
2645 5332 2749 5372 ms.
2778 5316 2989 5387 femina.
3594 5284 3605 5305 ὁ

2242 5406 2368 5485 Sine
2395 5406 2643 5485 cntempla.
2675 5406 2788 5485 _Via
2803 5405 3108 5485 exemplum
3159 5408 3533 5467 secundarum
3571 5417 3813 5485 nuptia—

2169 5478 2386 5550 rumnin
2433 5479 2720 5548 Augusteis
2762 5478 2963 5549 feminis
3001 5477 3282 5550 habemus,
3325 5492 3532 5550 praeter
3566 5477 3812 5544 Lucina:

2170 5548 2320 5622 Lucii
2342 5546 2707 5622 Veriuxoris,
2730 5546 2903 5622 quam_
2915 5557 3035 5617 post
3064 5548 3170 5622 viri
3191 5546 3424 5622 mortem
3458 5564 3625 5622 pater
3662 5557 3813 5614 hlar-

2172 5634 2270 5676 cus
2295 5616 2843 5692 AntoninusClaudio
2873 5618 3200 5692 Pompeiano
3232 5621 3377 5692 seni,
3419 5616 3644 5692 equitis
3692 5631 3814 5685 Ro-

2173 5689 2316 5766 inani
2348 5688 2476 5754 filio,
2506 5690 2721 5766 invitam
2752 5697 2930 5744 tamen
2956 5689 3191 5745 tradidit.
3230 5690 3368 5747 Vide
3400 5688 3708 5766 Capitolin.
3756 5704 3811 5755 in

2175 5761 2377 5822 Marco,
2408 5774 2525 5828 cap.
2548 5760 2642 5814 ‘20.
3481 5760 3516 5800 '.

2251 5830 2481 5884 Homini.
2508 5830 2609 5885 Pro
2635 5830 2731 5899 illi,
2756 5830 2961 5887 scilicet
2982 5829 3286 5886 Maximino.
