3960 6324
131 271 231 335 257

1253 271 1344 329 AD
1386 267 1716 330 DONATUM
1757 268 2279 330 CONFESSOREM.

3314 277 3418 337 253

134 392 182 447 in
219 391 343 446 iram
385 389 735 460 furoremque
791 389 1142 445 convertitur.
1190 389 1381 446 Statim
1427 391 1706 447 mulierem
1734 393 1788 454 Α
1811 399 1997 446 centes
2020 391 2138 446 duci
2164 391 2442 460 jubentur.
2464 392 2647 448 Fletus
2668 396 3112 465 eteomploratio,
3144 414 3248 453 non
3277 400 3419 454 illius

134 482 420 554 proscribit,
450 482 590 538 bona
627 481 745 552 ejus
771 481 933 552 rapit,
961 481 1138 537 aufert
1162 482 1411 549 comites,
1443 481 1713 551 spadones

134 577 180 630 in
210 572 478 629 tormentis
517 581 694 640 necat,
727 573 899 644 ipsam
929 587 1050 628 cum
1098 581 1271 630 matre
1297 573 1350 628 in
1375 571 1594 630 exilium
1624 587 1713 629 re-

135 666 291 736 legat;
314 680 410 720 nec
430 665 484 720 in
515 665 692 721 locum
725 673 932 721 certum
950 681 962 719 :
983 663 1081 722 sed
1107 665 1211 722 huc
1234 673 1397 736 atque
1424 665 1550 720 illuc
1571 681 1711 734 prae-

130 757 324 827 cipitem
352 771 470 812 cum
512 755 744 814 ludibrio
767 757 1044 826 exturbat,
1074 765 1128 812 et
1150 756 1352 813 amicas
1377 755 1496 827 ejus
1523 755 1709 812 afﬁcto

131 847 373 906 adulterio
397 847 636 905 damnat.
700 862 714 917 ι

857 984 971 1042 XL.

195 1119 313 1177 Erat
340 1118 641 1176 clarissima
673 1118 916 1186 foamiua,
944 1119 1029 1174 cui
1056 1134 1122 1174 ex
1152 1117 1274 1173 filiis
1290 1117 1581 1188 juvenibus
1604 1115 1714 1186 jam

133 1221 334 1282 nepotes
352 1221 526 1268 erant.
545 1211 698 1269 Hanc
714 1210 929 1266 Valeria
955 1220 1224 1280 tamquam
1245 1219 1468 1264 matrem
1493 1209 1716 1264 alteram

133 1305 388 1376 diligebat,
415 1305 574 1375 cujus
604 1304 836 1361 consilio
861 1315 1109 1376 negatam
1137 1303 1240 1358 sibi
1271 1303 1590 1373 suspicatur.
1619 1303 1720 1358 Dat

133 1400 380 1471 negotium
406 1399 630 1456 Praesidi
665 1399 941 1465 Eratineo,
974 1407 1032 1453 ut
1051 1413 1168 1454 eam
1189 1412 1311 1452 cum
1338 1397 1604 1452 dedecore
1633 1397 1718 1452 in-

133 1494 360 1551 terficiat.
390 1494 528 1550 Huic
574 1494 697 1550 alia
722 1494 844 1550 dua:
885 1494 1267 1564 adjuuguntnr,
1306 1509 1461 1564 aeque
1490 1493 1715 1561 nobiles,

132 1601 337 1656 quarum
363 1586 530 1642 altera
551 1586 828 1642 Vestalem
851 1586 1102 1641 famulam
1132 1585 1393 1654 virginem
1421 1575 1606 1640 Romae
1631 1599 1721 1640 re-

134 1677 361 1748 liquerat,
402 1677 640 1750 fugitivte
672 1687 802 1734 tunc
826 1677 1053 1734 Valeria:
1102 1677 1399 1733 familiaris.
1431 1677 1613 1732 Altera
1641 1676 1724 1732 vi-

143 1785 244 1826 rum
271 1770 450 1826 habuit
477 1782 808 1838 senatorem,
841 1785 945 1826 non
976 1770 1136 1826 nimis
1166 1772 1419 1842 Augustae
1448 1771 1717 1840 proxima.
1749 1792 1798 1852 Β

142 1859 235 1918 Sed
272 1872 488 1932 utraque
527 1863 602 1918 ob
631 1862 884 1918 eximiam
914 1861 1368 1932 pulchritudinem
1395 1861 1637 1930 corporis
1657 1877 1722 1918 ac

142 1954 426 2025 pudicitiam
453 1955 771 2012 necabatur.
790 1955 1088 2026 Rapiuntur
1103 1955 1280 2010 subito
1307 1954 1577 2021 mulieres,
1612 1969 1722 2011 non

141 2047 199 2102 ad
217 2046 486 2119 judicium,
509 2047 612 2102 sed
633 2047 700 2102 ad
723 2047 1115 2103 lactrocinium.
1139 2045 1249 2102 Nec
1267 2047 1410 2102 enim
1439 2047 1720 2117 quisquam

135 2150 392 2198 accusator
423 2141 668 2197 extabat.
719 2141 993 2197 Invenitur
1029 2140 1245 2211 quidam
1275 2139 1494 2196 Judaaus
1521 2140 1592 2195 ob
1619 2139 1723 2194 alia

137 2231 350 2289 facinora
375 2234 522 2300 reus,
552 2233 648 2304 qui
675 2247 772 2304 spe
793 2233 1126 2304 impunitatis
1163 2233 1434 2299 induetus,
1464 2232 1724 2288 adversus

138 2324 352 2381 insontes
384 2324 703 2390 mentiatur,
733 2324 906 2380 Judex
933 2339 1120 2394 aequus
1140 2332 1195 2378 et
1216 2323 1446 2393 diligens
1470 2333 1621 2379 extra
1641 2323 1720 2378 ci-

138 2417 330 2472 vitatem
346 2416 759 2487 cumpraasidio,
799 2431 869 2472 ne
900 2415 1170 2486 lapidibus
1223 2414 1508 2483 obruatur,
1536 2423 1722 2485 protu-

129 2503 198 2564 lit.
226 2511 486 2582 Agebatur
517 2511 642 2566 haec
687 2508 952 2581 tragtedia
985 2509 1196 2564 Nicaazn.
1250 2507 1566 2579 lnrogantur
1606 2516 1720 2562 tor-

129 2616 282 2662 menta
305 2605 512 2674 Judteo,
552 2605 683 2662 dum
714 2621 835 2677 qua:
855 2606 1039 2676 jussus
1070 2601 1222 2677 [erat
1247 2603 1484 2670 diceret;
1515 2603 1599 2658 lim
1629 2599 1720 2675 ne]

130 2696 466 2769 loquerentur,
504 2698 706 2770 pugnis
740 2713 773 2754 a
819 2697 1119 2757 tortoribus
1163 2704 1528 2753 coercentur:
1567 2696 1727 2749 inno-

1815 489 2022 536 tantum
2045 481 2241 547 mariti,
2271 481 2360 552 qui
2384 482 2566 538 aderat
2586 485 2723 541 bene
2749 487 2953 542 meritae
2976 491 3152 556 uxori,
3181 489 3276 545 sed
3305 505 3420 544 om-

1813 571 1984 641 nium,
2013 588 2149 645 quos
2171 589 2258 630 res
2285 574 2501 647 indigna
2526 586 2580 632 et
2601 577 2836 634 inaudita
2858 589 3221 636 contraxerat.
3255 591 3331 638 Ac
3353 597 3421 638 nc

1814 665 2017 737 impetu
2068 668 2250 738 populi
2297 668 2365 724 de
2424 671 2736 726 carnificum
2787 673 3036 729 manibus
3079 685 3418 745 raperentur,

1769 804 1773 808 .
1813 762 2046 831 promoti
2094 761 2314 816 militari
2364 762 2525 817 modo
2561 764 2808 820 instructi
2860 766 3048 822 velites
3079 776 3134 822 et
3159 767 3420 837 sagittarii

1814 861 2232 923 prosequuntur.
2267 851 2341 907 Ita
2369 853 2561 907 media:
2607 855 2746 909 inter
2769 870 2969 911 cuneos
2997 865 3322 912 armatorum
3351 859 3419 914 ad

1815 946 2134 1017 supplicium
2147 947 2412 1003 deductae.
2444 948 2852 1019 Jacuissentque
2877 950 3177 1021 insepultae,
3205 953 3422 1008 domes-

1819 1039 1940 1094 ticis
1964 1039 2014 1093 in
2045 1039 2220 1110 fugam
2255 1042 2444 1106 versis,
2470 1039 2571 1094 nisi
2593 1055 2684 1095 eas
2710 1041 2901 1096 furtiva
2934 1043 3226 1099 amicorum
3260 1046 3422 1100 mise-

1817 1129 2044 1185 ricordia
2074 1131 2373 1200 sepelisset.
2427 1130 2539 1186 Nec
2567 1131 2814 1188 adultero
2843 1133 3132 1203 impunitas
3161 1136 3419 1205 promissa

1816 1221 2182 1292 persolvitur:
2219 1220 2315 1276 sed
2341 1221 2578 1290 patibulo
2599 1221 2811 1290 affixus,
2848 1225 3059 1293 aperuit
3088 1240 3249 1280 omne
3277 1242 3422 1297 mys-

1822 1314 2038 1376 terium,
2069 1322 2124 1369 et
2151 1315 2252 1369 sub
2299 1324 2542 1370 extremo
2585 1316 2777 1385 spiritu
2816 1316 2988 1386 inquit
3029 1317 3301 1383 omnibus,
3331 1319 3422 1388 qui

1819 1404 2094 1475 videbant,
2129 1404 2237 1478 [ac]
2265 1406 2580 1462 innocentes
2609 1417 2662 1462 et
2682 1407 2888 1464 occisas
2913 1424 3038 1465 esse
3063 1419 3305 1466 testatur.

2539 1516 2670 1574 XLI.

1894 1638 2132 1706 Augusta
2187 1651 2319 1692 vero
2377 1635 2430 1692 in
2484 1635 2728 1692 desertas
2779 1636 3037 1708 quasdam
3092 1638 3416 1697 solitudines

1825 1727 1999 1800 Syria:
2012 1729 2273 1800 relegata,
2294 1740 2498 1799 patrem
2529 1745 2685 1784 suum
2712 1729 3095 1785 Diocletianum
3121 1747 3214 1802 per
3240 1732 3419 1788 occul«

1826 1828 1910 1875 tos
1939 1836 2165 1891 gnarum
2196 1819 2518 1876 calamitatis
2545 1836 2657 1876 suae
2685 1819 2833 1876 fecit.
2862 1819 3022 1875 Mittit
3047 1822 3138 1878 ille
3166 1823 3373 1894 legatos
3393 1865 3412 1892 ,

1825 1923 1880 1970 et
1906 1923 2057 1985 rogat
2088 1924 2144 1970 ut
2184 1915 2250 1970 ad
2280 1931 2340 1971 se
2385 1916 2545 1970 filiam
2585 1915 2842 1971 remittat.
2875 1916 3016 1971 Nihil
3045 1917 3277 1988 prolicit.
3309 1917 3416 1973 Ite-

1824 2021 1944 2061 rum
1973 2021 2036 2060 ac
2056 2005 2253 2076 saepius
2297 2008 2566 2062 obsecrat.
2611 2006 2725 2062 Non
2773 2009 3080 2064 remittitur.
3128 2009 3415 2066 Postremo

1825 2110 2109 2169 cognatum
2162 2116 2317 2154 suum
2363 2100 2648 2171 quemdam
2712 2101 2997 2157 militarem
3044 2119 3104 2158 ac
3140 2113 3418 2174 potentem

1827 2191 1998 2245 virum
2029 2190 2167 2260 legat
2187 2231 2202 2258 ,
2234 2193 2322 2262 qui
2354 2207 2474 2246 eum
2508 2192 2891 2250 beneﬁciorum
2921 2209 3140 2250 suorum
3170 2195 3419 2250 admoni-

1828 2290 1940 2336 tum
1989 2281 2328 2351 deprecetur.
2378 2283 2428 2338 Is
2457 2300 2708 2355 quoque,
2762 2284 3072 2356 imperfecta
3121 2287 3416 2358 legatione,

1827 2371 2010 2428 irritas
2035 2388 2220 2443 preces
2241 2375 2526 2431 renuntiat.

2543 2488 2697 2544 XLII.

1897 2600 2206 2674 Eodemque
2240 2611 2482 2674 tempore
2516 2605 2662 2659 senis
2700 2603 3006 2660 Maximiani
3049 2616 3239 2662 statua:
3275 2606 3417 2663 Con-

1832 2696 2050 2752 stantini
2068 2697 2222 2768 jussu
2247 2697 2663 2766 revellebantur,
2679 2700 3005 2770 ctimagines
3024 2714 3147 2756 cum
3175 2717 3281 2772 quo
3305 2704 3419 2774 pic-

1420 2811 1783 2870 VAHIORUM
1819 2811 2050 2868 NOTAE.

183 2932 399 3004 Comites.
422 2933 520 2989 Hic
538 2932 788 2988 feminini
812 2933 1046 3004 generis.

1894 2927 2334 3003 Ingructiuelites
2363 2938 2408 2984 et
2451 2930 2702 3003 sagittarii
2738 2941 3133 3000 prosequuntur.
3181 2931 3267 2988 Sic
3298 2933 3442 3003 lego‘

183 3003 342 3080 Ipsum
361 3022 478 3080 cunt
487 3015 656 3080 matre
674 3007 728 3080 in
753 3000 964 3080 exilium
979 3003 1189 3080 relegat.
1215 3001 1481 3080 Valeriam
1506 3015 1700 3068 nempe
1727 3017 1773 3080 ρ
1803 3014 1924 3054 cum
1960 3000 2206 3080 _Baluzio‘
2228 3001 2369 3080 inter
2411 3016 2520 3055 sua:
2563 3002 2814 3080 editionis
2857 3013 3052 3080 errata,
3098 3019 3217 3058 cum
3265 3000 3415 3080 sitin

124 3073 228 3130 cum
251 3075 422 3132 Prisca
453 3077 778 3131 Diocletiani
801 3091 989 3140 uxore,
1023 3073 1220 3144 de'qua
1249 3073 1491 3145 pluribus
1517 3082 1697 3127 actum

125 3147 268 3200 estad
297 3161 410 3216 cap.
443 3149 528 3202 15.
571 3145 775 3217 Ipsam,
802 3149 854 3200 in
887 3161 988 3199 ms.
1019 3146 1155 3216 ipsa.

187 3217 373 3271 Amicus
399 3221 534 3285 eius.
565 3218 785 3272 Scilicet
817 3217 1059 3272 Valeriae.

185 3289 363 3360 Alﬁcto.
393 3290 491 3344 Ms.
515 3290 727 3360 amicta,
750 3299 1021 3360 corrupte.

187 3359 490 3428 Suspicatur.
539 3358 634 3417 Sic
679 3361 733 3414 in
784 3373 886 3414 ms.
939 3359 1082 3415 Editi
1135 3373 1268 3414 vero
1319 3358 1699 3430 suspicabatur.

128 3429 417 3486 Maximinus
442 3432 652 3487 scilicet
671 3431 984 3502 suspicatur.

187 3519 432 3576 Eratineo.
480 3521 663 3577 Locus
712 3520 924 3576 videtur
971 3529 1292 3587 corruptus:
1324 3518 1577 3574 Praesidis
1607 3532 1708 3573 no-
1767 3523 1781 3536 ‘

129 3605 234 3646 men
271 3603 368 3648 est.
416 3593 622 3649 Bswz.
654 3623 726 3632 —
752 3592 955 3646 Forsan
988 3592 1232 3659 Eratino,
1261 3599 1320 3646 ut
1359 3592 1428 3645 sit
1461 3590 1707 3646 Graecum

133 3663 369 3737 ipurttvou,
391 3666 531 3736 quod
555 3664 700 3737 idem
723 3679 784 3719 ac
805 3665 1066 3737 ἐράσμιφς.
1092 3665 1342 3718 Attamen
1362 3661 1711 3737 H‘eutnannus

133 3685 369 3735 ςρατεινον,
391 3685 531 3736 quoa
555 3685 700 3719 luem
723 3685 784 3719 ac
805 3685 826 3717 ε
862 3686 1066 3737 ασμιος.
1092 3685 1342 3718 Λιιὶιιιιυιι
1362 3685 1710 3717 [ιυυιιιίηιιιυε

133 3732 233 3788 loco
245 3731 476 3790 Eratineo
491 3736 801 3805 suspicatur
825 3685 1114 3805 loegendum
1142 3749 1261 3789 esse
1285 3733 1535 3805 protinus,
1567 3731 1710 3802 quod

131 3805 328 3874 verbum
353 3803 632 3862 Lactantio
677 3816 760 3860 est
807 3803 1090 3874 familiare,
1134 3814 1192 3861 ut
1237 3803 1448 3859 videtur
1489 3805 1712 3872 hujusce

132 3873 234 3948 non
257 3892 368 3948 cap.
393 3878 484 3946 29,
515 3878 588 3934 so
617 3885 672 3932 et
689 3877 781 3948 59.

135 3944 478 4085 ﬁlfamulam.
515 3947 772 4006 Nonnulli
811 3949 992 4020 legere
1041 3945 1230 4007 volunt
1265 3945 1388 4016 jure
1417 3959 1482 4000 ac
1519 3945 1714 4000 merito

185 4034 293 4074 tam.

185 4034 274 4072 tam
280 4059 293 4074 ο

195 4109 453 4184 fugitivus.
485 4113 544 4169 In
578 4127 684 4169 ms.
713 4112 919 4182 furtiue,
953 4111 1113 4184 male.

197 4176 303 4256 Non
323 4187 468 4240 nimis
484 4176 737 4256 Augusta:
754 4185 1022 4256 proxima.
1039 4183 1116 4256 Ita
1135 4193 1216 4236 ms
1229 4217 1242 4232 .
1265 4176 1518 4233 Nonnulli
1540 4177 1717 4250 legere

136 4253 296 4308 volunt
322 4273 419 4310 non
440 4253 648 4322 minus;
675 4253 764 4310 alii
793 4273 894 4308 non
917 4254 1067 4308 nihil.

197 4323 496 4382 Necabatur.
530 4328 630 4381 Ms.
665 4326 994 4381 necabantur.

196 4393 448 4470 Invenitur
473 4399 685 4470 quidam
713 4396 954 4470 Judteus,
987 4407 1090 4451 etc.
1121 4394 1654 4470 Non_hoc___pri_ntu_m
1685 4405 1715 4470 εξ

136 4463 394 4523 Maximino
452 4463 752 4524 inventum.
819 4469 1113 4522 Praeiverat
1170 4466 1311 4519 enim
1356 4467 1427 4518 illi
1468 4466 1550 4518 vir
1589 4463 1716 4516 boni

139 4539 345 4609 exempli
375 4539 540 4608 Nero,
569 4555 692 4594 cum
732 4539 1014 4609 Octaviam
1038 4552 1259 4609 uxorem
1285 4533 1717 4609 repudiare__vcl-

135 4605 776 4682 let_in'gratiam'l’oppea:
805 4609 959 4682 Vide:
979 4608 1150 4682 'I‘acit.
1172 4608 1264 4682 lib.
1297 4623 1385 4660 xiv
1411 4605 1715 4662 Attualium.

195 4677 360 4735 ludes
385 4697 560 4753 (equus
588 4677 641 4736 ei
665 4677 899 4752 diligens.
933 4679 1141 4735 Irouice
1166 4677 1389 4732 dictum.

200 4769 467 4827 Obruatur.
495 4773 715 4829 Scilicet
735 4787 765 4826 a
787 4770 1014 4833 civibus,
1037 4771 1127 4840 qui
1155 4765 1718 4840 earumjnnocentiam

137 4853 407 4908 noverant;
437 4844 522 4899 vel
547 4844 704 4910 forte,
728 4857 796 4898 ne
827 4836 1070 4897 Judaeus'
1089 4841 1204 4910 ipse
1233 4839 1302 4895 ob
1331 4836 1521 4893 falsum
1563 4839 1716 4892 testi-

140 4912 358 4986 monium
389 4915 657 4986 lapidibus
683 4915 959 4986 obruatur.

199 4981 374 5039 Iussus
404 4979 512 5041 erat
543 4987 764 5049 diceret;
806 4985 887 5037 lite
913 5000 976 5036 ne
996 4983 1340 5049 loquerentur.
1368 4979 1458 5034 Sic
1488 4979 1720 5035 restituit

139 5055 336 5128 criticus
375 5055 832 5128 auonymustqui
871 5069 973 5128 uis.
1006 5055 1331 5128 inspexerat
1355 5050 1408 5104 in
1448 5067 1717 5128 (ιυοηιιει-

141 5126 414 5184 tuordecim
442 5123 658 5183 circiter
683 5123 892 5181 desunt
928 5126 1140 5179 litterae.
1187 5124 1288 5178 Alii
1322 5123 1503 5190 legunt
1546 5124 1720 5184 iussus

139 5195 263 5271 clunt
290 5207 419 5271 erat,
463 5200 680 5271 palant,_
701 5206 757 5271 et
793 5198 870 5271 sic
911 5195 1196 5271 legendum
1233 5207 1369 5271 esse.
1401 5193 1721 5271 conjiciebat

140 5263 602 5325 doctissimns'Nic.
639 5269 909 5323 Heinsius.
937 5263 1008 5322 Αῖι
1046 5268 1100 5322 in
1146 5280 1248 5321 ms.
1272 5264 1372 5336 legi
1397 5263 1720 5335 loquerentur

140 5345 187 5388 et
211 5350 510 5410 coercentur,
540 5357 657 5410 qua:
687 5340 834 5394 nolui
866 5348 1092 5393 mutare.

202 5406 460 5482 J_ubentur.
492 5406 664 5479 Adde,
695 5409 764 5466 ad
789 5410 1130 5482 supplicium.

208 5477 436 5536 Tantum.
460 5483 560 5537 Ms.
593 5477 740 5536 tanti.

207 5547 552 5623 Contraxerat.
579 5552 636 5608 Id
661 5561 764 5619 est,
796 5552 1150 5609 advocaverat
1176 5551 1244 5606 ad
1273 5549 1657 5623 spectaculum.

208 5618 453 5678 Manibus.
485 5624 545 5678 In
575 5639 675 5680 ms.
703 5618 906 5678 manus.

211 5690 452 5766 Promoti.
483 5694 580 5750 Vel
596 5695 877 5766 progressi,
903 5695 988 5766 vel
1012 5703 1070 5748 ut
1091 5695 1271 5750 volunt
1293 5693 1533 5766 quidam,
1558 5693 1722 5752 duces

144 5761 404 5840 militares,
433 5766 529 5844 qui
545 5761 613 5825 att
630 5761 848 5828 ordines
870 5764 1078 5844 priores
1101 5761 1330 5854 promoti
1358 5774 1504 5825 sunt.

1807 3070 2289 3143 ms.,instructibile
2321 3087 2460 3125 mens
2502 3074 2809 3143 essagittari,
2853 3075 2997 3127 nullo
3033 3090 3216 3140 sensu,
3254 3084 3309 3129 ct
3347 3077 3419 3129 sit

1808 3141 1948 3215 idem
1995 3142 2288 3196 litterarutn
2325 3141 2630 3215 numerus;
2665 3144 2826 3197 Recte
2856 3145 2999 3198 enim
3040 3145 3126 3198 hic
3167 3145 3411 3215 (inquit)

1807 3212 2205 3286 coniunguntur
2256 3214 2426 3286 uelites
2468 3220 2524 3268 et
2556 3215 2827 3285 sagittarii,
2882 3230 3002 3269 cum
3054 3212 3415 3286 utrique—sint

1809 3284 1944 3338 levis
1970 3292 2254 3338 armatura:
2285 3283 2500 3339 milites.

1843 3352 2281 3479 ddacuizsentque.
2321 3353 2396 3410 Ita
2436 3370 2540 3409 ms.
2570 3363 2624 3412 et
2653 3366 2817 3412 recte.
2846 3357 3007 3411 Deest
3026 3373 3124 3425 que
3150 3357 3200 3411 in
3226 3356 3416 3427 priscis

1883 3437 2030 3479 ιιιοηι
2074 3440 2154 3479 us.

1810 3437 2154 3482 C(IIllOIIIDlIS.

1885 3496 2149 3578 adultero.
2192 3496 2407 3552 Scilicet
2432 3495 2638 3553 Judteo.
2684 3499 2951 3563 Adultera,
2996 3499 3048 3553 in
3089 3513 3212 3566 ms.,
3262 3497 3414 3552 adul-

1811 3578 1959 3624 terra.

1886 3639 2116 3710 Aperuit.
2150 3637 2496 3694 IIeumannus
2521 3639 2648 3709 legit
2675 3641 2856 3710 aperit.

1890 3709 2083 3778 Inquit.
2117 3710 2214 3764 Ms.
2247 3713 2300 3763 in
2345 3711 2501 3775 quod.
2558 3708 2840 3765 Iledundat
2899 3709 3002 3765 hoc
3035 3708 3294 3772 verbum,
3324 3711 3408 3765 vel

1815 3781 2128 3835 mutandmn
2158 3792 2216 3834 ut
2243 3780 2467 3835 fecimus
2492 3822 2506 3846 ,
2536 3797 2657 3835 cum
2688 3781 2960 3835 additione
2989 3780 3408 3849 conjunctionis,

1816 3869 1876 3904 ac
1897 3866 2018 3920 qua:
2044 3851 2197 3906 deest
2233 3853 2284 3905 in
2318 3867 2418 3904 ms.
2463 3851 2617 3919 quasi
2647 3851 2884 3917 diceret,
2931 3851 3024 3904 sub
3054 3861 3276 3905 extremo
3302 3855 3410 3921 spi-

1815 3923 1920 3976 ritu
1942 3923 2142 3993 locutns
2171 3933 2280 3986 est,
2312 3927 2387 3974 vel
2413 3923 2484 3974 ait
2509 3922 2740 3978 omnibus
2764 3923 2852 3993 qui
2872 3923 3104 3976 videbant
3122 3962 3137 3988 ,
3160 3939 3222 3975 ac
3261 3923 3410 3977 inno-

1822 4001 1990 4046 centes
2015 3992 2208 4045 occisas
2229 4009 2335 4046 esse
2359 4001 2586 4048 testatur.

1893 4063 2144 4133 Augusta.
2173 4063 2382 4118 Valeria
2413 4078 2640 4133 nempe,
2660 4063 3192 4119 GaleriiMaximiani
3225 4064 3403 4120 vidua.

1893 4133 2141 4188 Gnarum.
2168 4133 2262 4187 Ms.
2297 4150 2616 4203 magnarum,
2648 4135 2808 4190 male.

1895 4203 2234 4258 Calamitatis.
2257 4207 2312 4258 In
2342 4220 2441 4259 Ins.
2471 4247 2486 4271 ,
2508 4207 2844 4260 calamitates.

1894 4275 2221 4345 Deprecetur.
2247 4276 2343 4330 Ms.
2399 4274 2733 4345 Depreeatur.
2765 4307 2836 4317 —
2882 4275 3205 4345 Deprecetur.
3236 4276 3406 4334 Valde

1823 4358 2093 4416 precetur.
2124 4347 2235 4402 Cic.
2271 4348 2362 4402 lib.
2396 4364 2471 4409 ιι,
2502 4349 2657 4417 epist.
2689 4348 2758 4401 2-4
2791 4366 2802 4400 :
2835 4347 3052 4416 Legatos
3067 4359 3270 4402 senatus
3303 4365 3404 4402 non

1741 4420 1794 4479 D
1819 4419 1886 4471 ad
1909 4418 2281 4488 deprecandam
2304 4433 2509 4486 pacem,
2539 4419 2626 4472 sed
2665 4420 2732 4470 ad
2770 4419 2956 4472 bellum
3001 4420 3404 4473 denttntiandunt

1823 4489 2047 4543 miserat.
2077 4519 2146 4528 —
2189 4488 2514 4558 Deprecetur.
2569 4490 2692 4550 Ms.,
2737 4489 3054 4561 deprecatur.
3086 4490 3220 4545 Illud
3255 4491 3404 4561 prius

1822 4563 2060 4626 rectius,
2099 4575 2212 4632 pro
2265 4569 2514 4632 precetur,
2567 4576 2656 4632 exi
2683 4559 2862 4632 indole
2902 4561 3204 4632 Lactantii,
3251 4559 3403 4632 cujus

1803 4635 2067 4708 exempla
2081 4630 2320 4708 indicari
2344 4631 2410 4708 a_d
2440 4632 2612 4708 lib._1n
2641 4631 2812 4685 Instit.
2843 4646 2963 4698 cap.
3115 4631 3245 4708 Buiv.

1895 4701 2200 4772 [inperfecta
2231 4701 2494 4772 legatione.
2534 4701 2611 4755 Ita
2655 4717 2756 4755 ms.
2808 4701 3046 4772 nonnulli
3072 4701 3266 4772 eruditi
3300 4702 3400 4772 legi

1820 4771 2107 4835 volebant,
2143 4771 2365 4841 perfecta
2414 4771 2685 4840 legatione.
2717 4772 2887 4835 Quam
2919 4771 3156 4823 ultimam
3211 4771 3399 4826 lectio-

1820 4859 1944 4898 nem
1996 4842 2151 4897 valde
2209 4841 2401 4911 probat
2454 4841 2833 4896 Dunemannus
2859 4851 3041 4911 notam
3083 4851 3398 4910 sequentem

1820 4910 2222 4968 exhibens:——’
2260 4910 2500 4982 Perfecta
2553 4914 2818 4982 legatione.
2865 4910 2952 4966 Sic
3004 4912 3226 4982 omnino
3276 4927 3400 4967 cum

1821 4984 2040 5040 Heinsio
2090 4981 2376 5054 legendum
2400 4999 2494 5054 pro
2523 4983 2647 5038 edd.
2672 5000 2738 5037 ex
2765 4998 2867 5036 ms.
2921 4981 3268 5052 imperfecta;
3299 4984 3400 5038 nisi

1821 5057 1978 5112 malis
1997 5097 2012 5120 ,
2033 5056 2145 5126 jam
2178 5054 2412 5125 perfecta
2441 5055 2725 5126 legatione.
2757 5054 2890 5108 Bon.

1898 5123 2189 5192 Eodemque
2212 5135 2451 5194 tempore.
2477 5125 2552 5179 Ita
2580 5142 2679 5180 ms.
2701 5127 2813 5180 Duo
2835 5124 3028 5183 eruditi
3048 5123 3147 5179 viri
3177 5125 3399 5196 vellent,

1822 5197 1995 5255 eodem
2022 5213 2213 5268 quoque
2235 5208 2474 5264 tempore.

1897 5270 2066 5324 Senis.
2092 5269 2147 5323 In
2178 5283 2277 5322 ms.
2307 5283 2480 5322 senex.

1895 5341 2219 5394 Maximiani.
2252 5339 2484 5394 Ilerculii
2507 5354 2718 5410 nempe.

1898 5411 2048 5466 Senis
2102 5411 2404 5463 Maximiani
2451 5409 2700 5466 statuti"
2757 5411 3141 5466 revellebantur.
3194 5409 3404 5465 Conﬁr-

1822 5491 2038 5538 mantur
2067 5483 2132 5535 ab
2159 5481 2422 5548 Eusebio,
2455 5483 2580 5537 hist.
2629 5483 2772 5536 Eccl.
2835 5483 2930 5536 lib.
2962 5497 3084 5546 vni,
3138 5497 3254 5550 cap.
3293 5482 3359 5534 15
3389 5499 3402 5544 ;

1825 5553 1961 5607 lib.t
1995 5552 2516 5623 Vitaaflonstantin.,
2567 5569 2686 5620 cap.
2729 5554 2816 5619 47,
2863 5553 2929 5608 de
2982 5554 3176 5622 quibus
3221 5553 3407 5623 dispu-

1825 5631 1938 5678 tant
1967 5624 2215 5678 Balnzius
2244 5634 2296 5678 et
2317 5622 2557 5678 Nnrrius.
2594 5625 2723 5676 Ben.

1898 5695 2159 5766 liiragines
2190 5710 2301 5746 cum
2327 5696 2616 5766 quo_pictus
2639 5704 2790 5766 esset.
2817 5692 2892 5748 Ita
2917 5694 3260 5766 insaabsque
3299 5694 3408 5755 ulla

1825 5766 2036 5828 laeuna.
2065 5765 2194 5824 Post
2223 5765 2497 5842 imagines,
2526 5765 2738 5825 videtur
2763 5765 2951 5824 deesse
2979 5765 3138 5826 illius.
