3960 6328
148 175 240 234 261

1264 172 1355 229 AD
1396 170 1726 231 DONATUM
1766 168 2289 231 CONFESSOREM.

3322 175 3431 234 26!

152 291 387 357 Lalctidas
415 285 758 354 novembris;
801 293 857 342 et
902 285 1318 358 quinquennalia
1364 291 1728 344 terminaban-
1753 290 1808 350 Α
1832 303 2021 357 magna
2050 289 2280 349 Senatus
2311 287 2605 359 populique
2648 286 2879 344 Romani
2928 287 3114 345 laetitia
3145 301 3427 361 susceptus

152 397 246 441 tur.
277 382 638 439 Citiumonitus
668 390 751 436 est
778 381 834 435 in
860 382 1046 451 quiete
1070 381 1458 436 Constantinus
1477 423 1492 448 ,
1525 391 1584 435 ut
1612 397 1726 437 cm-

152 481 275 545 leste
299 478 507 552 sigan
541 475 633 551 Dei
657 484 869 545 notaret
916 475 969 541 in
1024 473 1194 531 scutis
1219 514 1234 540 ,
1277 484 1442 545 atque
1485 474 1558 530 ita
1584 490 1727 544 prae-

153 571 270 629 lium
299 568 675 647 committeret.
705 566 859 637 Fecit,
910 575 970 623 ut
1004 565 1182 637 justus
1223 577 1338 635 est,
1369 576 1425 622 et
1454 576 1729 627 tranversa

152 661 413 743 lilittqra,
448 674 661 735 summa
710 659 888 728 capite
942 657 1323 726 circumﬂexo,
1376 656 1648 719 Christum
1675 659 1730 714 in

154 754 305 825 scutis
328 758 492 831 notat.
523 749 642 827 Quo
661 749 818 827 signo
843 758 1083 805 armatus
1106 750 1383 813 exercitus
1420 750 1565 820 capit
1616 750 1727 807 fer-

156 861 281 923 rum,
310 841 554 925 ijrpcedit
585 841 756 921 hostis
790 841 1001 913 obviam
1039 842 1158 897 sine
1189 842 1514 912 imperatore
1537 883 1553 909 ,
1598 858 1733 913 pon-

158 948 350 1015 temque
381 933 794 1013 transgreditur.
850 934 1011 990 Acies
1051 933 1163 1004 pari
1217 933 1395 991 fronte
1435 936 1728 991 concurrit.

158 1030 354 1097 Summa
384 1028 433 1080 vi
464 1027 716 1103 utrinque
746 1037 1030 1095 pugnatur.
1058 1026 1244 1097 Neque
1276 1027 1360 1082 his
1393 1026 1515 1098 fuga
1561 1039 1686 1085 nota
1709 1069 1727 1097 ,

159 1138 312 1195 neque
335 1120 458 1177 illis.
485 1119 570 1197 Fit
595 1120 649 1173 in
681 1118 815 1173 urbe
840 1119 1038 1173 seditio
1062 1160 1077 1183 ,
1105 1126 1161 1179 et
1202 1118 1311 1189 dux
1349 1120 1725 1190 increpitatur,

157 1214 547 1291 velutdesertor
572 1213 765 1281 salutis
795 1212 1044 1285 publicze.
1074 1211 1319 1282 Tumque
1367 1223 1591 1282 repente
1636 1229 1734 1283 po-

157 1307 300 1380 pulus
339 1305 646 1385 (Circenses
676 1303 818 1358 enim
852 1303 1015 1356 natali
1045 1317 1147 1358 suo
1176 1302 1414 1371 edebat),
1448 1318 1579 1360 voce
1603 1305 1733 1361 sub-

158 1400 364 1463 clamat,
397 1395 809 1473 Constantinum
841 1394 981 1448 vinci
1008 1409 1116 1449 non
1146 1409 1325 1464 posse.

166 1476 169 1481 ’
216 1492 321 1569 Qua
347 1476 474 1571 voce
500 1497 884 1567 consternatus
916 1488 1144 1558 proripit
1169 1502 1250 1555 se,
1291 1503 1354 1543 ae
1380 1489 1582 1545 vocatis
1612 1489 1735 1560 qui-

156 1585 360 1653 busdam
388 1582 765 1671 Sepatoribus,
808 1582 975 1643 libros
1006 1580 1301 1655 Sibyllinos
1331 1582 1521 1652 inSpici
1555 1582 1731 1652 jubet,

1833 380 2134 450 Imperator
2180 378 2607 448 Constantinus,
2666 380 2947 437 Maximini
2990 381 3269 451 perfidiam
3327 397 3425 437 co-

1828 475 2067 545 gnoscit,
2097 474 2302 537 litteras
2322 474 2708 545 deprehendit,
2731 468 2939 531 statuas
2963 485 3019 532 et
3049 476 3312 546 imagines
3342 478 3425 533 in-

1831 568 2001 624 venit.
2059 564 2290 624 Senatus
2336 568 2717 636 Constantino,
2761 558 2975 626 virtutis
3022 558 3216 641 gratia,
3269 572 3432 642 primi

1833 658 2071 714 nominis
2103 658 2316 713 titulum
2348 658 2613 726 decrevit,
2645 673 2805 730 quem
2833 659 2934 715 sibi
2966 652 3287 717 Maximinus
3315 663 3431 718 vin-

1832 750 2069 816 dicabat,
2109 751 2181 807 ad
2206 765 2366 821 quem
2394 752 2618 806 victoria
2643 751 2886 807 liberata:
2911 751 3068 809 Urbis
3095 768 3260 823 quum
3292 752 3431 810 fuis-

1834 851 1919 897 set
1959 842 2141 908 allata,
2176 858 2285 898 non
2328 842 2489 898 aliter
2524 843 2773 912 accepit,
2814 859 2974 915 quam
3011 846 3059 900 si
3099 846 3215 915 ipse
3253 850 3432 906 victus

1835 946 1998 992 esset.
2026 934 2258 1006 Cognito
2294 935 2496 998 deinde
2542 936 2778 991 Senatus
2819 936 3064 1004 decreto,
3110 938 3191 993 sic
3230 940 3434 995 exarsit

1833 1027 2046 1095 dolore,
2091 1038 2153 1085 ut
2192 1029 2504 1085 inimicitias
2544 1039 2735 1099 aperte
2775 1031 3142 1100 proﬁteretur,
3191 1032 3433 1089 convicia

1829 1117 1968 1188 iocis
1992 1120 2157 1175 mixta
2178 1121 2440 1176 adversus
2469 1121 2850 1191 imperatorem
2876 1122 3173 1179 maximum
3200 1123 3427 1181 diceret.

2550 1253 2713 1345 va.

1908 1392 2312 1459 Constantinus,
2356 1390 2519 1447 rebus
2558 1390 2615 1445 in
2660 1389 2806 1446 Urbe
2855 1392 3193 1463 compositis,
3241 1391 3435 1464 hyeme

1836 1488 2082 1558 proxima
2113 1484 2471 1540 Mediolanum
2497 1483 2795 1539 contendit.
2832 1483 3038 1539 Eodem
3068 1485 3304 1540 Licinius
3332 1486 3433 1540 ad.

1837 1580 2006 1647 venit,
2038 1588 2098 1634 ut
2125 1578 2397 1648 acciperet
2439 1592 2685 1631 uxorem.
2727 1576 3052 1633 Maximinus
3091 1580 3180 1632 uhi
3212 1594 3308 1634 eos
3346 1580 3434 1635 in-

155 1676 202 1731 in
226 1674 405 1753 quibus
430 1669 708 1755 repertum
741 1680 842 1736 est,
878 1671 973 1725 illo
998 1670 1087 1726 die
1114 1671 1322 1743 hostem
1363 1672 1729 1733 Romanorum
1759 1680 1807 1739 Β
1836 1674 2044 1729 tellexit
2080 1672 2387 1743 nuptiarum
2418 1669 3109 1740 solemnibus‘occupatos,
3138 1671 3433 1728 exercitum

155 1785 262 1827 esse
294 1767 611 1839 periturum.
643 1766 762 1835 Quo
793 1778 1055 1835 responso
1085 1765 1136 1819 in
1178 1780 1331 1836 spem
1375 1766 1610 1824 victoriae
1650 1768 1732 1822 in-

153 1861 327 1937 ductus
357 1860 628 1937 procedit,
671 1860 724 1935 in
766 1859 939 1935 aciem
976 1858 1141 1915 venit.
1184 1858 1329 1914 Pons
1369 1874 1403 1913 a
1438 1872 1588 1930 tergo
1613 1861 1732 1929 ejus

152 1932 416 2019 scinditur.
460 1953 542 2009 Eo
588 1932 727 2016 viso,
776 1932 951 2027 pugna
980 1950 1272 2021 crudescit,
1304 1959 1361 2006 et
1399 1966 1591 2008 manus
1637 1953 1733 2009 Dei

150 2053 411 2116 supererat
458 2026 621 2100 aciei.
670 2026 1042 2119 Maxe’utiauus
1097 2052 1462 2112 proterretur;
1510 2045 1626 2113 ipse
1676 2048 1731 2103 in

151 2120 312 2209 fugam
342 2152 527 2192 versus
573 2143 830 2209 properat
869 2134 938 2191 ad
978 2144 1233 2207 pontem,
1263 2137 1356 2205 qui
1394 2136 1731 2206 interruptus

148 2243 267 2299 erat,
293 2246 355 2287 ac
382 2229 736 2287 multitudine
770 2228 1090 2298 fugientium
1130 2242 1373 2298 pressus,
1405 2229 1459 2285 in
1488 2230 1730 2287 Tiberim

148 2325 457 2405 deturbatur.
486 2324 756 2380 Confecto
786 2321 1004 2378 tandem
1033 2321 1386 2379 acerbissimo
1412 2324 1577 2392 bello,
1606 2341 1729 2382 cum

1836 1768 2005 1822 movit
2031 1780 2062 1821 e
2089 1764 2268 1836 Syria,
2302 1763 2498 1835 hyeme
2530 1777 2694 1832 quam
2721 1776 2844 1818 cum
2875 1763 3111 1817 maxime
3149 1764 3431 1829 szevieute,

1836 1873 1893 1920 et
1935 1861 2303 1917 mansionibus
2341 1856 2667 1929 geminatis,
2713 1857 2767 1911 in
2798 1856 3105 1928 Bithyniam
3133 1856 3432 1925 concurrit,

1835 1956 2115 2012 debilitato
2140 1950 2372 2024 agmine.
2416 1952 2549 2007 Nam
2584 1950 2834 2007 maximis
2872 1951 3162 2021 imbribus,
3192 1961 3249 2008 et
3287 1952 3429 2007 nivi-

1835 2050 1957 2117 bus,
1979 2058 2036 2105 et
2064 2049 2196 2114 lttto,
2229 2057 2283 2102 et
2310 2045 2535 2115 frigore,
2569 2052 2625 2099 et
2649 2043 2840 2099 labore
2858 2043 3100 2113 iumenta
3126 2044 3304 2100 omnis
3329 2060 3430 2114 ge-

1837 2141 1984 2198 neris
2014 2139 2234 2197 amissa
2284 2146 2433 2204 sunt,
2485 2151 2715 2206 quorum
2772 2134 3097 2191 miserabilis
3151 2151 3250 2206 per
3293 2137 3434 2192 viam

1838 2243 2045 2305 strages
2084 2231 2320 2301 speciem
2346 2230 2458 2300 jam
2488 2228 2648 2284 futuri
2676 2226 2825 2294 belli,
2858 2236 2915 2283 et
2951 2228 3184 2283 similem
3215 2227 3429 2285 cladem

1837 2324 2101 2381 militibus
2122 2320 2424 2377 nuntiabat.
2448 2319 2558 2376 Nec
2582 2321 2700 2389 ipse
2721 2319 2862 2374 intra
2885 2318 3023 2375 lines
3046 2334 3175 2376 suos
3193 2329 3434 2377 moratus

1458 2456 1819 2520 VARIORU.“
1859 2458 2088 2515 ΝΟΤΑΞ.

208 2573 341 2640 Dies,
368 2586 467 2640 quo
487 2570 792 2627 Maxentius
815 2568 1088 2642 imperium
1117 2578 1390 2641 ceperat...
1445 2570 1480 2627 6
1509 2573 1716 2630 kalend.

147 2647 378 2712 noveinb.,
407 2655 515 2700 etc.
561 2644 887 2707 Maxentius,
937 2652 995 2697 ut
1039 2659 1106 2697 ex
1148 2643 1426 2698 Lactantio
1469 2646 1656 2714 liquet,
1688 2645 1721 2702 6

148 2716 339 2772 kalend.
384 2716 643 2771 novemb.
680 2715 733 2768 id
772 2724 875 2777 est,
902 2714 971 2768 27
1000 2714 1181 2769 octob.
1214 2715 1508 2782 imperator
1537 2717 1723 2770 Ruina:

148 2789 420 2858 appellatus
447 2797 550 2842 est.
589 2784 930 2858 Maxentium
971 2785 1100 2858 vicit
1139 2784 1525 2842 Coiistantinus
1568 2786 1601 2841 6
1631 2786 1723 2841 ita-

147 2855 273 2914 lend.
304 2860 551 2914 novemh.
583 2867 807 2910 auctore
832 2855 1022 2911 eodem
1051 2856 1352 2911 Lactantio.
1690 2878 1693 2879 ν

208 2928 543 2989 Commonitus
575 2930 632 2981 in
661 2927 845 2998 quiete.
877 2928 1157 2996 Proprium
1196 2929 1298 2980 hoc
1330 2925 1573 2998 verbum.
1599 2926 1721 2982 Μο-

1825 2584 2061 2629 cunctus.

1898 2644 2185 2701 Scinditur.
2214 2643 2292 2700 De
2313 2643 2496 2700 exciso
2523 2653 2686 2712 ponte
2704 2644 2828 2701 vide
2849 2645 3047 2702 Euseb.
3072 2647 3167 2702 lib.
3191 2664 3244 2704 ix
3272 2648 3412 2707 llist.

1826 2717 2038 2772 Eccles.
2068 2732 2189 2785 cap.
2220 2717 2274 2778 9,
2304 2725 2361 2770 et
2391 2714 2692 2781 Zozimum,
2724 2717 2816 2771 lib.
2853 2734 2926 2782 xi,
2952 2732 3068 2786 cap.
3106 2718 3194 2774 i5:

1900 2789 2181 2857 Supererat
2206 2787 2353 2839 aciei.
2394 2787 2596 2841 Biblica
2626 2789 2741 2841 haec
2773 2789 2984 2856 phrasis
3013 2788 3133 2844 esse'
3172 2790 3385 2846 videtur
3413 2808 3430 2850 :

1829 2858 2033 2931 Exod.“
2054 2873 2174 2927 cap.
2220 2872 2463 2931 x_vu,_v,_
2515 2858 2602 2931 ii.
2650 2857 2813 2913 Forte
2866 2861 3147 2931 legendum
3199 2864 3433 2917 suberr‘at

1830 2930 1959 2984 aciei
2000 2926 2196 3001 (inquit
2231 2926 2473 3001 Bauldri)
2516 2929 2710 3001 idest,
2751 2936 2877 2984 Sese
2913 2926 3017 2983 huc
3054 2936 3119 2985 ‘et
3168 2932 3293 2986 illuc
3338 2951 3434 3001 per

147 3002 243 3057 neri
283 3000 420 3055 enim
470 2989 752 3071 dicuntur2
792 2989 998 3071 quibus
1029 2999 1169 3071 Deus
1212 2997 1413 3071 aliquid
1455 3013 1550 3066 per
1574 3014 1721 3054 som-
1748 2989 1793 3053 C
1831 2989 2180 3071 pugnantium
2229 2989 2466 3071 ordines'
2501 2989 2783 3066 extendit,
2841 3000 2947 3054 vim
2999 3012 3150 3056 suam
3203 2989 3433 3059 latenter

149 3076 274 3128 ttium
295 3074 537 3141 imperat.
574 3069 709 3125 Vide
735 3067 982 3141 Inscript.
1007 3070 1187 3138 Antiq.
1215 3068 1470 3141 TOLLtus.

209 3136 404 3200 Caeleste
462 3143 695 3209 signant.
747 3136 1074 3211 [inmortale
1109 3136 1313 3211 signum
1379 3140 1507 3194 alibi
1568 3149 1729 3197 vocat

149 3215 433 3271 Lactantius
480 3213 574 3271 lih.
620 3227 698 3278 tv,
736 3226 858 3280 cap.
887 3210 979 3276 27,
1024 3209 1080 3269 id
1119 3209 1223 3275 eiet,
1265 3211 1479 3281 signum
1523 3218 1723 3267 crucis.

151 3287 241 3341 Iste
260 3301 414 3357 porro
439 3286 593 3339 locus
623 3291 710 3337 est
738 3284 919 3357 magni
942 3282 1220 3357 momenti.
1256 3282 1441 3350 Signat
1473 3283 1653 3347 enim,‘
1671 3293 1728 3338 et

150 3353 329 3421 locum,
348 3366 402 3415 et
423 3356 571 3425 diem
592 3369 703 3425 quo
724 3369 876 3416 crux,
909 3354 960 3407 in
985 3368 1087 3425 qua
1116 3353 1375 3425 vinceret,
1408 3361 1632 3425 ostensa
1646 3361 1729 3423 est

150 3428 495 3482 Constantino.
530 3422 668 3480 Natu
697 3440 913 3495 cumex
940 3422 1248 3495 teStimonio
1278 3422 1515 3485 Eusebii,
1546 3422 1728 3495 quise

152 3500 196 3552 id
217 3499 474 3567 accepisse
497 3498 572 3550 ait
595 3494 669 3549 ab
698 3510 793 3549 ore
821 3494 1195 3567 Constantini,
1229 3502 1443 3567 constet
1467 3494 1640 3567 visum
1659 3496 1727 3567 ab

150 3584 208 3625 eo
231 3560 397 3626 crucis
426 3569 735 3637 trophaedm
759 3567 809 3620 in
831 3566 971 3637 ctelo
990 3565 1148 3637 horis
1170 3565 1500 3637 meridianis,
1526 3564 1645 3637 sole
1671 3560 1727 3620 in

151 3656 375 3696 occasum
428 3635 725 3709 vergente;
783 3647 838 3692 et
896 3635 1557 3709 addubitanti_quiduain
1624 3636 1728 3709 hoc

152 3720 398 3780 spectrum
446 3705 553 3765 sibi
595 3708 779 3773 vellet,
828 3706 1273 3780 nocteseqnenti
1314 3706 1587 3780 Christum
1626 3705 1728 3780 Dei

151 3777 413 3840 dormienti
446 3780 774 3850 apparuisse
814 3792 939 3832 cum
969 3779 1126 3848 signo
1168 3778 1283 3843 illo,
1313 3777 1465 3850 quod
1505 3780 1557 3832 in
1587 3777 1728 3850 coelo

152 3866 403 3909 ostensum
435 3845 639 3914 fuerat,
670 3845 1118 3919 praecepisseque,
1147 3856 1205 3902 ut
1234 3845 1630 3919 ttiilnarisigno
1656 3845 1726 3901 ad

153 3926 534 3980 similitudinem
567 3918 712 3989 ejus,
744 3921 886 3991 quod
921 3923 973 3973 in
1008 3923 1149 3974 caelo
1175 3919 1417 3991 vidisset,
1438 3918 1724 3983 Fabricato,

154 4012 210 4050 eo
239 4006 499 4067 tamquam
543 3990 771 4050 salutari
815 3991 1064 4067 praesidio
1108 3992 1160 4044 in
1208 3990 1405 4067 prieliis
1445 3994 1723 4067 uteretur:

157 4061 447 4122 certnm'est
489 4078 776 4133 utramque
806 4063 1068 4118 visionem
1098 4076 1206 4117 uno
1242 4065 1295 4115 iu
1334 4061 1474 4129 loco,
1505 4070 1561 4115 et
1587 4062 1726 4115 intra

158 4138 366 4208 spatium
388 4138 594 4207 aliquot
621 4136 877 4208 horarum
903 4134 1218 4201 contigisse.
1286 4202 1298 4208 _
1408 4202 1420 4208 _
1542 4136 1606 4208 '_'
1712 4136 1719 4141 ’

219 4209 280 4263 Et
307 4202 599 4275 transuersa
635 4203 689 4261 Χ
726 4205 914 4268 littera,
944 4220 1152 4275 summa
1179 4202 1348 4275 capite
1374 4202 1724 4275 circumﬂexo.

159 4277 396 4334 Christum
436 4283 491 4336 in
524 4272 687 4341 scutis
716 4286 877 4343 notat.
908 4274 1005 4331 Ms.
1037 4272 1259 4329 Christo.
1301 4273 1427 4329 llaec
1467 4276 1536 4329 ita
1572 4272 1727 4327 iutel-r

156 4350 344 4420 ligenda
372 4360 517 4417 sunt,
562 4347 860 4420 utAChi-isti
900 4346 1295 4420 blonograiutita
1325 4346 1725 4420 circumﬂexum

157 4417 299 4494 fuerit
323 4424 377 4477 in
415 4422 595 4494 capite
625 4418 838 4485 Lahari,
871 4430 928 4473 ut
958 4417 1203 4473 videmus
1236 4417 1289 4471 in
1323 4418 1556 4471 numinis
1584 4424 1727 4470 vete-

155 4493 303 4547 ribus.

220 4563 339 4619 Sine
361 4564 696 4634 imperatore.
729 4560 859 4617 Sine
888 4558 1177 4634 Maxentio.

218 4627 501 4690 Concurrit.
534 4634 874 4698 Concurrere,
917 4633 1114 4703 passim
1146 4636 1230 4684 est
1264 4628 1331 4703 ad
1364 4644 1594 4701 pugnam
1618 4670 1633 4693 ,
1666 4627 1734 4684 ad

158 4707 383 4773 prtelium
427 4708 745 4777 procedere.
794 4701 1015 4777 Acci—pio
1062 4712 1242 4777 autem
1282 4701 1369 4777 hic
1416 4702 1531 4770 pari
1570 4704 1738 4772 fronte

156 4772 458 4842 concurrere,
493 4794 594 4847 pro
623 4777 815 4831 eadem
842 4772 1033 4831 ﬁducia
1061 4783 1121 4847 ei
1134 4772 1442 4847 alacritate,
1472 4786 1576 4847 qua
1605 4784 1739 4847 cou-

158 4855 229 4900 tra
258 4859 305 4903 te
332 4842 554 4904 veniant
584 4849 790 4911 hostes,
826 4847 1038 4900 obviam
1070 4844 1175 4898 illis
1197 4842 1296 4897 ire.
1337 4842 1429 4897 Vel
1458 4843 1505 4896 si
1541 4845 1732 4908 mavis,

158 4934 315 4974 omnes
351 4919 541 4992 aequali
580 4924 749 4990 fronte
782 4924 1116 4971 concurrunt.
1164 4911 1458 4993 Concurrit,
1488 4912 1577 4968 alii
1613 4929 1739 4968 con-

156 5000 369 5045 currunt.

225 5060 397 5131 Neque
422 5062 504 5117 his
528 5065 828 5134 fuganam,
847 5073 1006 5134 neque
1031 5056 1156 5134 illis.
1180 5054 1308 5112 “me
1330 5053 1536 5126 Virgilii
1564 5053 1739 5134 Verba

160 5130 208 5184 iu
246 5124 623 5200 antiquissimo
660 5124 933 5187 Lactantii
961 5128 1148 5200 codice
1185 5124 1503 5200 conservaia
1545 5124 1743 5200 contir-

161 5212 345 5258 manta
375 5197 563 5260 Pierio
599 5202 956 5269 assertaﬂlb.
988 5215 1022 5255 ι
1054 5199 1182 5256 Ain.
1212 5197 1475 5269 vers.757
1505 5215 1519 5251 :
1550 5198 1743 5269 bisne-

160 5287 313 5342 que...
339 5293 517 5346 neque,
555 5289 665 5330 non
696 5288 845 5341 vero,
876 5283 933 5328 ut
959 5272 1140 5340 hodie,
1162 5286 1320 5341 neque
1346 5285 1435 5324 nec
1457 5268 1741 5339 legendum

160 5359 288 5401 esse.
322 5346 450 5403 Βυκ.
1050 5348 1053 5353 ’
1600 5354 1605 5361 ’

225 5414 342 5487 Dux
370 5418 732 5487 increpitatur.
759 5414 1083 5473 Maxentius.

226 5482 409 5558 Natali
426 5482 543 5546 suo.
561 5484 623 5543 Id
640 5499 743 5555 est,
766 5488 855 5544 die
872 5488 965 5542 illo
990 5501 1098 5558 quo
1126 5484 1421 5557 imperator
1442 5482 1613 5540 iactus
1636 5489 1742 5558 est.

231 5556 437 5616 ﬁdebat.
468 5560 572 5616 Ms.
606 5558 898 5627 Cumque...
932 5567 980 5613 et
1007 5555 1384 5613 debitaﬁnullo
1422 5571 1606 5627 sensu.
1638 5555 1745 5610 Pro

162 5635 205 5701 et
230 5630 417 5701 debita,
444 5647 572 5688 cum
607 5626 888 5701 nonnullis
906 5629 1034 5683 viris
1061 5629 1235 5701 doctis
1267 5630 1383 5697 lego
1414 5626 1613 5694 edebat,
1642 5628 1747 5701 sci-

164 5698 279 5763 licet
323 5696 651 5763 limatius.
698 5700 796 5759 Ms.
847 5698 1108 5774 Cumque,
1161 5700 1282 5772 lego
1329 5696 1569 5770 tumque;
1622 5696 1744 5754 aliis

1542 4136 1547 4145 α

1830 3069 2017 3127 eontra
2060 3069 2562 3145 Maxentiiumilites
2607 3084 2859 3145 atterens.
2912 3072 3062 3125 Acies
3101 3074 3247 3127 enim
3289 3086 3435 3145 saepe

1829 3157 2027 3213 pugna,
2061 3152 2181 3213 seu”
2207 3140 2450 3209 praelium
2472 3151 2595 3213 gest.
2632 3142 2918 3197 Suberrare
2959 3155 3136 3198 autem
3184 3146 3336 3209 aciei,
3370 3140 3437 3201 ἰιι

1827 3211 1967 3283 apud
2000 3211 2375 3278 Claudianu'm,
2400 3212 2668 3266 suberrare
2692 3213 2968 3267 montibus.
2991 3214 3097 3268 Sed
3130 3215 3428 3271 Heumann.

1830 3285 1900 3338 ita
1924 3284 2231 3355 legendum
2266 3297 2389 3336 esse
2431 3292 2579 3351 putat
2614 3299 2627 3335 :
2662 3290 2729 3336 At
2754 3294 2939 3337 'mumt
2990 3283 3085 3338 Dei
3134 3298 3432 3355 superante,

1827 3358 1963 3409 acies
1992 3353 2326 3409 Homeutiana
2350 3363 2683 3423 proterretur.
3084 3362 3087 3367 '

1904 3423 2735 3499 Maxentianusproterretur.ita
2768 3440 2874 3499 ms.
2908 3424 3286 3499 Maxentianus
3327 3430 3436 3485 sci-

1830 3496 1958 3569 licet
2003 3498 2176 3569 miles.
2222 3495 2327 3569 _A|ii
2371 3495 2578 3569 volunt,
2627 3494 3236 3569 Manutiana,‘uenipe
3274 3500 3432 3553 acies.

1829 3568 2081 3623 Nonnulli
2110 3565 2359 3639 _ma|unt,
2407 3563 2732 3639 Maxentiuni
2780 3563 3257 3639 pi'oteri'enttirf8i
3284 3571 3432 3639 quid

1831 3636 2218 3710 immutandum
2262 3645 2427 3702 esset,
2464 3636 2722 3710 _ina||eiu,
2778 3637 3074 3692 Maxentius
3128 3636 3431 3710 proteritur.

1831 3709 2129 3764 Proterrere
2154 3718 2237 3762 est
2262 3706 2516 3767 terrendo
2548 3706 2752 3778 fugare.
2964 3730 2969 3735 ~
3128 3706 3143 3753 '.
3370 3716 3380 3739 τ

1900 3780 1994 3834 Ac.
2025 3779 2083 3834 In
2110 3793 2235 3843 ms.,
2266 3778 2387 3843 hac.

1905 3850 2153 3920 Tandem.
2187 3849 2309 3920 liis"
2334 3859 2522 3905 tamen.

1901 3912 2150 3979 Titulum.
2204 3912 2423 3976 Scilicet
2480 3920 2708 3977 maximi.
2766 3919 2899 3983 Post
2945 3930 3178 3981 mortem
3226 3924 3433 3982 Galerii

1829 3993 2171 4065 Maximinus,
2203 3991 2325 4061 quia
2360 3991 2507 4065 prior
2550 3989 2753 4065 Caesar,
2796 4010 3103 4065 quanquam
3148 4009 3432 4064 postremo

1829 4067 2102 4137 Augustus
2146 4060 2340 4137 fuerat,
2368 4062 2584 4137 primas
2614 4064 2716 4125 sibi
2746 4060 2825 4119 ini
2849 4060 3018 4121 titulis
3058 4060 3222 4137 atque
3252 4071 3430 4123 hono-

1830 4140 1990 4211 ribus
2017 4134 2631 4211 ittler__ejus_tet_nporis_
2664 4137 2937 4211 Augustos
2982 4134 3317 4211 vindicabat,
3357 4138 3436 4193 ait

1831 4204 2130 4277 Eusebius,_
2155 4202 2671 4277 Hi3t._Eccle’s._lib.
2721 4202 2808 4271 ti,
2858 4223 2979 4277 cap.
3006 4208 3101 4267 10.
3145 4209 3263 4264 tam
3302 4202 3437 4264 vero

1828 4281 2058 4361 Senatus
2098 4274 2358 4343 decrevit,
2392 4286 2449 4353 tit
2478 4275 2685 4361 primus
2723 4274 3087 4361 Augustoruttt
3117 4280 3428 4336 COustanti-

1782 4356 2153 4431 νιυξέεέὲιο.
2205 4358 2213 4431 _'

1836 4420 1839 4427 ’
1921 4418 2236 4501 [indication
2264 4416 2448 4501 Forte,
2476 4417 2779 4501 uindicarat.

1906 4512 2566 4585 Adversus_imperatorem
2610 4514 2908 4585 maximum.
2953 4512 3306 4585 Imperatoris
3357 4516 3425 4571 ﬂ-

1835 4583 1988 4649 lium,
2036 4583 2140 4653 qui
2168 4578 2550 4650 Transalpinas
2594 4584 2898 4652 provincias
2948 4578 3284 4653 haereditate,
3323 4587 3431 4642 Ita-

1838 4656 1963 4711 liam
1990 4661 2045 4707 et
2068 4651 2303 4706 Africani
2346 4654 2567 4708 victoria
2598 4651 2843 4709 tenebat.
2878 4654 2994 4713 Non
3032 4659 3178 4711 enim
3201 4651 3320 4712 veri
3349 4669 3435 4714 est

1840 4725 2037 4788 simile,
2059 4731 2296 4795 senatus
2332 4721 2431 4795 illo
2465 4723 2688 4778 decreto
2722 4725 2938 4795 proximi
2981 4735 3094 4780 tum
3128 4738 3433 4795 cognomen

1840 4798 2020 4851 datum
2051 4792 2233 4848 fuisse.
2263 4792 2364 4846 Adi
2394 4792 2683 4861 Cuperem.
2707 4794 2872 4849 Ceu.
3018 4822 3023 4829 -
3050 4822 3057 4831 ο
3138 4818 3143 4822 α

1912 4865 2199 4922 Contendit.
2249 4862 2484 4918 Verbum
2531 4863 2671 4921 istud
2719 4866 2774 4918 in
2816 4880 2919 4919 ins.
2963 4880 3213 4923 mancum
3253 4876 3340 4924 est
3382 4881 3440 4927 et

1841 4952 2010 5009 prope
2034 4936 2399 5009 detritu_m,_ac
2432 4935 2524 5009 vi_x_
2547 4934 2652 5003 legi
2676 4944 2871 5009 potest.

1966 5023 2160 5062 xorem.
2221 5006 2439 5061 Scilicet
2485 5002 2895 5073 Constantiam,
2948 5006 3289 5066 Constantini
3339 5026 3430 5069 so.

1842 5094 2043 5136 rorem.
3272 5112 3275 5117 ,

1919 5171 2109 5243 Quam.
2135 5168 2393 5243 voculam
2415 5166 2558 5243 lianc
2579 5167 2865 5243 delendam
2891 5181 3040 5243 putat
3066 5173 3435 5231 Heumannus.

1918 5242 2274 5297 Mansionibus
2318 5241 2604 5311 geminatis.
2660 5239 2733 5296 Μ·
2768 5239 2905 5309 est,
2930 5260 3035 5300 una
3080 5246 3177 5300 die
3216 5256 3442 5303 tantum

1845 5313 2527 5388 iecit_itineris,_quanttim
2574 5312 2694 5388 duae
2738 5316 3049 5370 mansidues
3080 5316 3132 5371 in
3160 5317 3249 5371 via
3278 5317 3444 5388 Regia

1846 5385 2115 5440 distabant
2158 5385 2407 5455 invicem.
2458 5382 2571 5439 Nec
2619 5386 2913 5455 inprima,
2956 5387 3051 5441 sed
3096 5389 3152 5442 in
3207 5382 3446 5448 secunda

1845 5457 2173 5527 quiescebat.
2202 5454 2441 5510 Capua.
2722 5454 2731 5455 “
2870 5484 2879 5493 ο
3048 5478 3056 5487 ο
3110 5478 3117 5491 ι

1920 5549 1987 5605 1η
2032 5548 2329 5623 Bithyniam
2368 5549 2648 5623 concurrit.
2689 5548 2766 5623 lia
2797 5563 2898 5623 ms.
2932 5550 3183 5623 Nonnulli
3225 5553 3438 5623 volunt,

1846 5621 2102 5703 accurrit,
2130 5616 2396 5707 A'lmelov:
2426 5621 2673 5707 cucurrit.
2700 5616 2833 5679 Nam
2857 5619 3012 5707 facile
3040 5640 3124 5693 cu,
3156 5625 3211 5683 in
3230 5641 3369 5698 cum,
3387 5616 3447 5699 et

1852 5703 2034 5770 postea
2062 5700 2116 5751 in
2142 5708 2259 5773 con,
2283 5700 2544 5749 mutatum
2568 5700 2676 5750 est.
2736 5704 2741 5709 '

2992 5879 3085 5891 ..ν
3142 5885 3269 5895 ,.,,,
