  <div class='ocr_page' id='page_1' title='image "/cluster/home/n/w/nwhite01/storage/ocr_20150623/7/umn.31951002477301e/144.png"; bbox 0 0 3960 6324; ppageno 0'>
   <div class='ocr_carea' id='block_1_1' title="bbox 170 278 270 338">
    <p class='ocr_par' dir='ltr' id='par_1_1' title="bbox 170 278 270 338">
     <span class='ocr_line' id='line_1_1' title="bbox 170 278 270 338; baseline 0.02 -3"><span class='ocrx_word' id='word_1_1' title='bbox 170 278 270 338; x_wconf 66' lang='grc'><strong>375</strong></span> 
     </span>
    </p>
   </div>
   <div class='ocr_carea' id='block_1_2' title="bbox 1298 291 2434 370">
    <p class='ocr_par' dir='ltr' id='par_1_2' title="bbox 1298 291 2434 370">
     <span class='ocr_line' id='line_1_2' title="bbox 1298 291 2434 370; baseline 0.017 -21"><span class='ocrx_word' id='word_1_2' title='bbox 1298 291 1503 352; x_wconf 83' lang='lat' dir='ltr'><strong>LIBER</strong></span> <span class='ocrx_word' id='word_1_3' title='bbox 1545 296 1632 354; x_wconf 87' lang='lat' dir='ltr'><strong>DE</strong></span> <span class='ocrx_word' id='word_1_4' title='bbox 1670 297 1878 356; x_wconf 79' lang='lat' dir='ltr'><strong>MORT.</strong></span> <span class='ocrx_word' id='word_1_5' title='bbox 1925 301 2304 363; x_wconf 79' lang='lat' dir='ltr'><strong>PERSECUT.</strong></span> <span class='ocrx_word' id='word_1_6' title='bbox 2361 365 2365 370; x_wconf 86' lang='lat'><strong><em>_</em></strong></span> <span class='ocrx_word' id='word_1_7' title='bbox 2431 364 2434 368; x_wconf 90' lang='lat'><strong>.</strong></span> 
     </span>
    </p>
   </div>
   <div class='ocr_carea' id='block_1_3' title="bbox 3355 327 3461 384">
    <p class='ocr_par' dir='ltr' id='par_1_3' title="bbox 3355 327 3461 384">
     <span class='ocr_line' id='line_1_3' title="bbox 3355 327 3461 384; baseline 0.038 -5"><span class='ocrx_word' id='word_1_8' title='bbox 3355 327 3461 384; x_wconf 78' lang='grc'><strong>274</strong></span> 
     </span>
    </p>
   </div>
   <div class='ocr_carea' id='block_1_4' title="bbox 168 391 3462 511">
    <p class='ocr_par' dir='ltr' id='par_1_4' title="bbox 168 391 3462 511">
     <span class='ocr_line' id='line_1_4' title="bbox 168 391 3462 511; baseline 0.013 -55"><span class='ocrx_word' id='word_1_9' title='bbox 168 409 280 465; x_wconf 67' lang='lat' dir='ltr'><strong>eam</strong></span> <span class='ocrx_word' id='word_1_10' title='bbox 306 391 540 467; x_wconf 78' lang='lat' dir='ltr'><strong>quidem.</strong></span> <span class='ocrx_word' id='word_1_11' title='bbox 573 410 714 511; x_wconf 48' lang='lat' dir='ltr'><strong>Eum</strong></span> <span class='ocrx_word' id='word_1_12' title='bbox 747 399 851 458; x_wconf 86' lang='lat' dir='ltr'><strong>sibi</strong></span> <span class='ocrx_word' id='word_1_13' title='bbox 883 399 1084 460; x_wconf 79' lang='lat' dir='ltr'><strong>videret</strong></span> <span class='ocrx_word' id='word_1_14' title='bbox 1109 417 1231 460; x_wconf 86' lang='lat' dir='ltr'><strong>esse</strong></span> <span class='ocrx_word' id='word_1_15' title='bbox 1255 409 1612 476; x_wconf 89' lang='lat' dir='ltr'><strong>pereundum,</strong></span> <span class='ocrx_word' id='word_1_16' title='bbox 1644 411 1757 468; x_wconf 87' lang='lat' dir='ltr'><strong>fue-</strong></span> <span class='ocrx_word' id='word_1_17' title='bbox 1783 415 1836 474; x_wconf 83' lang='lat' dir='ltr'><strong>A</strong></span> <span class='ocrx_word' id='word_1_18' title='bbox 1863 429 2048 483; x_wconf 63' lang='lat' dir='ltr'><strong>poenas</strong></span> <span class='ocrx_word' id='word_1_19' title='bbox 2071 417 2238 473; x_wconf 80' lang='lat' dir='ltr'><strong>dedit.</strong></span> <span class='ocrx_word' id='word_1_20' title='bbox 2275 421 2454 478; x_wconf 77' lang='lat' dir='ltr'><strong>Ductze</strong></span> <span class='ocrx_word' id='word_1_21' title='bbox 2477 424 2638 494; x_wconf 77' lang='lat' dir='ltr'><strong>igitur</strong></span> <span class='ocrx_word' id='word_1_22' title='bbox 2659 429 2913 486; x_wconf 82' lang='lat' dir='ltr'><strong>mulieres</strong></span> <span class='ocrx_word' id='word_1_23' title='bbox 2934 446 3055 490; x_wconf 92' lang='lat' dir='ltr'><strong>cum</strong></span> <span class='ocrx_word' id='word_1_24' title='bbox 3082 421 3282 509; x_wconf 87' lang='lat' dir='ltr'><strong>ingenti</strong></span> <span class='ocrx_word' id='word_1_25' title='bbox 3305 455 3462 511; x_wconf 83' lang='lat' dir='ltr'><strong>spec-</strong></span> 
     </span>
    </p>
   </div>
   <div class='ocr_carea' id='block_1_5' title="bbox 169 490 1763 569">
    <p class='ocr_par' dir='ltr' id='par_1_5' title="bbox 169 490 1763 569">
     <span class='ocr_line' id='line_1_5' title="bbox 169 490 1763 569; baseline 0.011 -28"><span class='ocrx_word' id='word_1_26' title='bbox 169 497 245 542; x_wconf 92' lang='lat' dir='ltr'><strong>rat</strong></span> <span class='ocrx_word' id='word_1_27' title='bbox 273 503 434 542; x_wconf 90' lang='lat' dir='ltr'><strong>ausus</strong></span> <span class='ocrx_word' id='word_1_28' title='bbox 473 490 760 556; x_wconf 89' lang='lat' dir='ltr'><strong>occidere;</strong></span> <span class='ocrx_word' id='word_1_29' title='bbox 802 495 926 548; x_wconf 91' lang='lat' dir='ltr'><strong>item</strong></span> <span class='ocrx_word' id='word_1_30' title='bbox 970 495 1570 569; x_wconf 85' lang='lat' dir='ltr'><strong>Candidianum,quem</strong></span> <span class='ocrx_word' id='word_1_31' title='bbox 1604 503 1763 558; x_wconf 82' lang='lat' dir='ltr'><strong>Vale-</strong></span> 
     </span>
    </p>
   </div>
   <div class='ocr_carea' id='block_1_6' title="bbox 169 580 1762 664">
    <p class='ocr_par' dir='ltr' id='par_1_6' title="bbox 169 580 1762 664">
     <span class='ocr_line' id='line_1_6' title="bbox 169 580 1762 664; baseline 0.013 -32"><span class='ocrx_word' id='word_1_32' title='bbox 169 580 242 633; x_wconf 87' lang='lat' dir='ltr'><strong>ria</strong></span> <span class='ocrx_word' id='word_1_33' title='bbox 269 594 333 633; x_wconf 89' lang='lat' dir='ltr'><strong>ex</strong></span> <span class='ocrx_word' id='word_1_34' title='bbox 362 581 664 636; x_wconf 85' lang='lat' dir='ltr'><strong>cmtcnbina</strong></span> <span class='ocrx_word' id='word_1_35' title='bbox 694 584 932 652; x_wconf 90' lang='lat' dir='ltr'><strong>genitum</strong></span> <span class='ocrx_word' id='word_1_36' title='bbox 962 587 1032 640; x_wconf 86' lang='lat' dir='ltr'><strong>ob</strong></span> <span class='ocrx_word' id='word_1_37' title='bbox 1074 589 1416 646; x_wconf 90' lang='lat' dir='ltr'><strong>sterilitatem</strong></span> <span class='ocrx_word' id='word_1_38' title='bbox 1467 593 1762 664; x_wconf 83' lang='lat' dir='ltr'><strong>adoptave-</strong></span> 
     </span>
    </p>
   </div>
   <div class='ocr_carea' id='block_1_7' title="bbox 170 664 1763 747">
    <p class='ocr_par' dir='ltr' id='par_1_7' title="bbox 170 664 1763 747">
     <span class='ocr_line' id='line_1_7' title="bbox 170 664 1763 747; baseline 0.011 -24"><span class='ocrx_word' id='word_1_39' title='bbox 170 682 276 736; x_wconf 92' lang='lat' dir='ltr'><strong>rat,</strong></span> <span class='ocrx_word' id='word_1_40' title='bbox 322 673 501 726; x_wconf 87' lang='lat' dir='ltr'><strong>necari</strong></span> <span class='ocrx_word' id='word_1_41' title='bbox 541 673 725 743; x_wconf 82' lang='lat' dir='ltr'><strong>jussit.</strong></span> <span class='ocrx_word' id='word_1_42' title='bbox 794 664 984 733; x_wconf 67' lang='lat' dir='ltr'><strong>Mulier</strong></span> <span class='ocrx_word' id='word_1_43' title='bbox 1025 689 1236 747; x_wconf 90' lang='lat' dir='ltr'><strong>tamen,</strong></span> <span class='ocrx_word' id='word_1_44' title='bbox 1294 691 1350 736; x_wconf 91' lang='lat' dir='ltr'><strong>ut</strong></span> <span class='ocrx_word' id='word_1_45' title='bbox 1398 697 1521 738; x_wconf 92' lang='lat' dir='ltr'><strong>eum</strong></span> <span class='ocrx_word' id='word_1_46' title='bbox 1565 686 1763 742; x_wconf 82' lang='lat' dir='ltr'><strong>vixisse</strong></span> 
     </span>
    </p>
   </div>
   <div class='ocr_carea' id='block_1_8' title="bbox 170 765 1761 845">
    <p class='ocr_par' dir='ltr' id='par_1_8' title="bbox 170 765 1761 845">
     <span class='ocr_line' id='line_1_8' title="bbox 170 765 1761 845; baseline 0.009 -27"><span class='ocrx_word' id='word_1_47' title='bbox 170 765 430 833; x_wconf 80' lang='lat' dir='ltr'><strong>Cognovit,</strong></span> <span class='ocrx_word' id='word_1_48' title='bbox 483 775 690 821; x_wconf 89' lang='lat' dir='ltr'><strong>mutato</strong></span> <span class='ocrx_word' id='word_1_49' title='bbox 720 769 930 835; x_wconf 88' lang='lat' dir='ltr'><strong>habitu,</strong></span> <span class='ocrx_word' id='word_1_50' title='bbox 977 771 1256 828; x_wconf 74' lang='lat' dir='ltr'><strong>comitatui</strong></span> <span class='ocrx_word' id='word_1_51' title='bbox 1289 774 1406 844; x_wconf 86' lang='lat' dir='ltr'><strong>ejus</strong></span> <span class='ocrx_word' id='word_1_52' title='bbox 1433 791 1493 831; x_wconf 94' lang='lat' dir='ltr'><strong>se</strong></span> <span class='ocrx_word' id='word_1_53' title='bbox 1523 777 1761 845; x_wconf 88' lang='lat' dir='ltr'><strong>miscuit,</strong></span> 
     </span>
    </p>
   </div>
   <div class='ocr_carea' id='block_1_9' title="bbox 172 857 1763 938">
    <p class='ocr_par' dir='ltr' id='par_1_9' title="bbox 172 857 1763 938">
     <span class='ocr_line' id='line_1_9' title="bbox 172 857 1763 938; baseline 0.01 -29"><span class='ocrx_word' id='word_1_54' title='bbox 172 867 222 909; x_wconf 92' lang='lat' dir='ltr'><strong>ut</strong></span> <span class='ocrx_word' id='word_1_55' title='bbox 245 857 505 911; x_wconf 84' lang='lat' dir='ltr'><strong>fortunam</strong></span> <span class='ocrx_word' id='word_1_56' title='bbox 539 860 858 916; x_wconf 88' lang='lat' dir='ltr'><strong>Candidiani</strong></span> <span class='ocrx_word' id='word_1_57' title='bbox 881 864 1288 933; x_wconf 83' lang='lat' dir='ltr'><strong>specularetur;</strong></span> <span class='ocrx_word' id='word_1_58' title='bbox 1320 868 1411 937; x_wconf 90' lang='lat' dir='ltr'><strong>qui</strong></span> <span class='ocrx_word' id='word_1_59' title='bbox 1442 869 1567 938; x_wconf 87' lang='lat' dir='ltr'><strong>quia</strong></span> <span class='ocrx_word' id='word_1_60' title='bbox 1600 868 1763 925; x_wconf 80' lang='lat' dir='ltr'><strong>Nico-</strong></span> 
     </span>
    </p>
   </div>
   <div class='ocr_carea' id='block_1_10' title="bbox 171 949 1760 1028">
    <p class='ocr_par' dir='ltr' id='par_1_10' title="bbox 171 949 1760 1028">
     <span class='ocr_line' id='line_1_10' title="bbox 171 949 1760 1028; baseline 0.009 -28"><span class='ocrx_word' id='word_1_61' title='bbox 171 949 351 1004; x_wconf 67' lang='lat' dir='ltr'><strong>mediae</strong></span> <span class='ocrx_word' id='word_1_62' title='bbox 380 965 440 1003; x_wconf 84' lang='lat' dir='ltr'><strong>se</strong></span> <span class='ocrx_word' id='word_1_63' title='bbox 464 951 759 1018; x_wconf 80' lang='lat' dir='ltr'><strong>obtulerat,</strong></span> <span class='ocrx_word' id='word_1_64' title='bbox 803 963 859 1008; x_wconf 92' lang='lat' dir='ltr'><strong>et</strong></span> <span class='ocrx_word' id='word_1_65' title='bbox 889 954 942 1010; x_wconf 92' lang='lat' dir='ltr'><strong>in</strong></span> <span class='ocrx_word' id='word_1_66' title='bbox 989 957 1197 1011; x_wconf 87' lang='lat' dir='ltr'><strong>honore</strong></span> <span class='ocrx_word' id='word_1_67' title='bbox 1236 956 1424 1013; x_wconf 89' lang='lat' dir='ltr'><strong>haberi</strong></span> <span class='ocrx_word' id='word_1_68' title='bbox 1457 959 1760 1028; x_wconf 81' lang='lat' dir='ltr'><strong>videbatur,</strong></span> 
     </span>
    </p>
   </div>
   <div class='ocr_carea' id='block_1_11' title="bbox 169 1042 1765 1122">
    <p class='ocr_par' dir='ltr' id='par_1_11' title="bbox 169 1042 1765 1122">
     <span class='ocr_line' id='line_1_11' title="bbox 169 1042 1765 1122; baseline 0.009 -27"><span class='ocrx_word' id='word_1_69' title='bbox 169 1042 290 1097; x_wconf 84' lang='lat' dir='ltr'><strong>nihil</strong></span> <span class='ocrx_word' id='word_1_70' title='bbox 332 1045 438 1098; x_wconf 82' lang='lat' dir='ltr'><strong>tale</strong></span> <span class='ocrx_word' id='word_1_71' title='bbox 482 1053 771 1110; x_wconf 88' lang='lat' dir='ltr'><strong>metuens,</strong></span> <span class='ocrx_word' id='word_1_72' title='bbox 814 1049 1026 1102; x_wconf 87' lang='lat' dir='ltr'><strong>occisus</strong></span> <span class='ocrx_word' id='word_1_73' title='bbox 1075 1059 1176 1106; x_wconf 88' lang='lat' dir='ltr'><strong>est.</strong></span> <span class='ocrx_word' id='word_1_74' title='bbox 1226 1050 1296 1104; x_wconf 85' lang='lat' dir='ltr'><strong>Et</strong></span> <span class='ocrx_word' id='word_1_75' title='bbox 1325 1050 1435 1116; x_wconf 90' lang='lat' dir='ltr'><strong>illa,</strong></span> <span class='ocrx_word' id='word_1_76' title='bbox 1470 1053 1616 1106; x_wconf 83' lang='lat' dir='ltr'><strong>exitu</strong></span> <span class='ocrx_word' id='word_1_77' title='bbox 1647 1053 1765 1122; x_wconf 89' lang='lat' dir='ltr'><strong>ejus</strong></span> 
     </span>
    </p>
   </div>
   <div class='ocr_carea' id='block_1_12' title="bbox 168 1137 1762 1212">
    <p class='ocr_par' dir='ltr' id='par_1_12' title="bbox 168 1137 1762 1212">
     <span class='ocr_line' id='line_1_12' title="bbox 168 1137 1762 1212; baseline 0.007 -21"><span class='ocrx_word' id='word_1_78' title='bbox 168 1137 358 1199; x_wconf 87' lang='lat' dir='ltr'><strong>audito.</strong></span> <span class='ocrx_word' id='word_1_79' title='bbox 404 1139 654 1208; x_wconf 86' lang='lat' dir='ltr'><strong>protinus</strong></span> <span class='ocrx_word' id='word_1_80' title='bbox 698 1140 852 1212; x_wconf 88' lang='lat' dir='ltr'><strong>fugit.</strong></span> <span class='ocrx_word' id='word_1_81' title='bbox 926 1142 1070 1198; x_wconf 87' lang='lat' dir='ltr'><strong>Idem</strong></span> <span class='ocrx_word' id='word_1_82' title='bbox 1099 1142 1284 1199; x_wconf 86' lang='lat' dir='ltr'><strong>Severi</strong></span> <span class='ocrx_word' id='word_1_83' title='bbox 1319 1144 1485 1200; x_wconf 91' lang='lat' dir='ltr'><strong>ﬁlium</strong></span> <span class='ocrx_word' id='word_1_84' title='bbox 1508 1146 1762 1202; x_wconf 85' lang='lat' dir='ltr'><strong>Severia-</strong></span> 
     </span>
    </p>
   </div>
   <div class='ocr_carea' id='block_1_13' title="bbox 169 1229 1761 1308">
    <p class='ocr_par' dir='ltr' id='par_1_13' title="bbox 169 1229 1761 1308">
     <span class='ocr_line' id='line_1_13' title="bbox 169 1229 1761 1308; baseline 0.006 -24"><span class='ocrx_word' id='word_1_85' title='bbox 169 1246 304 1293; x_wconf 92' lang='lat' dir='ltr'><strong>num,</strong></span> <span class='ocrx_word' id='word_1_86' title='bbox 325 1229 438 1300; x_wconf 90' lang='lat' dir='ltr'><strong>jam</strong></span> <span class='ocrx_word' id='word_1_87' title='bbox 463 1241 626 1287; x_wconf 65' lang='lat' dir='ltr'><strong>astate</strong></span> <span class='ocrx_word' id='word_1_88' title='bbox 649 1233 952 1299; x_wconf 86' lang='lat' dir='ltr'><strong>robustum,</strong></span> <span class='ocrx_word' id='word_1_89' title='bbox 985 1236 1074 1305; x_wconf 87' lang='lat' dir='ltr'><strong>qui</strong></span> <span class='ocrx_word' id='word_1_90' title='bbox 1099 1234 1390 1308; x_wconf 78' lang='lat' dir='ltr'><strong>fugientem</strong></span> <span class='ocrx_word' id='word_1_91' title='bbox 1413 1237 1761 1293; x_wconf 82' lang='lat' dir='ltr'><strong>Maximinum</strong></span> 
     </span>
    </p>
   </div>
   <div class='ocr_carea' id='block_1_14' title="bbox 168 1321 1763 1399">
    <p class='ocr_par' dir='ltr' id='par_1_14' title="bbox 168 1321 1763 1399">
     <span class='ocr_line' id='line_1_14' title="bbox 168 1321 1763 1399; baseline 0.005 -24"><span class='ocrx_word' id='word_1_92' title='bbox 168 1321 328 1376; x_wconf 90' lang='lat' dir='ltr'><strong>fuerat</strong></span> <span class='ocrx_word' id='word_1_93' title='bbox 372 1336 438 1375; x_wconf 87' lang='lat' dir='ltr'><strong>ex</strong></span> <span class='ocrx_word' id='word_1_94' title='bbox 478 1321 596 1377; x_wconf 84' lang='lat' dir='ltr'><strong>acie</strong></span> <span class='ocrx_word' id='word_1_95' title='bbox 623 1334 920 1394; x_wconf 86' lang='lat' dir='ltr'><strong>sequutus,</strong></span> <span class='ocrx_word' id='word_1_96' title='bbox 964 1333 1232 1397; x_wconf 83' lang='lat' dir='ltr'><strong>tamquam</strong></span> <span class='ocrx_word' id='word_1_97' title='bbox 1273 1335 1394 1397; x_wconf 91' lang='lat' dir='ltr'><strong>post</strong></span> <span class='ocrx_word' id='word_1_98' title='bbox 1417 1327 1624 1383; x_wconf 89' lang='lat' dir='ltr'><strong>obitum</strong></span> <span class='ocrx_word' id='word_1_99' title='bbox 1645 1327 1763 1399; x_wconf 88' lang='lat' dir='ltr'><strong>ejus</strong></span> 
     </span>
    </p>
   </div>
   <div class='ocr_carea' id='block_1_15' title="bbox 167 1411 1763 1487">
    <p class='ocr_par' dir='ltr' id='par_1_15' title="bbox 167 1411 1763 1487">
     <span class='ocr_line' id='line_1_15' title="bbox 167 1411 1763 1487; baseline 0.005 -20"><span class='ocrx_word' id='word_1_100' title='bbox 167 1411 228 1467; x_wconf 90' lang='lat' dir='ltr'><strong>de</strong></span> <span class='ocrx_word' id='word_1_101' title='bbox 265 1413 524 1468; x_wconf 89' lang='lat' dir='ltr'><strong>sumenda</strong></span> <span class='ocrx_word' id='word_1_102' title='bbox 569 1429 808 1483; x_wconf 84' lang='lat' dir='ltr'><strong>purpura</strong></span> <span class='ocrx_word' id='word_1_103' title='bbox 853 1418 1167 1487; x_wconf 81' lang='lat' dir='ltr'><strong>cogitasset,</strong></span> <span class='ocrx_word' id='word_1_104' title='bbox 1219 1419 1436 1486; x_wconf 89' lang='lat' dir='ltr'><strong>capitali</strong></span> <span class='ocrx_word' id='word_1_105' title='bbox 1478 1421 1763 1475; x_wconf 83' lang='lat' dir='ltr'><strong>sententiae</strong></span> 
     </span>
    </p>
   </div>
   <div class='ocr_carea' id='block_1_16' title="bbox 167 1505 1762 1582">
    <p class='ocr_par' dir='ltr' id='par_1_16' title="bbox 167 1505 1762 1582">
     <span class='ocr_line' id='line_1_16' title="bbox 167 1505 1762 1582; baseline 0.004 -22"><span class='ocrx_word' id='word_1_106' title='bbox 167 1505 453 1575; x_wconf 85' lang='lat' dir='ltr'><strong>subjectum</strong></span> <span class='ocrx_word' id='word_1_107' title='bbox 490 1507 787 1562; x_wconf 87' lang='lat' dir='ltr'><strong>interemit.</strong></span> <span class='ocrx_word' id='word_1_108' title='bbox 848 1508 949 1576; x_wconf 87' lang='lat' dir='ltr'><strong>Qui</strong></span> <span class='ocrx_word' id='word_1_109' title='bbox 992 1523 1182 1564; x_wconf 88' lang='lat' dir='ltr'><strong>onmes</strong></span> <span class='ocrx_word' id='word_1_110' title='bbox 1218 1510 1479 1565; x_wconf 90' lang='lat' dir='ltr'><strong>Licinium</strong></span> <span class='ocrx_word' id='word_1_111' title='bbox 1507 1512 1616 1580; x_wconf 91' lang='lat' dir='ltr'><strong>jam</strong></span> <span class='ocrx_word' id='word_1_112' title='bbox 1650 1513 1762 1582; x_wconf 84' lang='lat' dir='ltr'><strong>pri-</strong></span> 
     </span>
    </p>
   </div>
   <div class='ocr_carea' id='block_1_17' title="bbox 168 1596 1764 1667">
    <p class='ocr_par' dir='ltr' id='par_1_17' title="bbox 168 1596 1764 1667">
     <span class='ocr_line' id='line_1_17' title="bbox 168 1596 1764 1667; baseline 0.006 -16"><span class='ocrx_word' id='word_1_113' title='bbox 168 1597 300 1659; x_wconf 89' lang='lat' dir='ltr'><strong>dem,</strong></span> <span class='ocrx_word' id='word_1_114' title='bbox 345 1596 500 1667; x_wconf 81' lang='lat' dir='ltr'><strong>quasi</strong></span> <span class='ocrx_word' id='word_1_115' title='bbox 545 1599 750 1653; x_wconf 90' lang='lat' dir='ltr'><strong>malum</strong></span> <span class='ocrx_word' id='word_1_116' title='bbox 781 1611 1109 1666; x_wconf 91' lang='lat' dir='ltr'><strong>metuentes,</strong></span> <span class='ocrx_word' id='word_1_117' title='bbox 1151 1617 1271 1657; x_wconf 90' lang='lat' dir='ltr'><strong>cum</strong></span> <span class='ocrx_word' id='word_1_118' title='bbox 1311 1602 1602 1658; x_wconf 84' lang='lat' dir='ltr'><strong>Maximino</strong></span> <span class='ocrx_word' id='word_1_119' title='bbox 1642 1619 1764 1661; x_wconf 75' lang='lat' dir='ltr'><strong>esse</strong></span> 
     </span>
    </p>
   </div>
   <div class='ocr_carea' id='block_1_18' title="bbox 174 1691 1763 1766">
    <p class='ocr_par' dir='ltr' id='par_1_18' title="bbox 174 1691 1763 1766">
     <span class='ocr_line' id='line_1_18' title="bbox 174 1691 1763 1766; baseline 0.005 -20"><span class='ocrx_word' id='word_1_120' title='bbox 174 1691 480 1754; x_wconf 87' lang='lat' dir='ltr'><strong>maluerant,</strong></span> <span class='ocrx_word' id='word_1_121' title='bbox 531 1701 730 1761; x_wconf 59' lang='lat' dir='ltr'><strong>praeter</strong></span> <span class='ocrx_word' id='word_1_122' title='bbox 769 1693 1062 1761; x_wconf 80' lang='lat' dir='ltr'><strong>Valeriam,</strong></span> <span class='ocrx_word' id='word_1_123' title='bbox 1116 1711 1236 1766; x_wconf 69' lang='lat' dir='ltr'><strong>qua:</strong></span> <span class='ocrx_word' id='word_1_124' title='bbox 1259 1698 1444 1751; x_wconf 88' lang='lat' dir='ltr'><strong>volens</strong></span> <span class='ocrx_word' id='word_1_125' title='bbox 1470 1698 1677 1753; x_wconf 84' lang='lat' dir='ltr'><strong>Licinio</strong></span> <span class='ocrx_word' id='word_1_126' title='bbox 1709 1700 1763 1754; x_wconf 92' lang='lat' dir='ltr'><strong>in</strong></span> 
     </span>
    </p>
   </div>
   <div class='ocr_carea' id='block_1_19' title="bbox 1863 509 3459 599">
    <p class='ocr_par' dir='ltr' id='par_1_19' title="bbox 1863 509 3459 599">
     <span class='ocr_line' id='line_1_19' title="bbox 1863 509 3459 599; baseline 0.018 -38"><span class='ocrx_word' id='word_1_127' title='bbox 1863 509 2040 562; x_wconf 91' lang='lat' dir='ltr'><strong>taculo</strong></span> <span class='ocrx_word' id='word_1_128' title='bbox 2068 517 2122 563; x_wconf 90' lang='lat' dir='ltr'><strong>et</strong></span> <span class='ocrx_word' id='word_1_129' title='bbox 2149 510 2496 570; x_wconf 89' lang='lat' dir='ltr'><strong>miseratione</strong></span> <span class='ocrx_word' id='word_1_130' title='bbox 2525 519 2655 572; x_wconf 91' lang='lat' dir='ltr'><strong>tanti</strong></span> <span class='ocrx_word' id='word_1_131' title='bbox 2701 524 2959 592; x_wconf 50' lang='lat' dir='ltr'><strong>casusfad</strong></span> <span class='ocrx_word' id='word_1_132' title='bbox 3005 509 3353 598; x_wconf 76' lang='lat' dir='ltr'><strong>supplicium,</strong></span> <span class='ocrx_word' id='word_1_133' title='bbox 3382 545 3459 599; x_wconf 87' lang='lat' dir='ltr'><strong>et,</strong></span> 
     </span>
    </p>
   </div>
   <div class='ocr_carea' id='block_1_20' title="bbox 1863 603 3467 696">
    <p class='ocr_par' dir='ltr' id='par_1_20' title="bbox 1863 603 3467 696">
     <span class='ocr_line' id='line_1_20' title="bbox 1863 603 3467 696; baseline 0.019 -43"><span class='ocrx_word' id='word_1_134' title='bbox 1863 603 2152 669; x_wconf 86' lang='lat' dir='ltr'><strong>amputatis</strong></span> <span class='ocrx_word' id='word_1_135' title='bbox 2179 604 2476 673; x_wconf 90' lang='lat' dir='ltr'><strong>capitibus,</strong></span> <span class='ocrx_word' id='word_1_136' title='bbox 2509 624 2736 681; x_wconf 89' lang='lat' dir='ltr'><strong>corpora</strong></span> <span class='ocrx_word' id='word_1_137' title='bbox 2768 630 2952 672; x_wconf 89' lang='lat' dir='ltr'><strong>earum</strong></span> <span class='ocrx_word' id='word_1_138' title='bbox 2994 619 3045 674; x_wconf 92' lang='lat' dir='ltr'><strong>in</strong></span> <span class='ocrx_word' id='word_1_139' title='bbox 3077 637 3228 679; x_wconf 87' lang='lat' dir='ltr'><strong>mare</strong></span> <span class='ocrx_word' id='word_1_140' title='bbox 3253 625 3467 696; x_wconf 87' lang='lat' dir='ltr'><strong>abjecta</strong></span> 
     </span>
    </p>
   </div>
   <div class='ocr_carea' id='block_1_21' title="bbox 1863 692 3218 770">
    <p class='ocr_par' dir='ltr' id='par_1_21' title="bbox 1863 692 3218 770">
     <span class='ocr_line' id='line_1_21' title="bbox 1863 692 3218 770; baseline 0.019 -26"><span class='ocrx_word' id='word_1_141' title='bbox 1863 700 2008 746; x_wconf 91' lang='lat' dir='ltr'><strong>sunt.</strong></span> <span class='ocrx_word' id='word_1_142' title='bbox 2039 692 2112 748; x_wconf 89' lang='lat' dir='ltr'><strong>Ita</strong></span> <span class='ocrx_word' id='word_1_143' title='bbox 2139 695 2242 750; x_wconf 88' lang='lat' dir='ltr'><strong>illis</strong></span> <span class='ocrx_word' id='word_1_144' title='bbox 2269 697 2523 766; x_wconf 89' lang='lat' dir='ltr'><strong>pudicitia</strong></span> <span class='ocrx_word' id='word_1_145' title='bbox 2551 712 2607 757; x_wconf 88' lang='lat' dir='ltr'><strong>et</strong></span> <span class='ocrx_word' id='word_1_146' title='bbox 2640 707 2878 763; x_wconf 92' lang='lat' dir='ltr'><strong>conditio</strong></span> <span class='ocrx_word' id='word_1_147' title='bbox 2904 711 3070 766; x_wconf 87' lang='lat' dir='ltr'><strong>exitio</strong></span> <span class='ocrx_word' id='word_1_148' title='bbox 3101 713 3218 770; x_wconf 92' lang='lat' dir='ltr'><strong>fuit.</strong></span> 
     </span>
    </p>
   </div>
   <div class='ocr_carea' id='block_1_22' title="bbox 2611 796 2719 851">
    <p class='ocr_par' dir='ltr' id='par_1_22' title="bbox 2611 796 2719 851">
     <span class='ocr_line' id='line_1_22' title="bbox 2611 796 2719 851; baseline -0.019 -1"><span class='ocrx_word' id='word_1_149' title='bbox 2611 796 2719 851; x_wconf 84' lang='lat' dir='ltr'><strong>LII.</strong></span> 
     </span>
    </p>
   </div>
   <div class='ocr_carea' id='block_1_23' title="bbox 1936 874 3460 974">
    <p class='ocr_par' dir='ltr' id='par_1_23' title="bbox 1936 874 3460 974">
     <span class='ocr_line' id='line_1_23' title="bbox 1936 874 3460 974; baseline 0.018 -44"><span class='ocrx_word' id='word_1_150' title='bbox 1936 874 2066 943; x_wconf 72' lang='lat' dir='ltr'><strong>Qua:</strong></span> <span class='ocrx_word' id='word_1_151' title='bbox 2090 880 2266 933; x_wconf 87' lang='lat' dir='ltr'><strong>omnia</strong></span> <span class='ocrx_word' id='word_1_152' title='bbox 2290 882 2588 939; x_wconf 90' lang='lat' dir='ltr'><strong>secundum</strong></span> <span class='ocrx_word' id='word_1_153' title='bbox 2621 887 2780 946; x_wconf 92' lang='lat' dir='ltr'><strong>ﬁdem</strong></span> <span class='ocrx_word' id='word_1_154' title='bbox 2811 889 3029 964; x_wconf 88' lang='lat' dir='ltr'><strong>(scienti</strong></span> <span class='ocrx_word' id='word_1_155' title='bbox 3053 896 3196 952; x_wconf 89' lang='lat' dir='ltr'><strong>enim</strong></span> <span class='ocrx_word' id='word_1_156' title='bbox 3218 899 3460 974; x_wconf 92' lang='lat' dir='ltr'><strong>loquor),</strong></span> 
     </span>
    </p>
   </div>
   <div class='ocr_carea' id='block_1_24' title="bbox 1864 968 3469 1056">
    <p class='ocr_par' dir='ltr' id='par_1_24' title="bbox 1864 968 3469 1056">
     <span class='ocr_line' id='line_1_24' title="bbox 1864 968 3469 1056; baseline 0.016 -32"><span class='ocrx_word' id='word_1_157' title='bbox 1864 968 1936 1024; x_wconf 90' lang='lat' dir='ltr'><strong>ita</strong></span> <span class='ocrx_word' id='word_1_158' title='bbox 1967 979 2025 1025; x_wconf 90' lang='lat' dir='ltr'><strong>ut</strong></span> <span class='ocrx_word' id='word_1_159' title='bbox 2045 982 2197 1042; x_wconf 86' lang='lat' dir='ltr'><strong>gesta</strong></span> <span class='ocrx_word' id='word_1_160' title='bbox 2237 986 2362 1030; x_wconf 87' lang='lat' dir='ltr'><strong>sunt</strong></span> <span class='ocrx_word' id='word_1_161' title='bbox 2401 978 2703 1034; x_wconf 87' lang='lat' dir='ltr'><strong>mandanda</strong></span> <span class='ocrx_word' id='word_1_162' title='bbox 2763 981 2957 1040; x_wconf 91' lang='lat' dir='ltr'><strong>litteris</strong></span> <span class='ocrx_word' id='word_1_163' title='bbox 2983 987 3224 1056; x_wconf 91' lang='lat' dir='ltr'><strong>credidi;</strong></span> <span class='ocrx_word' id='word_1_164' title='bbox 3275 968 3344 1048; x_wconf 84' lang='lat' dir='ltr'><strong>ne</strong></span> <span class='ocrx_word' id='word_1_165' title='bbox 3370 968 3469 1049; x_wconf 78' lang='lat' dir='ltr'><strong>aut.</strong></span> 
     </span>
    </p>
   </div>
   <div class='ocr_carea' id='block_1_25' title="bbox 1865 1063 3469 1151">
    <p class='ocr_par' dir='ltr' id='par_1_25' title="bbox 1865 1063 3469 1151">
     <span class='ocr_line' id='line_1_25' title="bbox 1865 1063 3469 1151; baseline 0.016 -35"><span class='ocrx_word' id='word_1_166' title='bbox 1865 1063 2127 1119; x_wconf 89' lang='lat' dir='ltr'><strong>memoria</strong></span> <span class='ocrx_word' id='word_1_167' title='bbox 2159 1073 2426 1122; x_wconf 90' lang='lat' dir='ltr'><strong>tantarum</strong></span> <span class='ocrx_word' id='word_1_168' title='bbox 2457 1084 2637 1125; x_wconf 90' lang='lat' dir='ltr'><strong>rerum</strong></span> <span class='ocrx_word' id='word_1_169' title='bbox 2663 1073 2926 1141; x_wconf 88' lang='lat' dir='ltr'><strong>interiret,</strong></span> <span class='ocrx_word' id='word_1_170' title='bbox 2947 1087 3058 1143; x_wconf 90' lang='lat' dir='ltr'><strong>aut,</strong></span> <span class='ocrx_word' id='word_1_171' title='bbox 3084 1079 3128 1133; x_wconf 90' lang='lat' dir='ltr'><strong>si</strong></span> <span class='ocrx_word' id='word_1_172' title='bbox 3156 1082 3275 1151; x_wconf 90' lang='lat' dir='ltr'><strong>quis</strong></span> <span class='ocrx_word' id='word_1_173' title='bbox 3298 1083 3469 1140; x_wconf 86' lang='lat' dir='ltr'><strong>histo-</strong></span> 
     </span>
    </p>
   </div>
   <div class='ocr_carea' id='block_1_26' title="bbox 1865 1152 3466 1238">
    <p class='ocr_par' dir='ltr' id='par_1_26' title="bbox 1865 1152 3466 1238">
     <span class='ocr_line' id='line_1_26' title="bbox 1865 1152 3466 1238; baseline 0.016 -33"><span class='ocrx_word' id='word_1_174' title='bbox 1865 1152 2002 1206; x_wconf 86' lang='lat' dir='ltr'><strong>riam</strong></span> <span class='ocrx_word' id='word_1_175' title='bbox 2043 1155 2284 1212; x_wconf 88' lang='lat' dir='ltr'><strong>scribere</strong></span> <span class='ocrx_word' id='word_1_176' title='bbox 2313 1157 2591 1225; x_wconf 88' lang='lat' dir='ltr'><strong>voluisset,</strong></span> <span class='ocrx_word' id='word_1_177' title='bbox 2618 1177 2993 1235; x_wconf 89' lang='lat' dir='ltr'><strong>corrumperet</strong></span> <span class='ocrx_word' id='word_1_178' title='bbox 3040 1171 3347 1238; x_wconf 85' lang='lat' dir='ltr'><strong>veritatem,</strong></span> <span class='ocrx_word' id='word_1_179' title='bbox 3381 1177 3466 1231; x_wconf 89' lang='lat' dir='ltr'><strong>vel</strong></span> 
     </span>
    </p>
   </div>
   <div class='ocr_carea' id='block_1_27' title="bbox 1867 1245 3463 1330">
    <p class='ocr_par' dir='ltr' id='par_1_27' title="bbox 1867 1245 3463 1330">
     <span class='ocr_line' id='line_1_27' title="bbox 1867 1245 3463 1330; baseline 0.016 -34"><span class='ocrx_word' id='word_1_180' title='bbox 1867 1253 2085 1312; x_wconf 89' lang='lat' dir='ltr'><strong>peccata</strong></span> <span class='ocrx_word' id='word_1_181' title='bbox 2117 1245 2332 1302; x_wconf 91' lang='lat' dir='ltr'><strong>illorum</strong></span> <span class='ocrx_word' id='word_1_182' title='bbox 2381 1249 2641 1307; x_wconf 85' lang='lat' dir='ltr'><strong>adversus</strong></span> <span class='ocrx_word' id='word_1_183' title='bbox 2697 1255 2885 1322; x_wconf 90' lang='lat' dir='ltr'><strong>Deum,</strong></span> <span class='ocrx_word' id='word_1_184' title='bbox 2918 1259 3005 1314; x_wconf 86' lang='lat' dir='ltr'><strong>vel</strong></span> <span class='ocrx_word' id='word_1_185' title='bbox 3049 1259 3310 1330; x_wconf 91' lang='lat' dir='ltr'><strong>judicium</strong></span> <span class='ocrx_word' id='word_1_186' title='bbox 3367 1267 3463 1322; x_wconf 90' lang='lat' dir='ltr'><strong>Dei</strong></span> 
     </span>
    </p>
   </div>
   <div class='ocr_carea' id='block_1_28' title="bbox 1866 1334 3468 1424">
    <p class='ocr_par' dir='ltr' id='par_1_28' title="bbox 1866 1334 3468 1424">
     <span class='ocr_line' id='line_1_28' title="bbox 1866 1334 3468 1424; baseline 0.014 -36"><span class='ocrx_word' id='word_1_187' title='bbox 1866 1334 2126 1392; x_wconf 91' lang='lat' dir='ltr'><strong>adversus</strong></span> <span class='ocrx_word' id='word_1_188' title='bbox 2156 1338 2278 1394; x_wconf 91' lang='lat' dir='ltr'><strong>illos</strong></span> <span class='ocrx_word' id='word_1_189' title='bbox 2313 1341 2608 1398; x_wconf 79' lang='lat' dir='ltr'><strong>reticendo.</strong></span> <span class='ocrx_word' id='word_1_190' title='bbox 2650 1345 2816 1414; x_wconf 87' lang='lat' dir='ltr'><strong>Cujus</strong></span> <span class='ocrx_word' id='word_1_191' title='bbox 2860 1359 3080 1406; x_wconf 74' lang='lat' dir='ltr'><strong>:eterna:</strong></span> <span class='ocrx_word' id='word_1_192' title='bbox 3135 1355 3316 1422; x_wconf 90' lang='lat' dir='ltr'><strong>pietati</strong></span> <span class='ocrx_word' id='word_1_193' title='bbox 3344 1372 3468 1424; x_wconf 84' lang='lat' dir='ltr'><strong>gra-</strong></span> 
     </span>
    </p>
   </div>
   <div class='ocr_carea' id='block_1_29' title="bbox 1867 1430 3464 1516">
    <p class='ocr_par' dir='ltr' id='par_1_29' title="bbox 1867 1430 3464 1516">
     <span class='ocr_line' id='line_1_29' title="bbox 1867 1430 3464 1516; baseline 0.013 -33"><span class='ocrx_word' id='word_1_194' title='bbox 1867 1430 1969 1485; x_wconf 88' lang='lat' dir='ltr'><strong>tias</strong></span> <span class='ocrx_word' id='word_1_195' title='bbox 1993 1445 2155 1500; x_wconf 84' lang='lat' dir='ltr'><strong>agere</strong></span> <span class='ocrx_word' id='word_1_196' title='bbox 2189 1433 2471 1503; x_wconf 84' lang='lat' dir='ltr'><strong>debemus,</strong></span> <span class='ocrx_word' id='word_1_197' title='bbox 2526 1439 2615 1508; x_wconf 92' lang='lat' dir='ltr'><strong>qui</strong></span> <span class='ocrx_word' id='word_1_198' title='bbox 2649 1440 2863 1496; x_wconf 89' lang='lat' dir='ltr'><strong>tandem</strong></span> <span class='ocrx_word' id='word_1_199' title='bbox 2894 1446 3134 1514; x_wconf 84' lang='lat' dir='ltr'><strong>respexit</strong></span> <span class='ocrx_word' id='word_1_200' title='bbox 3157 1448 3208 1501; x_wconf 92' lang='lat' dir='ltr'><strong>in</strong></span> <span class='ocrx_word' id='word_1_201' title='bbox 3242 1456 3464 1516; x_wconf 90' lang='lat' dir='ltr'><strong>terram,</strong></span> 
     </span>
    </p>
   </div>
   <div class='ocr_carea' id='block_1_30' title="bbox 1867 1523 3464 1611">
    <p class='ocr_par' dir='ltr' id='par_1_30' title="bbox 1867 1523 3464 1611">
     <span class='ocr_line' id='line_1_30' title="bbox 1867 1523 3464 1611; baseline 0.014 -36"><span class='ocrx_word' id='word_1_202' title='bbox 1867 1523 2011 1592; x_wconf 90' lang='lat' dir='ltr'><strong>quod</strong></span> <span class='ocrx_word' id='word_1_203' title='bbox 2040 1539 2256 1594; x_wconf 78' lang='lat' dir='ltr'><strong>gregem</strong></span> <span class='ocrx_word' id='word_1_204' title='bbox 2289 1541 2444 1582; x_wconf 92' lang='lat' dir='ltr'><strong>suum</strong></span> <span class='ocrx_word' id='word_1_205' title='bbox 2478 1531 2668 1599; x_wconf 83' lang='lat' dir='ltr'><strong>partim</strong></span> <span class='ocrx_word' id='word_1_206' title='bbox 2703 1542 2970 1590; x_wconf 90' lang='lat' dir='ltr'><strong>vastatum</strong></span> <span class='ocrx_word' id='word_1_207' title='bbox 3007 1551 3039 1591; x_wconf 88' lang='lat' dir='ltr'><strong>a</strong></span> <span class='ocrx_word' id='word_1_208' title='bbox 3067 1537 3208 1608; x_wconf 89' lang='lat' dir='ltr'><strong>lupis</strong></span> <span class='ocrx_word' id='word_1_209' title='bbox 3255 1544 3464 1611; x_wconf 86' lang='lat' dir='ltr'><strong>rapaci-</strong></span> 
     </span>
    </p>
   </div>
   <div class='ocr_carea' id='block_1_31' title="bbox 1869 1614 3464 1700">
    <p class='ocr_par' dir='ltr' id='par_1_31' title="bbox 1869 1614 3464 1700">
     <span class='ocr_line' id='line_1_31' title="bbox 1869 1614 3464 1700; baseline 0.012 -30"><span class='ocrx_word' id='word_1_210' title='bbox 1869 1614 1989 1680; x_wconf 86' lang='lat' dir='ltr'><strong>bus,</strong></span> <span class='ocrx_word' id='word_1_211' title='bbox 2027 1617 2216 1684; x_wconf 87' lang='lat' dir='ltr'><strong>partim</strong></span> <span class='ocrx_word' id='word_1_212' title='bbox 2248 1634 2376 1672; x_wconf 90' lang='lat' dir='ltr'><strong>vero</strong></span> <span class='ocrx_word' id='word_1_213' title='bbox 2405 1619 2731 1690; x_wconf 89' lang='lat' dir='ltr'><strong>dispersum,</strong></span> <span class='ocrx_word' id='word_1_214' title='bbox 2765 1626 2991 1682; x_wconf 86' lang='lat' dir='ltr'><strong>reficere</strong></span> <span class='ocrx_word' id='word_1_215' title='bbox 3039 1643 3103 1682; x_wconf 89' lang='lat' dir='ltr'><strong>ac</strong></span> <span class='ocrx_word' id='word_1_216' title='bbox 3145 1631 3464 1700; x_wconf 73' lang='lat' dir='ltr'><strong>recolligere</strong></span> 
     </span>
    </p>
   </div>
   <div class='ocr_carea' id='block_1_32' title="bbox 1869 1706 3464 1791">
    <p class='ocr_par' dir='ltr' id='par_1_32' title="bbox 1869 1706 3464 1791">
     <span class='ocr_line' id='line_1_32' title="bbox 1869 1706 3464 1791; baseline 0.012 -31"><span class='ocrx_word' id='word_1_217' title='bbox 1869 1706 2122 1777; x_wconf 92' lang='lat' dir='ltr'><strong>dignatus</strong></span> <span class='ocrx_word' id='word_1_218' title='bbox 2149 1719 2254 1777; x_wconf 91' lang='lat' dir='ltr'><strong>est,</strong></span> <span class='ocrx_word' id='word_1_219' title='bbox 2279 1721 2334 1766; x_wconf 86' lang='lat' dir='ltr'><strong>et</strong></span> <span class='ocrx_word' id='word_1_220' title='bbox 2361 1712 2562 1768; x_wconf 89' lang='lat' dir='ltr'><strong>bestias</strong></span> <span class='ocrx_word' id='word_1_221' title='bbox 2590 1717 2758 1771; x_wconf 89' lang='lat' dir='ltr'><strong>malas</strong></span> <span class='ocrx_word' id='word_1_222' title='bbox 2787 1720 3078 1790; x_wconf 87' lang='lat' dir='ltr'><strong>extirpare,</strong></span> <span class='ocrx_word' id='word_1_223' title='bbox 3123 1739 3242 1791; x_wconf 76' lang='lat' dir='ltr'><strong>qua:</strong></span> <span class='ocrx_word' id='word_1_224' title='bbox 3293 1724 3464 1780; x_wconf 90' lang='lat' dir='ltr'><strong>divini</strong></span> 
     </span>
    </p>
   </div>
   <div class='ocr_carea' id='block_1_33' title="bbox 167 1783 3463 1882">
    <p class='ocr_par' dir='ltr' id='par_1_33' title="bbox 167 1783 3463 1882">
     <span class='ocr_line' id='line_1_33' title="bbox 167 1783 3463 1882; baseline 0.009 -44"><span class='ocrx_word' id='word_1_225' title='bbox 167 1798 341 1838; x_wconf 88' lang='lat' dir='ltr'><strong>omnes</strong></span> <span class='ocrx_word' id='word_1_226' title='bbox 371 1783 683 1840; x_wconf 78' lang='lat' dir='ltr'><strong>Maximiani</strong></span> <span class='ocrx_word' id='word_1_227' title='bbox 716 1786 1059 1843; x_wconf 85' lang='lat' dir='ltr'><strong>haereditales</strong></span> <span class='ocrx_word' id='word_1_228' title='bbox 1097 1788 1217 1857; x_wconf 90' lang='lat' dir='ltr'><strong>jure</strong></span> <span class='ocrx_word' id='word_1_229' title='bbox 1248 1805 1346 1844; x_wconf 91' lang='lat' dir='ltr'><strong>suo</strong></span> <span class='ocrx_word' id='word_1_230' title='bbox 1371 1791 1585 1856; x_wconf 88' lang='lat' dir='ltr'><strong>cedere,</strong></span> <span class='ocrx_word' id='word_1_231' title='bbox 1621 1791 1760 1846; x_wconf 90' lang='lat' dir='ltr'><strong>idem</strong></span> <span class='ocrx_word' id='word_1_232' title='bbox 1793 1794 1840 1855; x_wconf 90' lang='lat' dir='ltr'><strong>B</strong></span> <span class='ocrx_word' id='word_1_233' title='bbox 1867 1801 2045 1870; x_wconf 79' lang='lat' dir='ltr'><strong>gregis</strong></span> <span class='ocrx_word' id='word_1_234' title='bbox 2067 1816 2261 1871; x_wconf 89' lang='lat' dir='ltr'><strong>pascua</strong></span> <span class='ocrx_word' id='word_1_235' title='bbox 2292 1805 2670 1873; x_wconf 86' lang='lat' dir='ltr'><strong>protriverant,</strong></span> <span class='ocrx_word' id='word_1_236' title='bbox 2696 1809 2892 1864; x_wconf 91' lang='lat' dir='ltr'><strong>cubilia</strong></span> <span class='ocrx_word' id='word_1_237' title='bbox 2916 1783 3333 1882; x_wconf 70' lang='lat' dir='ltr'><strong>dissipaverunt.</strong></span> <span class='ocrx_word' id='word_1_238' title='bbox 3361 1816 3463 1872; x_wconf 88' lang='lat' dir='ltr'><strong>Ubi</strong></span> 
     </span>
    </p>
   </div>
   <div class='ocr_carea' id='block_1_34' title="bbox 168 1877 1757 1957">
    <p class='ocr_par' dir='ltr' id='par_1_34' title="bbox 168 1877 1757 1957">
     <span class='ocr_line' id='line_1_34' title="bbox 168 1877 1757 1957; baseline 0.006 -25"><span class='ocrx_word' id='word_1_239' title='bbox 168 1877 441 1932; x_wconf 84' lang='lat' dir='ltr'><strong>Maximino</strong></span> <span class='ocrx_word' id='word_1_240' title='bbox 465 1890 780 1952; x_wconf 82' lang='lat' dir='ltr'><strong>negaverat.</strong></span> <span class='ocrx_word' id='word_1_241' title='bbox 830 1881 1002 1952; x_wconf 90' lang='lat' dir='ltr'><strong>Ipsius</strong></span> <span class='ocrx_word' id='word_1_242' title='bbox 1031 1899 1243 1954; x_wconf 87' lang='lat' dir='ltr'><strong>quoque</strong></span> <span class='ocrx_word' id='word_1_243' title='bbox 1265 1885 1536 1942; x_wconf 83' lang='lat' dir='ltr'><strong>Maximini</strong></span> <span class='ocrx_word' id='word_1_244' title='bbox 1567 1888 1757 1957; x_wconf 89' lang='lat' dir='ltr'><strong>ﬁlium,</strong></span> 
     </span>
    </p>
   </div>
   <div class='ocr_carea' id='block_1_35' title="bbox 168 1973 1756 2050">
    <p class='ocr_par' dir='ltr' id='par_1_35' title="bbox 168 1973 1756 2050">
     <span class='ocr_line' id='line_1_35' title="bbox 168 1973 1756 2050; baseline 0.006 -24"><span class='ocrx_word' id='word_1_245' title='bbox 168 1982 266 2026; x_wconf 92' lang='lat' dir='ltr'><strong>tum</strong></span> <span class='ocrx_word' id='word_1_246' title='bbox 297 1973 619 2042; x_wconf 84' lang='lat' dir='ltr'><strong>maximum,</strong></span> <span class='ocrx_word' id='word_1_247' title='bbox 643 1985 893 2046; x_wconf 86' lang='lat' dir='ltr'><strong>agentem</strong></span> <span class='ocrx_word' id='word_1_248' title='bbox 926 1977 976 2030; x_wconf 92' lang='lat' dir='ltr'><strong>in</strong></span> <span class='ocrx_word' id='word_1_249' title='bbox 1000 1979 1156 2031; x_wconf 89' lang='lat' dir='ltr'><strong>annis</strong></span> <span class='ocrx_word' id='word_1_250' title='bbox 1177 1987 1320 2044; x_wconf 89' lang='lat' dir='ltr'><strong>octo,</strong></span> <span class='ocrx_word' id='word_1_251' title='bbox 1364 1989 1419 2032; x_wconf 89' lang='lat' dir='ltr'><strong>et</strong></span> <span class='ocrx_word' id='word_1_252' title='bbox 1441 1980 1602 2036; x_wconf 87' lang='lat' dir='ltr'><strong>ﬁliam</strong></span> <span class='ocrx_word' id='word_1_253' title='bbox 1629 1995 1756 2050; x_wconf 84' lang='lat' dir='ltr'><strong>sep-</strong></span> 
     </span>
    </p>
   </div>
   <div class='ocr_carea' id='block_1_36' title="bbox 164 2067 1755 2138">
    <p class='ocr_par' dir='ltr' id='par_1_36' title="bbox 164 2067 1755 2138">
     <span class='ocr_line' id='line_1_36' title="bbox 164 2067 1755 2138; baseline 0.006 -18"><span class='ocrx_word' id='word_1_254' title='bbox 164 2076 385 2132; x_wconf 91' lang='lat' dir='ltr'><strong>tenncm,</strong></span> <span class='ocrx_word' id='word_1_255' title='bbox 426 2083 550 2138; x_wconf 74' lang='lat' dir='ltr'><strong>qua:</strong></span> <span class='ocrx_word' id='word_1_256' title='bbox 572 2067 844 2138; x_wconf 79' lang='lat' dir='ltr'><strong>deSponsa</strong></span> <span class='ocrx_word' id='word_1_257' title='bbox 885 2069 1059 2125; x_wconf 80' lang='lat' dir='ltr'><strong>fuerat</strong></span> <span class='ocrx_word' id='word_1_258' title='bbox 1100 2070 1456 2138; x_wconf 78' lang='lat' dir='ltr'><strong>Candidiano,</strong></span> <span class='ocrx_word' id='word_1_259' title='bbox 1501 2073 1755 2129; x_wconf 80' lang='lat' dir='ltr'><strong>extinxit.</strong></span> 
     </span>
    </p>
   </div>
   <div class='ocr_carea' id='block_1_37' title="bbox 165 2162 1753 2236">
    <p class='ocr_par' dir='ltr' id='par_1_37' title="bbox 165 2162 1753 2236">
     <span class='ocr_line' id='line_1_37' title="bbox 165 2162 1753 2236; baseline 0.003 -18"><span class='ocrx_word' id='word_1_260' title='bbox 165 2162 258 2218; x_wconf 89' lang='lat' dir='ltr'><strong>Sed</strong></span> <span class='ocrx_word' id='word_1_261' title='bbox 291 2164 434 2232; x_wconf 92' lang='lat' dir='ltr'><strong>prius</strong></span> <span class='ocrx_word' id='word_1_262' title='bbox 459 2173 639 2220; x_wconf 87' lang='lat' dir='ltr'><strong>mater</strong></span> <span class='ocrx_word' id='word_1_263' title='bbox 667 2177 854 2221; x_wconf 89' lang='lat' dir='ltr'><strong>eorum</strong></span> <span class='ocrx_word' id='word_1_264' title='bbox 887 2166 940 2219; x_wconf 93' lang='lat' dir='ltr'><strong>in</strong></span> <span class='ocrx_word' id='word_1_265' title='bbox 967 2164 1244 2221; x_wconf 85' lang='lat' dir='ltr'><strong>Orientem</strong></span> <span class='ocrx_word' id='word_1_266' title='bbox 1289 2166 1619 2236; x_wconf 68' lang='lat' dir='ltr'><strong>prmcipitata</strong></span> <span class='ocrx_word' id='word_1_267' title='bbox 1649 2176 1753 2222; x_wconf 89' lang='lat' dir='ltr'><strong>est.</strong></span> 
     </span>
    </p>
   </div>
   <div class='ocr_carea' id='block_1_38' title="bbox 165 2252 1756 2326">
    <p class='ocr_par' dir='ltr' id='par_1_38' title="bbox 165 2252 1756 2326">
     <span class='ocr_line' id='line_1_38' title="bbox 165 2252 1756 2326; baseline 0.003 -18"><span class='ocrx_word' id='word_1_268' title='bbox 165 2252 229 2308; x_wconf 90' lang='lat' dir='ltr'><strong>lbi</strong></span> <span class='ocrx_word' id='word_1_269' title='bbox 275 2269 416 2326; x_wconf 68' lang='lat' dir='ltr'><strong>saepe</strong></span> <span class='ocrx_word' id='word_1_270' title='bbox 465 2255 560 2311; x_wconf 88' lang='lat' dir='ltr'><strong>illa</strong></span> <span class='ocrx_word' id='word_1_271' title='bbox 604 2264 781 2310; x_wconf 88' lang='lat' dir='ltr'><strong>castas</strong></span> <span class='ocrx_word' id='word_1_272' title='bbox 821 2254 1071 2312; x_wconf 76' lang='lat' dir='ltr'><strong>fteminas</strong></span> <span class='ocrx_word' id='word_1_273' title='bbox 1119 2258 1286 2326; x_wconf 85' lang='lat' dir='ltr'><strong>mergi</strong></span> <span class='ocrx_word' id='word_1_274' title='bbox 1327 2257 1585 2324; x_wconf 88' lang='lat' dir='ltr'><strong>jusserat.</strong></span> <span class='ocrx_word' id='word_1_275' title='bbox 1661 2257 1756 2313; x_wconf 92' lang='lat' dir='ltr'><strong>Sic</strong></span> 
     </span>
    </p>
   </div>
   <div class='ocr_carea' id='block_1_39' title="bbox 163 2347 1754 2420">
    <p class='ocr_par' dir='ltr' id='par_1_39' title="bbox 163 2347 1754 2420">
     <span class='ocr_line' id='line_1_39' title="bbox 163 2347 1754 2420; baseline 0.003 -21"><span class='ocrx_word' id='word_1_276' title='bbox 163 2363 334 2402; x_wconf 89' lang='lat' dir='ltr'><strong>omnes</strong></span> <span class='ocrx_word' id='word_1_277' title='bbox 366 2349 514 2418; x_wconf 88' lang='lat' dir='ltr'><strong>impii</strong></span> <span class='ocrx_word' id='word_1_278' title='bbox 547 2363 679 2404; x_wconf 88' lang='lat' dir='ltr'><strong>vero</strong></span> <span class='ocrx_word' id='word_1_279' title='bbox 732 2357 787 2402; x_wconf 89' lang='lat' dir='ltr'><strong>et</strong></span> <span class='ocrx_word' id='word_1_280' title='bbox 819 2348 967 2418; x_wconf 89' lang='lat' dir='ltr'><strong>justo</strong></span> <span class='ocrx_word' id='word_1_281' title='bbox 1001 2347 1208 2418; x_wconf 90' lang='lat' dir='ltr'><strong>judicio</strong></span> <span class='ocrx_word' id='word_1_282' title='bbox 1254 2348 1345 2404; x_wconf 90' lang='lat' dir='ltr'><strong>Dei</strong></span> <span class='ocrx_word' id='word_1_283' title='bbox 1395 2348 1586 2403; x_wconf 85' lang='lat' dir='ltr'><strong>eadem</strong></span> <span class='ocrx_word' id='word_1_284' title='bbox 1630 2365 1754 2420; x_wconf 69' lang='lat' dir='ltr'><strong>quae</strong></span> 
     </span>
    </p>
   </div>
   <div class='ocr_carea' id='block_1_40' title="bbox 165 2435 757 2507">
    <p class='ocr_par' dir='ltr' id='par_1_40' title="bbox 165 2435 757 2507">
     <span class='ocr_line' id='line_1_40' title="bbox 165 2435 757 2507; baseline 0.003 -17"><span class='ocrx_word' id='word_1_285' title='bbox 165 2435 385 2493; x_wconf 89' lang='lat' dir='ltr'><strong>fecerant</strong></span> <span class='ocrx_word' id='word_1_286' title='bbox 405 2446 757 2507; x_wconf 89' lang='lat' dir='ltr'><strong>receperunt.</strong></span> 
     </span>
    </p>
   </div>
   <div class='ocr_carea' id='block_1_41' title="bbox 906 2528 993 2585">
    <p class='ocr_par' dir='ltr' id='par_1_41' title="bbox 906 2528 993 2585">
     <span class='ocr_line' id='line_1_41' title="bbox 906 2528 993 2585; baseline -0.011 0"><span class='ocrx_word' id='word_1_287' title='bbox 906 2528 993 2585; x_wconf 88' lang='lat' dir='ltr'><strong>Ll.</strong></span> 
     </span>
    </p>
   </div>
   <div class='ocr_carea' id='block_1_42' title="bbox 223 2619 1751 2696">
    <p class='ocr_par' dir='ltr' id='par_1_42' title="bbox 223 2619 1751 2696">
     <span class='ocr_line' id='line_1_42' title="bbox 223 2619 1751 2696; baseline 0.004 -20"><span class='ocrx_word' id='word_1_288' title='bbox 223 2619 425 2677; x_wconf 82' lang='lat' dir='ltr'><strong>Valeria</strong></span> <span class='ocrx_word' id='word_1_289' title='bbox 455 2638 680 2693; x_wconf 88' lang='lat' dir='ltr'><strong>quoque</strong></span> <span class='ocrx_word' id='word_1_290' title='bbox 716 2639 813 2692; x_wconf 91' lang='lat' dir='ltr'><strong>per</strong></span> <span class='ocrx_word' id='word_1_291' title='bbox 863 2626 1040 2678; x_wconf 90' lang='lat' dir='ltr'><strong>varias</strong></span> <span class='ocrx_word' id='word_1_292' title='bbox 1095 2624 1398 2692; x_wconf 84' lang='lat' dir='ltr'><strong>provincias</strong></span> <span class='ocrx_word' id='word_1_293' title='bbox 1444 2626 1751 2696; x_wconf 88' lang='lat' dir='ltr'><strong>quindecim</strong></span> 
     </span>
    </p>
   </div>
   <div class='ocr_carea' id='block_1_43' title="bbox 164 2712 1752 2789">
    <p class='ocr_par' dir='ltr' id='par_1_43' title="bbox 164 2712 1752 2789">
     <span class='ocr_line' id='line_1_43' title="bbox 164 2712 1752 2789; baseline 0.006 -22"><span class='ocrx_word' id='word_1_294' title='bbox 164 2712 420 2769; x_wconf 89' lang='lat' dir='ltr'><strong>mensibus</strong></span> <span class='ocrx_word' id='word_1_295' title='bbox 453 2716 675 2784; x_wconf 91' lang='lat' dir='ltr'><strong>plebeio</strong></span> <span class='ocrx_word' id='word_1_296' title='bbox 725 2717 872 2770; x_wconf 87' lang='lat' dir='ltr'><strong>cultu</strong></span> <span class='ocrx_word' id='word_1_297' title='bbox 904 2726 1218 2788; x_wconf 87' lang='lat' dir='ltr'><strong>pervagata,</strong></span> <span class='ocrx_word' id='word_1_298' title='bbox 1282 2726 1557 2786; x_wconf 85' lang='lat' dir='ltr'><strong>postremo</strong></span> <span class='ocrx_word' id='word_1_299' title='bbox 1609 2722 1752 2789; x_wconf 91' lang='lat' dir='ltr'><strong>apud</strong></span> 
     </span>
    </p>
   </div>
   <div class='ocr_carea' id='block_1_44' title="bbox 161 2806 1749 2884">
    <p class='ocr_par' dir='ltr' id='par_1_44' title="bbox 161 2806 1749 2884">
     <span class='ocr_line' id='line_1_44' title="bbox 161 2806 1749 2884; baseline 0.004 -18"><span class='ocrx_word' id='word_1_300' title='bbox 161 2806 586 2868; x_wconf 81' lang='lat' dir='ltr'><strong>Thessalonicam</strong></span> <span class='ocrx_word' id='word_1_301' title='bbox 645 2813 882 2883; x_wconf 86' lang='lat' dir='ltr'><strong>cognita,</strong></span> <span class='ocrx_word' id='word_1_302' title='bbox 940 2814 1331 2884; x_wconf 90' lang='lat' dir='ltr'><strong>comprehensa</strong></span> <span class='ocrx_word' id='word_1_303' title='bbox 1398 2831 1520 2871; x_wconf 91' lang='lat' dir='ltr'><strong>cum</strong></span> <span class='ocrx_word' id='word_1_304' title='bbox 1575 2828 1749 2874; x_wconf 92' lang='lat' dir='ltr'><strong>matre</strong></span> 
     </span>
    </p>
   </div>
   <div class='ocr_carea' id='block_1_45' title="bbox 1863 1895 3464 1976">
    <p class='ocr_par' dir='ltr' id='par_1_45' title="bbox 1863 1895 3464 1976">
     <span class='ocr_line' id='line_1_45' title="bbox 1863 1895 3464 1976; baseline 0.009 -28"><span class='ocrx_word' id='word_1_305' title='bbox 1863 1903 1990 1948; x_wconf 92' lang='lat' dir='ltr'><strong>sunt</strong></span> <span class='ocrx_word' id='word_1_306' title='bbox 2035 1895 2196 1950; x_wconf 91' lang='lat' dir='ltr'><strong>modo</strong></span> <span class='ocrx_word' id='word_1_307' title='bbox 2226 1898 2506 1966; x_wconf 84' lang='lat' dir='ltr'><strong>magniﬁca</strong></span> <span class='ocrx_word' id='word_1_308' title='bbox 2553 1900 2640 1954; x_wconf 90' lang='lat' dir='ltr'><strong>illa</strong></span> <span class='ocrx_word' id='word_1_309' title='bbox 2669 1911 2724 1956; x_wconf 94' lang='lat' dir='ltr'><strong>et</strong></span> <span class='ocrx_word' id='word_1_310' title='bbox 2750 1903 2890 1957; x_wconf 88' lang='lat' dir='ltr'><strong>clara</strong></span> <span class='ocrx_word' id='word_1_311' title='bbox 2938 1920 3034 1974; x_wconf 90' lang='lat' dir='ltr'><strong>per</strong></span> <span class='ocrx_word' id='word_1_312' title='bbox 3059 1916 3245 1976; x_wconf 88' lang='lat' dir='ltr'><strong>gentes</strong></span> <span class='ocrx_word' id='word_1_313' title='bbox 3280 1907 3464 1964; x_wconf 84' lang='lat' dir='ltr'><strong>JOvio-</strong></span> 
     </span>
    </p>
   </div>
   <div class='ocr_carea' id='block_1_46' title="bbox 1862 1985 3465 2065">
    <p class='ocr_par' dir='ltr' id='par_1_46' title="bbox 1862 1985 3465 2065">
     <span class='ocr_line' id='line_1_46' title="bbox 1862 1985 3465 2065; baseline 0.01 -27"><span class='ocrx_word' id='word_1_314' title='bbox 1862 2000 1979 2038; x_wconf 92' lang='lat' dir='ltr'><strong>rum</strong></span> <span class='ocrx_word' id='word_1_315' title='bbox 2007 1995 2057 2040; x_wconf 90' lang='lat' dir='ltr'><strong>et</strong></span> <span class='ocrx_word' id='word_1_316' title='bbox 2081 1985 2456 2043; x_wconf 87' lang='lat' dir='ltr'><strong>Herculiormn</strong></span> <span class='ocrx_word' id='word_1_317' title='bbox 2493 1992 2836 2060; x_wconf 83' lang='lat' dir='ltr'><strong>cognomina,</strong></span> <span class='ocrx_word' id='word_1_318' title='bbox 2865 2010 2985 2065; x_wconf 83' lang='lat' dir='ltr'><strong>quae</strong></span> <span class='ocrx_word' id='word_1_319' title='bbox 3019 1997 3249 2065; x_wconf 92' lang='lat' dir='ltr'><strong>primum</strong></span> <span class='ocrx_word' id='word_1_320' title='bbox 3275 2014 3307 2053; x_wconf 88' lang='lat' dir='ltr'><strong>a</strong></span> <span class='ocrx_word' id='word_1_321' title='bbox 3339 2001 3465 2054; x_wconf 89' lang='lat' dir='ltr'><strong>Dio-</strong></span> 
     </span>
    </p>
   </div>
   <div class='ocr_carea' id='block_1_47' title="bbox 1861 2073 3463 2159">
    <p class='ocr_par' dir='ltr' id='par_1_47' title="bbox 1861 2073 3463 2159">
     <span class='ocr_line' id='line_1_47' title="bbox 1861 2073 3463 2159; baseline 0.011 -31"><span class='ocrx_word' id='word_1_322' title='bbox 1861 2073 2001 2130; x_wconf 90' lang='lat' dir='ltr'><strong>clete</strong></span> <span class='ocrx_word' id='word_1_323' title='bbox 2027 2091 2088 2130; x_wconf 89' lang='lat' dir='ltr'><strong>ac</strong></span> <span class='ocrx_word' id='word_1_324' title='bbox 2121 2076 2445 2134; x_wconf 88' lang='lat' dir='ltr'><strong>Maximiano</strong></span> <span class='ocrx_word' id='word_1_325' title='bbox 2477 2081 2774 2139; x_wconf 89' lang='lat' dir='ltr'><strong>insolenter</strong></span> <span class='ocrx_word' id='word_1_326' title='bbox 2801 2100 3096 2156; x_wconf 90' lang='lat' dir='ltr'><strong>assumpta,</strong></span> <span class='ocrx_word' id='word_1_327' title='bbox 3128 2104 3190 2144; x_wconf 91' lang='lat' dir='ltr'><strong>ac</strong></span> <span class='ocrx_word' id='word_1_328' title='bbox 3221 2099 3463 2159; x_wconf 81' lang='lat' dir='ltr'><strong>postmo-</strong></span> 
     </span>
    </p>
   </div>
   <div class='ocr_carea' id='block_1_48' title="bbox 1861 2163 3463 2246">
    <p class='ocr_par' dir='ltr' id='par_1_48' title="bbox 1861 2163 3463 2246">
     <span class='ocr_line' id='line_1_48' title="bbox 1861 2163 3463 2246; baseline 0.013 -28"><span class='ocrx_word' id='word_1_329' title='bbox 1861 2163 1986 2219; x_wconf 93' lang='lat' dir='ltr'><strong>dum</strong></span> <span class='ocrx_word' id='word_1_330' title='bbox 2046 2167 2110 2221; x_wconf 88' lang='lat' dir='ltr'><strong>ad</strong></span> <span class='ocrx_word' id='word_1_331' title='bbox 2162 2183 2504 2227; x_wconf 90' lang='lat' dir='ltr'><strong>successores</strong></span> <span class='ocrx_word' id='word_1_332' title='bbox 2545 2189 2732 2229; x_wconf 91' lang='lat' dir='ltr'><strong>eorum</strong></span> <span class='ocrx_word' id='word_1_333' title='bbox 2787 2178 3089 2246; x_wconf 90' lang='lat' dir='ltr'><strong>translata,</strong></span> <span class='ocrx_word' id='word_1_334' title='bbox 3151 2182 3463 2238; x_wconf 86' lang='lat' dir='ltr'><strong>viluerunt?</strong></span> 
     </span>
    </p>
   </div>
   <div class='ocr_carea' id='block_1_49' title="bbox 1859 2257 3262 2334">
    <p class='ocr_par' dir='ltr' id='par_1_49' title="bbox 1859 2257 3262 2334">
     <span class='ocr_line' id='line_1_49' title="bbox 1859 2257 3262 2334; baseline 0.014 -22"><span class='ocrx_word' id='word_1_335' title='bbox 1859 2257 2065 2330; x_wconf 89' lang='lat' dir='ltr'><strong>Nempe</strong></span> <span class='ocrx_word' id='word_1_336' title='bbox 2085 2260 2285 2317; x_wconf 86' lang='lat' dir='ltr'><strong>delevit</strong></span> <span class='ocrx_word' id='word_1_337' title='bbox 2305 2279 2368 2320; x_wconf 92' lang='lat' dir='ltr'><strong>ea</strong></span> <span class='ocrx_word' id='word_1_338' title='bbox 2400 2265 2657 2321; x_wconf 91' lang='lat' dir='ltr'><strong>Dominus</strong></span> <span class='ocrx_word' id='word_1_339' title='bbox 2679 2309 2693 2334; x_wconf 93' lang='lat'><strong>,</strong></span> <span class='ocrx_word' id='word_1_340' title='bbox 2723 2278 2779 2324; x_wconf 92' lang='lat' dir='ltr'><strong>et</strong></span> <span class='ocrx_word' id='word_1_341' title='bbox 2805 2274 2970 2327; x_wconf 88' lang='lat' dir='ltr'><strong>erasit</strong></span> <span class='ocrx_word' id='word_1_342' title='bbox 2999 2273 3066 2328; x_wconf 89' lang='lat' dir='ltr'><strong>de</strong></span> <span class='ocrx_word' id='word_1_343' title='bbox 3099 2283 3262 2330; x_wconf 89' lang='lat' dir='ltr'><strong>terra.</strong></span> 
     </span>
    </p>
   </div>
   <div class='ocr_carea' id='block_1_50' title="bbox 1933 2353 3454 2435">
    <p class='ocr_par' dir='ltr' id='par_1_50' title="bbox 1933 2353 3454 2435">
     <span class='ocr_line' id='line_1_50' title="bbox 1933 2353 3454 2435; baseline 0.012 -27"><span class='ocrx_word' id='word_1_344' title='bbox 1933 2353 2283 2412; x_wconf 88' lang='lat' dir='ltr'><strong>Celebremus</strong></span> <span class='ocrx_word' id='word_1_345' title='bbox 2306 2358 2464 2429; x_wconf 90' lang='lat' dir='ltr'><strong>igitur</strong></span> <span class='ocrx_word' id='word_1_346' title='bbox 2487 2361 2814 2432; x_wconf 88' lang='lat' dir='ltr'><strong>triumphum</strong></span> <span class='ocrx_word' id='word_1_347' title='bbox 2850 2364 2942 2420; x_wconf 93' lang='lat' dir='ltr'><strong>Dei</strong></span> <span class='ocrx_word' id='word_1_348' title='bbox 2963 2381 3082 2421; x_wconf 91' lang='lat' dir='ltr'><strong>cum</strong></span> <span class='ocrx_word' id='word_1_349' title='bbox 3098 2369 3454 2435; x_wconf 88' lang='lat' dir='ltr'><strong>exultatione,</strong></span> 
     </span>
    </p>
   </div>
   <div class='ocr_carea' id='block_1_51' title="bbox 1861 2445 3459 2527">
    <p class='ocr_par' dir='ltr' id='par_1_51' title="bbox 1861 2445 3459 2527">
     <span class='ocr_line' id='line_1_51' title="bbox 1861 2445 3459 2527; baseline 0.011 -29"><span class='ocrx_word' id='word_1_350' title='bbox 1861 2445 2140 2501; x_wconf 86' lang='lat' dir='ltr'><strong>victoriam</strong></span> <span class='ocrx_word' id='word_1_351' title='bbox 2172 2447 2380 2504; x_wconf 90' lang='lat' dir='ltr'><strong>Domini</strong></span> <span class='ocrx_word' id='word_1_352' title='bbox 2411 2466 2531 2506; x_wconf 90' lang='lat' dir='ltr'><strong>cum</strong></span> <span class='ocrx_word' id='word_1_353' title='bbox 2561 2453 2806 2509; x_wconf 87' lang='lat' dir='ltr'><strong>laudibus</strong></span> <span class='ocrx_word' id='word_1_354' title='bbox 2837 2456 3276 2527; x_wconf 79' lang='lat' dir='ltr'><strong>frequentemus,</strong></span> <span class='ocrx_word' id='word_1_355' title='bbox 3309 2462 3459 2517; x_wconf 90' lang='lat' dir='ltr'><strong>diur-</strong></span> 
     </span>
    </p>
   </div>
   <div class='ocr_carea' id='block_1_52' title="bbox 1860 2537 3455 2616">
    <p class='ocr_par' dir='ltr' id='par_1_52' title="bbox 1860 2537 3455 2616">
     <span class='ocr_line' id='line_1_52' title="bbox 1860 2537 3455 2616; baseline 0.01 -23"><span class='ocrx_word' id='word_1_356' title='bbox 1860 2539 1945 2595; x_wconf 89' lang='lat' dir='ltr'><strong>nis</strong></span> <span class='ocrx_word' id='word_1_357' title='bbox 1983 2542 2364 2611; x_wconf 90' lang='lat' dir='ltr'><strong>nocturnisque</strong></span> <span class='ocrx_word' id='word_1_358' title='bbox 2415 2545 2663 2612; x_wconf 90' lang='lat' dir='ltr'><strong>precibus</strong></span> <span class='ocrx_word' id='word_1_359' title='bbox 2689 2537 3062 2616; x_wconf 82' lang='lat' dir='ltr'><strong>celebremus;</strong></span> <span class='ocrx_word' id='word_1_360' title='bbox 3093 2551 3455 2615; x_wconf 90' lang='lat' dir='ltr'><strong>celebremus.</strong></span> 
     </span>
    </p>
   </div>
   <div class='ocr_carea' id='block_1_53' title="bbox 1859 2637 3454 2709">
    <p class='ocr_par' dir='ltr' id='par_1_53' title="bbox 1859 2637 3454 2709">
     <span class='ocr_line' id='line_1_53' title="bbox 1859 2637 3454 2709; baseline 0.007 -21"><span class='ocrx_word' id='word_1_361' title='bbox 1859 2643 1920 2689; x_wconf 89' lang='lat' dir='ltr'><strong>ut</strong></span> <span class='ocrx_word' id='word_1_362' title='bbox 1965 2650 2150 2704; x_wconf 89' lang='lat' dir='ltr'><strong>pacem</strong></span> <span class='ocrx_word' id='word_1_363' title='bbox 2206 2645 2325 2702; x_wconf 87' lang='lat' dir='ltr'><strong>post</strong></span> <span class='ocrx_word' id='word_1_364' title='bbox 2356 2651 2528 2691; x_wconf 89' lang='lat' dir='ltr'><strong>annos</strong></span> <span class='ocrx_word' id='word_1_365' title='bbox 2568 2637 2756 2693; x_wconf 91' lang='lat' dir='ltr'><strong>decem</strong></span> <span class='ocrx_word' id='word_1_366' title='bbox 2791 2640 2933 2709; x_wconf 92' lang='lat' dir='ltr'><strong>plebi</strong></span> <span class='ocrx_word' id='word_1_367' title='bbox 2971 2657 3083 2696; x_wconf 85' lang='lat' dir='ltr'><strong>suae</strong></span> <span class='ocrx_word' id='word_1_368' title='bbox 3113 2643 3292 2698; x_wconf 90' lang='lat' dir='ltr'><strong>datam</strong></span> <span class='ocrx_word' id='word_1_369' title='bbox 3322 2660 3454 2699; x_wconf 85' lang='lat' dir='ltr'><strong>con-</strong></span> 
     </span>
    </p>
   </div>
   <div class='ocr_carea' id='block_1_54' title="bbox 1858 2727 3449 2804">
    <p class='ocr_par' dir='ltr' id='par_1_54' title="bbox 1858 2727 3449 2804">
     <span class='ocr_line' id='line_1_54' title="bbox 1858 2727 3449 2804; baseline 0.008 -24"><span class='ocrx_word' id='word_1_370' title='bbox 1858 2727 2040 2783; x_wconf 87' lang='lat' dir='ltr'><strong>ﬁrmet</strong></span> <span class='ocrx_word' id='word_1_371' title='bbox 2060 2728 2110 2781; x_wconf 92' lang='lat' dir='ltr'><strong>in</strong></span> <span class='ocrx_word' id='word_1_372' title='bbox 2141 2728 2418 2782; x_wconf 77' lang='lat' dir='ltr'><strong>smculum.</strong></span> <span class='ocrx_word' id='word_1_373' title='bbox 2451 2728 2529 2783; x_wconf 85' lang='lat' dir='ltr'><strong>Tu</strong></span> <span class='ocrx_word' id='word_1_374' title='bbox 2561 2732 2846 2800; x_wconf 68' lang='lat' dir='ltr'><strong>praecipue,</strong></span> <span class='ocrx_word' id='word_1_375' title='bbox 2880 2732 3084 2787; x_wconf 91' lang='lat' dir='ltr'><strong>Donate</strong></span> <span class='ocrx_word' id='word_1_376' title='bbox 3112 2733 3449 2804; x_wconf 89' lang='lat' dir='ltr'><strong>charissime,</strong></span> 
     </span>
    </p>
   </div>
   <div class='ocr_carea' id='block_1_55' title="bbox 1852 2821 3454 2896">
    <p class='ocr_par' dir='ltr' id='par_1_55' title="bbox 1852 2821 3454 2896">
     <span class='ocr_line' id='line_1_55' title="bbox 1852 2821 3454 2896; baseline 0.007 -23"><span class='ocrx_word' id='word_1_377' title='bbox 1852 2821 1942 2890; x_wconf 89' lang='lat' dir='ltr'><strong>qui</strong></span> <span class='ocrx_word' id='word_1_378' title='bbox 1984 2836 2012 2875; x_wconf 92' lang='lat' dir='ltr'><strong>a</strong></span> <span class='ocrx_word' id='word_1_379' title='bbox 2059 2821 2169 2876; x_wconf 91' lang='lat' dir='ltr'><strong>Deo</strong></span> <span class='ocrx_word' id='word_1_380' title='bbox 2192 2822 2419 2876; x_wconf 91' lang='lat' dir='ltr'><strong>mereris</strong></span> <span class='ocrx_word' id='word_1_381' title='bbox 2448 2823 2644 2889; x_wconf 90' lang='lat' dir='ltr'><strong>audiri,</strong></span> <span class='ocrx_word' id='word_1_382' title='bbox 2699 2823 2981 2879; x_wconf 90' lang='lat' dir='ltr'><strong>Dominum</strong></span> <span class='ocrx_word' id='word_1_383' title='bbox 3023 2825 3356 2896; x_wconf 87' lang='lat' dir='ltr'><strong>deprecare,</strong></span> <span class='ocrx_word' id='word_1_384' title='bbox 3391 2840 3454 2885; x_wconf 87' lang='lat' dir='ltr'><strong>ut</strong></span> 
     </span>
    </p>
   </div>
   <div class='ocr_carea' id='block_1_56' title="bbox 1465 2933 2098 2992">
    <p class='ocr_par' dir='ltr' id='par_1_56' title="bbox 1465 2933 2098 2992">
     <span class='ocr_line' id='line_1_56' title="bbox 1465 2933 2098 2992; baseline 0.011 -7"><span class='ocrx_word' id='word_1_385' title='bbox 1465 2933 1826 2992; x_wconf 80' lang='lat' dir='ltr'><strong>VARIORUM</strong></span> <span class='ocrx_word' id='word_1_386' title='bbox 1863 2936 2098 2992; x_wconf 67' lang='lat' dir='ltr'><strong>NOTAE.</strong></span> 
     </span>
    </p>
   </div>
   <div class='ocr_carea' id='block_1_57' title="bbox 221 3018 1505 3092">
    <p class='ocr_par' dir='ltr' id='par_1_57' title="bbox 221 3018 1505 3092">
     <span class='ocr_line' id='line_1_57' title="bbox 221 3018 1505 3092; baseline 0.004 -18"><span class='ocrx_word' id='word_1_387' title='bbox 221 3018 341 3076; x_wconf 83' lang='lat' dir='ltr'><strong>Item</strong></span> <span class='ocrx_word' id='word_1_388' title='bbox 363 3022 767 3078; x_wconf 82' lang='lat' dir='ltr'><strong>Candidianum.</strong></span> <span class='ocrx_word' id='word_1_389' title='bbox 795 3023 919 3092; x_wconf 90' lang='lat' dir='ltr'><strong>Ms.,</strong></span> <span class='ocrx_word' id='word_1_390' title='bbox 950 3025 1085 3080; x_wconf 88' lang='lat' dir='ltr'><strong>idem</strong></span> <span class='ocrx_word' id='word_1_391' title='bbox 1107 3023 1505 3079; x_wconf 81' lang='lat' dir='ltr'><strong>Candidianum.</strong></span> 
     </span>
    </p>
   </div>
   <div class='ocr_carea' id='block_1_58' title="bbox 223 3092 1748 3166">
    <p class='ocr_par' dir='ltr' id='par_1_58' title="bbox 223 3092 1748 3166">
     <span class='ocr_line' id='line_1_58' title="bbox 223 3092 1748 3166; baseline 0.004 -19"><span class='ocrx_word' id='word_1_392' title='bbox 223 3092 402 3166; x_wconf 65' lang='lat' dir='ltr'><strong>Mulier</strong></span> <span class='ocrx_word' id='word_1_393' title='bbox 427 3105 634 3166; x_wconf 42' lang='lat' dir='ltr'><strong>tamen)</strong></span> <span class='ocrx_word' id='word_1_394' title='bbox 663 3105 718 3149; x_wconf 81' lang='lat' dir='ltr'><strong>ut</strong></span> <span class='ocrx_word' id='word_1_395' title='bbox 747 3112 864 3148; x_wconf 87' lang='lat' dir='ltr'><strong>eum</strong></span> <span class='ocrx_word' id='word_1_396' title='bbox 883 3096 1070 3150; x_wconf 73' lang='lat' dir='ltr'><strong>vixisse</strong></span> <span class='ocrx_word' id='word_1_397' title='bbox 1097 3097 1346 3166; x_wconf 83' lang='lat' dir='ltr'><strong>cognovit.</strong></span> <span class='ocrx_word' id='word_1_398' title='bbox 1381 3096 1457 3150; x_wconf 87' lang='lat' dir='ltr'><strong>Ita</strong></span> <span class='ocrx_word' id='word_1_399' title='bbox 1490 3111 1590 3150; x_wconf 91' lang='lat' dir='ltr'><strong>ms.</strong></span> <span class='ocrx_word' id='word_1_400' title='bbox 1611 3096 1748 3154; x_wconf 85' lang='lat' dir='ltr'><strong>Vide</strong></span> 
     </span>
    </p>
   </div>
   <div class='ocr_carea' id='block_1_59' title="bbox 160 3159 1747 3233">
    <p class='ocr_par' dir='ltr' id='par_1_59' title="bbox 160 3159 1747 3233">
     <span class='ocr_line' id='line_1_59' title="bbox 160 3159 1747 3233; baseline 0.005 -18"><span class='ocrx_word' id='word_1_401' title='bbox 160 3159 455 3220; x_wconf 90' lang='lat' dir='ltr'><strong>Columbum</strong></span> <span class='ocrx_word' id='word_1_402' title='bbox 497 3175 561 3221; x_wconf 89' lang='lat' dir='ltr'><strong>et.</strong></span> <span class='ocrx_word' id='word_1_403' title='bbox 599 3165 825 3220; x_wconf 91' lang='lat' dir='ltr'><strong>Paulum</strong></span> <span class='ocrx_word' id='word_1_404' title='bbox 878 3167 1118 3221; x_wconf 88' lang='lat' dir='ltr'><strong>Bauldri.</strong></span> <span class='ocrx_word' id='word_1_405' title='bbox 1154 3159 1364 3232; x_wconf 70' lang='lat' dir='ltr'><strong>Mulier,</strong></span> <span class='ocrx_word' id='word_1_406' title='bbox 1399 3167 1448 3222; x_wconf 90' lang='lat' dir='ltr'><strong>id</strong></span> <span class='ocrx_word' id='word_1_407' title='bbox 1494 3176 1598 3233; x_wconf 88' lang='lat' dir='ltr'><strong>est,</strong></span> <span class='ocrx_word' id='word_1_408' title='bbox 1644 3167 1747 3223; x_wconf 85' lang='lat' dir='ltr'><strong>Va-</strong></span> 
     </span>
    </p>
   </div>
   <div class='ocr_carea' id='block_1_60' title="bbox 162 3234 1665 3287">
    <p class='ocr_par' dir='ltr' id='par_1_60' title="bbox 162 3234 1665 3287">
     <span class='ocr_line' id='line_1_60' title="bbox 162 3234 1665 3287; baseline 0.017 -2"><span class='ocrx_word' id='word_1_409' title='bbox 162 3234 292 3287; x_wconf 85' lang='lat' dir='ltr'><strong>leria.</strong></span> <span class='ocrx_word' id='word_1_410' title='bbox 1662 3247 1665 3251; x_wconf 46' lang='grc'><em>’</em></span> 
     </span>
    </p>
   </div>
   <div class='ocr_carea' id='block_1_61' title="bbox 223 3305 999 3378">
    <p class='ocr_par' dir='ltr' id='par_1_61' title="bbox 223 3305 999 3378">
     <span class='ocr_line' id='line_1_61' title="bbox 223 3305 999 3378; baseline 0 -19"><span class='ocrx_word' id='word_1_411' title='bbox 223 3305 315 3378; x_wconf 76' lang='lat' dir='ltr'><strong>Qui</strong></span> <span class='ocrx_word' id='word_1_412' title='bbox 333 3309 472 3377; x_wconf 86' lang='lat' dir='ltr'><strong>quia.</strong></span> <span class='ocrx_word' id='word_1_413' title='bbox 499 3307 562 3363; x_wconf 87' lang='lat' dir='ltr'><strong>In</strong></span> <span class='ocrx_word' id='word_1_414' title='bbox 589 3321 695 3361; x_wconf 89' lang='lat' dir='ltr'><strong>ms.</strong></span> <span class='ocrx_word' id='word_1_415' title='bbox 720 3307 869 3363; x_wconf 87' lang='lat' dir='ltr'><strong>deest</strong></span> <span class='ocrx_word' id='word_1_416' title='bbox 893 3308 999 3378; x_wconf 86' lang='lat' dir='ltr'><strong>qui.</strong></span> 
     </span>
    </p>
   </div>
   <div class='ocr_carea' id='block_1_62' title="bbox 224 3376 842 3440">
    <p class='ocr_par' dir='ltr' id='par_1_62' title="bbox 224 3376 842 3440">
     <span class='ocr_line' id='line_1_62' title="bbox 224 3376 842 3440; baseline 0 -9"><span class='ocrx_word' id='word_1_417' title='bbox 224 3376 392 3431; x_wconf 74' lang='lat' dir='ltr'><strong>Exitu.</strong></span> <span class='ocrx_word' id='word_1_418' title='bbox 421 3379 477 3433; x_wconf 91' lang='lat' dir='ltr'><strong>Id</strong></span> <span class='ocrx_word' id='word_1_419' title='bbox 504 3388 612 3440; x_wconf 90' lang='lat' dir='ltr'><strong>est,</strong></span> <span class='ocrx_word' id='word_1_420' title='bbox 646 3388 842 3433; x_wconf 88' lang='lat' dir='ltr'><strong>morte.</strong></span> 
     </span>
    </p>
   </div>
   <div class='ocr_carea' id='block_1_63' title="bbox 223 3447 873 3515">
    <p class='ocr_par' dir='ltr' id='par_1_63' title="bbox 223 3447 873 3515">
     <span class='ocr_line' id='line_1_63' title="bbox 223 3447 873 3515; baseline 0.002 -14"><span class='ocrx_word' id='word_1_421' title='bbox 223 3447 407 3503; x_wconf 74' lang='lat' dir='ltr'><strong>Praeter</strong></span> <span class='ocrx_word' id='word_1_422' title='bbox 440 3449 723 3503; x_wconf 84' lang='lat' dir='ltr'><strong>Valeriam.</strong></span> <span class='ocrx_word' id='word_1_423' title='bbox 749 3449 873 3515; x_wconf 88' lang='lat' dir='ltr'><strong>Ms.,</strong></span> 
     </span>
    </p>
   </div>
   <div class='ocr_carea' id='block_1_64' title="bbox 235 3517 1746 3589">
    <p class='ocr_par' dir='ltr' id='par_1_64' title="bbox 235 3517 1746 3589">
     <span class='ocr_line' id='line_1_64' title="bbox 235 3517 1746 3589; baseline 0.005 -18"><span class='ocrx_word' id='word_1_424' title='bbox 235 3517 428 3574; x_wconf 80' lang='lat' dir='ltr'><strong>Valens.</strong></span> <span class='ocrx_word' id='word_1_425' title='bbox 475 3521 717 3574; x_wconf 87' lang='lat' dir='ltr'><strong>Doctiss.</strong></span> <span class='ocrx_word' id='word_1_426' title='bbox 747 3517 993 3587; x_wconf 85' lang='lat' dir='ltr'><strong>Cupertts</strong></span> <span class='ocrx_word' id='word_1_427' title='bbox 1045 3519 1331 3589; x_wconf 85' lang='lat' dir='ltr'><strong>legendum</strong></span> <span class='ocrx_word' id='word_1_428' title='bbox 1384 3535 1505 3576; x_wconf 79' lang='lat' dir='ltr'><strong>esse</strong></span> <span class='ocrx_word' id='word_1_429' title='bbox 1556 3530 1746 3578; x_wconf 85' lang='lat' dir='ltr'><strong>censet</strong></span> 
     </span>
    </p>
   </div>
   <div class='ocr_carea' id='block_1_65' title="bbox 163 3590 1744 3659">
    <p class='ocr_par' dir='ltr' id='par_1_65' title="bbox 163 3590 1744 3659">
     <span class='ocr_line' id='line_1_65' title="bbox 163 3590 1744 3659; baseline 0.005 -18"><span class='ocrx_word' id='word_1_430' title='bbox 163 3590 339 3659; x_wconf 72' lang='lat' dir='ltr'><strong>nolens.</strong></span> <span class='ocrx_word' id='word_1_431' title='bbox 365 3590 488 3654; x_wconf 80' lang='lat' dir='ltr'><strong>Ms.,</strong></span> <span class='ocrx_word' id='word_1_432' title='bbox 515 3591 726 3644; x_wconf 86' lang='lat' dir='ltr'><strong>volenti.</strong></span> <span class='ocrx_word' id='word_1_433' title='bbox 758 3622 830 3630; x_wconf 97' lang='lat'><strong>—</strong></span> <span class='ocrx_word' id='word_1_434' title='bbox 848 3590 1062 3659; x_wconf 90' lang='lat' dir='ltr'><strong>Cupero</strong></span> <span class='ocrx_word' id='word_1_435' title='bbox 1087 3591 1311 3645; x_wconf 91' lang='lat' dir='ltr'><strong>assentit</strong></span> <span class='ocrx_word' id='word_1_436' title='bbox 1353 3591 1651 3656; x_wconf 81' lang='lat' dir='ltr'><strong>Bqnemau.</strong></span> <span class='ocrx_word' id='word_1_437' title='bbox 1688 3604 1744 3649; x_wconf 88' lang='lat' dir='ltr'><strong>et</strong></span> 
     </span>
    </p>
   </div>
   <div class='ocr_carea' id='block_1_66' title="bbox 166 3657 1738 3730">
    <p class='ocr_par' dir='ltr' id='par_1_66' title="bbox 166 3657 1738 3730">
     <span class='ocr_line' id='line_1_66' title="bbox 166 3657 1738 3730; baseline 0.005 -20"><span class='ocrx_word' id='word_1_438' title='bbox 166 3657 425 3717; x_wconf 83' lang='lat' dir='ltr'><strong>lectionem</strong></span> <span class='ocrx_word' id='word_1_439' title='bbox 446 3671 764 3730; x_wconf 86' lang='lat' dir='ltr'><strong>sequentem</strong></span> <span class='ocrx_word' id='word_1_440' title='bbox 793 3657 1172 3727; x_wconf 69' lang='lat' dir='ltr'><strong>exhibet.Quaz</strong></span> <span class='ocrx_word' id='word_1_441' title='bbox 1195 3662 1372 3715; x_wconf 81' lang='lat' dir='ltr'><strong>nolens</strong></span> <span class='ocrx_word' id='word_1_442' title='bbox 1391 3659 1614 3718; x_wconf 87' lang='lat' dir='ltr'><strong>Licinio.</strong></span> <span class='ocrx_word' id='word_1_443' title='bbox 1641 3664 1738 3720; x_wconf 89' lang='lat' dir='ltr'><strong>Ms.</strong></span> 
     </span>
    </p>
   </div>
   <div class='ocr_carea' id='block_1_67' title="bbox 193 3731 1740 3804">
    <p class='ocr_par' dir='ltr' id='par_1_67' title="bbox 193 3731 1740 3804">
     <span class='ocr_line' id='line_1_67' title="bbox 193 3731 1740 3804; baseline 0.003 -20"><span class='ocrx_word' id='word_1_444' title='bbox 193 3746 260 3804; x_wconf 59' lang='lat' dir='ltr'><strong>ut;</strong></span> <span class='ocrx_word' id='word_1_445' title='bbox 279 3732 459 3804; x_wconf 83' lang='lat' dir='ltr'><strong>volenti</strong></span> <span class='ocrx_word' id='word_1_446' title='bbox 489 3731 716 3786; x_wconf 89' lang='lat' dir='ltr'><strong>Licinio.</strong></span> <span class='ocrx_word' id='word_1_447' title='bbox 745 3732 860 3804; x_wconf 81' lang='lat' dir='ltr'><strong>Non</strong></span> <span class='ocrx_word' id='word_1_448' title='bbox 901 3733 1060 3799; x_wconf 89' lang='lat' dir='ltr'><strong>male,</strong></span> <span class='ocrx_word' id='word_1_449' title='bbox 1090 3743 1153 3804; x_wconf 88' lang='lat' dir='ltr'><strong>_ut</strong></span> <span class='ocrx_word' id='word_1_450' title='bbox 1183 3742 1370 3804; x_wconf 90' lang='lat' dir='ltr'><strong>censet</strong></span> <span class='ocrx_word' id='word_1_451' title='bbox 1413 3734 1660 3799; x_wconf 86' lang='lat' dir='ltr'><strong>Nurrius,</strong></span> <span class='ocrx_word' id='word_1_452' title='bbox 1684 3750 1740 3804; x_wconf 92' lang='lat' dir='ltr'><strong>p.</strong></span> 
     </span>
    </p>
   </div>
   <div class='ocr_carea' id='block_1_68' title="bbox 197 3801 1739 3866">
    <p class='ocr_par' dir='ltr' id='par_1_68' title="bbox 197 3801 1739 3866">
     <span class='ocr_line' id='line_1_68' title="bbox 197 3801 1739 3866; baseline 0.005 -14"><span class='ocrx_word' id='word_1_453' title='bbox 197 3801 274 3866; x_wconf 70' lang='lat'><strong>72,</strong></span> <span class='ocrx_word' id='word_1_454' title='bbox 305 3802 442 3858; x_wconf 92' lang='lat' dir='ltr'><strong>hunc</strong></span> <span class='ocrx_word' id='word_1_455' title='bbox 483 3818 708 3858; x_wconf 89' lang='lat' dir='ltr'><strong>sensum</strong></span> <span class='ocrx_word' id='word_1_456' title='bbox 755 3803 978 3858; x_wconf 88' lang='lat' dir='ltr'><strong>eliciens</strong></span> <span class='ocrx_word' id='word_1_457' title='bbox 1028 3820 1040 3857; x_wconf 90' lang='lat'>:</span> <span class='ocrx_word' id='word_1_458' title='bbox 1088 3802 1350 3857; x_wconf 90' lang='lat' dir='ltr'><strong>Licinium</strong></span> <span class='ocrx_word' id='word_1_459' title='bbox 1397 3804 1632 3859; x_wconf 91' lang='lat' dir='ltr'><strong>voluisse</strong></span> <span class='ocrx_word' id='word_1_460' title='bbox 1684 3801 1739 3858; x_wconf 83' lang='lat' dir='ltr'><strong>in</strong></span> 
     </span>
    </p>
   </div>
   <div class='ocr_carea' id='block_1_69' title="bbox 163 3873 1741 3944">
    <p class='ocr_par' dir='ltr' id='par_1_69' title="bbox 163 3873 1741 3944">
     <span class='ocr_line' id='line_1_69' title="bbox 163 3873 1741 3944; baseline 0.005 -22"><span class='ocrx_word' id='word_1_461' title='bbox 163 3884 332 3944; x_wconf 75' lang='lat' dir='ltr'><strong>omnes</strong></span> <span class='ocrx_word' id='word_1_462' title='bbox 370 3873 630 3929; x_wconf 85' lang='lat' dir='ltr'><strong>invadere</strong></span> <span class='ocrx_word' id='word_1_463' title='bbox 677 3873 878 3929; x_wconf 85' lang='lat' dir='ltr'><strong>Galerii</strong></span> <span class='ocrx_word' id='word_1_464' title='bbox 929 3873 1295 3944; x_wconf 55' lang='lat' dir='ltr'><strong>haereditates,</strong></span> <span class='ocrx_word' id='word_1_465' title='bbox 1329 3882 1506 3944; x_wconf 82' lang='lat' dir='ltr'><strong>atque</strong></span> <span class='ocrx_word' id='word_1_466' title='bbox 1535 3875 1741 3930; x_wconf 92' lang='lat' dir='ltr'><strong>idcirco</strong></span> 
     </span>
    </p>
   </div>
   <div class='ocr_carea' id='block_1_70' title="bbox 167 3940 1738 4010">
    <p class='ocr_par' dir='ltr' id='par_1_70' title="bbox 167 3940 1738 4010">
     <span class='ocr_line' id='line_1_70' title="bbox 167 3940 1738 4010; baseline 0.004 -18"><span class='ocrx_word' id='word_1_467' title='bbox 167 3940 412 3999; x_wconf 80' lang='lat' dir='ltr'><strong>Valeriam</strong></span> <span class='ocrx_word' id='word_1_468' title='bbox 435 3944 726 4000; x_wconf 85' lang='lat' dir='ltr'><strong>confestim</strong></span> <span class='ocrx_word' id='word_1_469' title='bbox 753 3946 822 3999; x_wconf 90' lang='lat' dir='ltr'><strong>ab</strong></span> <span class='ocrx_word' id='word_1_470' title='bbox 849 3960 915 4000; x_wconf 86' lang='lat' dir='ltr'><strong>eo</strong></span> <span class='ocrx_word' id='word_1_471' title='bbox 947 3943 1172 4010; x_wconf 79' lang='lat' dir='ltr'><strong>fugisse,</strong></span> <span class='ocrx_word' id='word_1_472' title='bbox 1199 3952 1256 3996; x_wconf 80' lang='grc' dir='ltr'><strong>ιιι</strong></span> <span class='ocrx_word' id='word_1_473' title='bbox 1276 3943 1341 3997; x_wconf 86' lang='lat' dir='ltr'><strong>ad</strong></span> <span class='ocrx_word' id='word_1_474' title='bbox 1367 3940 1738 4010; x_wconf 79' lang='lat' dir='ltr'><strong>Maximinum,</strong></span> 
     </span>
    </p>
   </div>
   <div class='ocr_carea' id='block_1_71' title="bbox 164 4014 1737 4084">
    <p class='ocr_par' dir='ltr' id='par_1_71' title="bbox 164 4014 1737 4084">
     <span class='ocr_line' id='line_1_71' title="bbox 164 4014 1737 4084; baseline 0.004 -19"><span class='ocrx_word' id='word_1_475' title='bbox 164 4014 252 4084; x_wconf 18' lang='lat' dir='ltr'><strong>qui;</strong></span> <span class='ocrx_word' id='word_1_476' title='bbox 265 4030 480 4071; x_wconf 87' lang='lat' dir='ltr'><strong>uxorem</strong></span> <span class='ocrx_word' id='word_1_477' title='bbox 505 4015 761 4081; x_wconf 88' lang='lat' dir='ltr'><strong>habebat,</strong></span> <span class='ocrx_word' id='word_1_478' title='bbox 777 4019 910 4070; x_wconf 88' lang='lat' dir='ltr'><strong>&#39;sese</strong></span> <span class='ocrx_word' id='word_1_479' title='bbox 932 4017 1100 4070; x_wconf 89' lang='lat' dir='ltr'><strong>tutius</strong></span> <span class='ocrx_word' id='word_1_480' title='bbox 1117 4015 1403 4084; x_wconf 84' lang='lat' dir='ltr'><strong>reciperet.</strong></span> <span class='ocrx_word' id='word_1_481' title='bbox 1455 4015 1737 4072; x_wconf 67' lang='lat' dir='ltr'><strong>Bassum.</strong></span> 
     </span>
    </p>
   </div>
   <div class='ocr_carea' id='block_1_72' title="bbox 227 4081 951 4149">
    <p class='ocr_par' dir='ltr' id='par_1_72' title="bbox 227 4081 951 4149">
     <span class='ocr_line' id='line_1_72' title="bbox 227 4081 951 4149; baseline 0.004 -13"><span class='ocrx_word' id='word_1_482' title='bbox 227 4081 287 4138; x_wconf 83' lang='lat' dir='ltr'><strong>In</strong></span> <span class='ocrx_word' id='word_1_483' title='bbox 313 4101 502 4142; x_wconf 81' lang='lat' dir='ltr'><strong>omnes.</strong></span> <span class='ocrx_word' id='word_1_484' title='bbox 527 4087 654 4149; x_wconf 87' lang='lat' dir='ltr'><strong>Ms.,</strong></span> <span class='ocrx_word' id='word_1_485' title='bbox 680 4088 731 4140; x_wconf 88' lang='lat' dir='ltr'><strong>in</strong></span> <span class='ocrx_word' id='word_1_486' title='bbox 757 4087 951 4140; x_wconf 88' lang='lat' dir='ltr'><strong>omnia.</strong></span> 
     </span>
    </p>
   </div>
   <div class='ocr_carea' id='block_1_73' title="bbox 226 4153 1740 4226">
    <p class='ocr_par' dir='ltr' id='par_1_73' title="bbox 226 4153 1740 4226">
     <span class='ocr_line' id='line_1_73' title="bbox 226 4153 1740 4226; baseline 0.002 -18"><span class='ocrx_word' id='word_1_487' title='bbox 226 4153 489 4211; x_wconf 75' lang='lat' dir='ltr'><strong>Maximini</strong></span> <span class='ocrx_word' id='word_1_488' title='bbox 517 4158 710 4226; x_wconf 80' lang='lat' dir='ltr'><strong>ﬁlium,</strong></span> <span class='ocrx_word' id='word_1_489' title='bbox 737 4168 844 4211; x_wconf 84' lang='lat' dir='ltr'><strong>tum</strong></span> <span class='ocrx_word' id='word_1_490' title='bbox 868 4155 1178 4212; x_wconf 75' lang='lat' dir='ltr'><strong>Maximum.</strong></span> <span class='ocrx_word' id='word_1_491' title='bbox 1204 4155 1308 4211; x_wconf 87' lang='lat' dir='ltr'><strong>Pro</strong></span> <span class='ocrx_word' id='word_1_492' title='bbox 1329 4165 1436 4210; x_wconf 87' lang='lat' dir='ltr'><strong>tum</strong></span> <span class='ocrx_word' id='word_1_493' title='bbox 1481 4165 1565 4212; x_wconf 88' lang='lat' dir='ltr'><strong>est</strong></span> <span class='ocrx_word' id='word_1_494' title='bbox 1586 4173 1740 4211; x_wconf 84' lang='lat' dir='ltr'><strong>suum</strong></span> 
     </span>
    </p>
   </div>
   <div class='ocr_carea' id='block_1_74' title="bbox 165 4222 1598 4309">
    <p class='ocr_par' dir='ltr' id='par_1_74' title="bbox 165 4222 1598 4309">
     <span class='ocr_line' id='line_1_74' title="bbox 165 4222 1598 4309; baseline 0.012 -32"><span class='ocrx_word' id='word_1_495' title='bbox 165 4222 210 4278; x_wconf 92' lang='lat' dir='ltr'><strong>in</strong></span> <span class='ocrx_word' id='word_1_496' title='bbox 236 4241 328 4309; x_wconf 60' lang='lat' dir='ltr'><strong>llis.</strong></span> <span class='ocrx_word' id='word_1_497' title='bbox 361 4222 680 4309; x_wconf 41' lang='lat' dir='ltr'><strong>Maximum.</strong></span> <span class='ocrx_word' id='word_1_498' title='bbox 699 4222 858 4309; x_wconf 69' lang='lat' dir='ltr'><strong>Adde</strong></span> <span class='ocrx_word' id='word_1_499' title='bbox 877 4237 1023 4309; x_wconf 68' lang='lat' dir='ltr'><strong>nam.</strong></span> <span class='ocrx_word' id='word_1_500' title='bbox 1071 4298 1083 4309; x_wconf 41' lang='grc' dir='ltr'><strong>ο</strong></span> <span class='ocrx_word' id='word_1_501' title='bbox 1215 4297 1226 4309; x_wconf 45' lang='grc'><strong><em>⁸</em></strong></span> <span class='ocrx_word' id='word_1_502' title='bbox 1588 4297 1598 4309; x_wconf 58' lang='grc'><strong><em>,</em></strong></span> 
     </span>
    </p>
   </div>
   <div class='ocr_carea' id='block_1_75' title="bbox 230 4295 1738 4369">
    <p class='ocr_par' dir='ltr' id='par_1_75' title="bbox 230 4295 1738 4369">
     <span class='ocr_line' id='line_1_75' title="bbox 230 4295 1738 4369; baseline 0.003 -21"><span class='ocrx_word' id='word_1_503' title='bbox 230 4296 384 4353; x_wconf 75' lang='lat' dir='ltr'><strong>Mater</strong></span> <span class='ocrx_word' id='word_1_504' title='bbox 403 4295 601 4353; x_wconf 82' lang='lat' dir='ltr'><strong>eorum.</strong></span> <span class='ocrx_word' id='word_1_505' title='bbox 637 4299 785 4356; x_wconf 88' lang='lat' dir='ltr'><strong>Uxor</strong></span> <span class='ocrx_word' id='word_1_506' title='bbox 810 4298 1108 4366; x_wconf 87' lang='lat' dir='ltr'><strong>Maximini,</strong></span> <span class='ocrx_word' id='word_1_507' title='bbox 1140 4297 1296 4369; x_wconf 90' lang='lat' dir='ltr'><strong>cujus</strong></span> <span class='ocrx_word' id='word_1_508' title='bbox 1341 4313 1539 4353; x_wconf 89' lang='lat' dir='ltr'><strong>nomen</strong></span> <span class='ocrx_word' id='word_1_509' title='bbox 1587 4297 1738 4367; x_wconf 88' lang='lat' dir='ltr'><strong>igno-</strong></span> 
     </span>
    </p>
   </div>
   <div class='ocr_carea' id='block_1_76' title="bbox 167 4373 375 4424">
    <p class='ocr_par' dir='ltr' id='par_1_76' title="bbox 167 4373 375 4424">
     <span class='ocr_line' id='line_1_76' title="bbox 167 4373 375 4424; baseline 0.024 -5"><span class='ocrx_word' id='word_1_510' title='bbox 167 4373 262 4421; x_wconf 92' lang='lat' dir='ltr'><strong>tum</strong></span> <span class='ocrx_word' id='word_1_511' title='bbox 280 4380 375 4424; x_wconf 72' lang='grc' dir='ltr'><strong>ρει.</strong></span> 
     </span>
    </p>
   </div>
   <div class='ocr_carea' id='block_1_77' title="bbox 907 3448 1279 3518">
    <p class='ocr_par' dir='ltr' id='par_1_77' title="bbox 907 3448 1279 3518">
     <span class='ocr_line' id='line_1_77' title="bbox 907 3448 1279 3518; baseline 0 -16"><span class='ocrx_word' id='word_1_512' title='bbox 907 3463 1015 3518; x_wconf 76' lang='lat' dir='ltr'><strong>prce</strong></span> <span class='ocrx_word' id='word_1_513' title='bbox 1053 3448 1279 3503; x_wconf 85' lang='lat' dir='ltr'><strong>Valeria.</strong></span> 
     </span>
    </p>
   </div>
   <div class='ocr_carea' id='block_1_78' title="bbox 1779 3030 3454 3104">
    <p class='ocr_par' dir='ltr' id='par_1_78' title="bbox 1779 3030 3454 3104">
     <span class='ocr_line' id='line_1_78' title="bbox 1779 3030 3454 3104; baseline 0.005 -20"><span class='ocrx_word' id='word_1_514' title='bbox 1779 3030 1825 3093; x_wconf 88' lang='lat' dir='ltr'>C</span> <span class='ocrx_word' id='word_1_515' title='bbox 1858 3030 2071 3104; x_wconf 84' lang='lat' dir='ltr'><strong>interim</strong></span> <span class='ocrx_word' id='word_1_516' title='bbox 2104 3073 2118 3095; x_wconf 95' lang='lat'><strong>,</strong></span> <span class='ocrx_word' id='word_1_517' title='bbox 2166 3032 2508 3104; x_wconf 78' lang='lat' dir='ltr'><strong>conditionem</strong></span> <span class='ocrx_word' id='word_1_518' title='bbox 2557 3045 2738 3104; x_wconf 81' lang='lat' dir='ltr'><strong>quam</strong></span> <span class='ocrx_word' id='word_1_519' title='bbox 2778 3031 2864 3085; x_wconf 88' lang='lat' dir='ltr'><strong>hic</strong></span> <span class='ocrx_word' id='word_1_520' title='bbox 2914 3039 3098 3088; x_wconf 89' lang='lat' dir='ltr'><strong>noster</strong></span> <span class='ocrx_word' id='word_1_521' title='bbox 3147 3050 3454 3104; x_wconf 89' lang='lat' dir='ltr'><strong>memorat,</strong></span> 
     </span>
    </p>
   </div>
   <div class='ocr_carea' id='block_1_79' title="bbox 1856 3102 3448 3174">
    <p class='ocr_par' dir='ltr' id='par_1_79' title="bbox 1856 3102 3448 3174">
     <span class='ocr_line' id='line_1_79' title="bbox 1856 3102 3448 3174; baseline 0.006 -20"><span class='ocrx_word' id='word_1_522' title='bbox 1856 3103 2137 3174; x_wconf 63' lang='lat' dir='ltr'><strong>aequaliter</strong></span> <span class='ocrx_word' id='word_1_523' title='bbox 2165 3102 2379 3174; x_wconf 75' lang='lat' dir='ltr'><strong>quidem</strong></span> <span class='ocrx_word' id='word_1_524' title='bbox 2413 3103 2568 3156; x_wconf 89' lang='lat' dir='ltr'><strong>matri</strong></span> <span class='ocrx_word' id='word_1_525' title='bbox 2593 3103 2813 3174; x_wconf 15' lang='lat' dir='ltr'><strong>clililitn,</strong></span> <span class='ocrx_word' id='word_1_526' title='bbox 2856 3117 2973 3168; x_wconf 89' lang='lat' dir='ltr'><strong>seu,</strong></span> <span class='ocrx_word' id='word_1_527' title='bbox 3000 3107 3142 3174; x_wconf 92' lang='lat' dir='ltr'><strong>quod</strong></span> <span class='ocrx_word' id='word_1_528' title='bbox 3172 3106 3314 3161; x_wconf 90' lang='lat' dir='ltr'><strong>idem</strong></span> <span class='ocrx_word' id='word_1_529' title='bbox 3345 3102 3448 3174; x_wconf 81' lang='lat' dir='ltr'><strong>est,</strong></span> 
     </span>
    </p>
   </div>
   <div class='ocr_carea' id='block_1_80' title="bbox 1855 3171 3452 3246">
    <p class='ocr_par' dir='ltr' id='par_1_80' title="bbox 1855 3171 3452 3246">
     <span class='ocr_line' id='line_1_80' title="bbox 1855 3171 3452 3246; baseline 0.005 -21"><span class='ocrx_word' id='word_1_530' title='bbox 1855 3171 2052 3246; x_wconf 68' lang='lat' dir='ltr'><strong>Prisca:</strong></span> <span class='ocrx_word' id='word_1_531' title='bbox 2098 3181 2154 3246; x_wconf 86' lang='lat' dir='ltr'><strong>et</strong></span> <span class='ocrx_word' id='word_1_532' title='bbox 2188 3173 2409 3246; x_wconf 62' lang='lat' dir='ltr'><strong>Valeria;</strong></span> <span class='ocrx_word' id='word_1_533' title='bbox 2432 3173 2724 3246; x_wconf 84' lang='lat' dir='ltr'><strong>convenire</strong></span> <span class='ocrx_word' id='word_1_534' title='bbox 2756 3192 2768 3227; x_wconf 90' lang='lat'>:</span> <span class='ocrx_word' id='word_1_535' title='bbox 2801 3189 2986 3246; x_wconf 77' lang='lat' dir='ltr'><strong>verum</strong></span> <span class='ocrx_word' id='word_1_536' title='bbox 3019 3171 3209 3230; x_wconf 73' lang='lat' dir='ltr'><strong>addita</strong></span> <span class='ocrx_word' id='word_1_537' title='bbox 3248 3171 3452 3246; x_wconf 51' lang='lat' dir='ltr'><strong>pudici;</strong></span> 
     </span>
    </p>
   </div>
   <div class='ocr_carea' id='block_1_81' title="bbox 1850 3243 3446 3313">
    <p class='ocr_par' dir='ltr' id='par_1_81' title="bbox 1850 3243 3446 3313">
     <span class='ocr_line' id='line_1_81' title="bbox 1850 3243 3446 3313; baseline 0.006 -18"><span class='ocrx_word' id='word_1_538' title='bbox 1850 3243 1936 3297; x_wconf 76' lang='lat' dir='ltr'><strong>tia:</strong></span> <span class='ocrx_word' id='word_1_539' title='bbox 1958 3245 2158 3298; x_wconf 90' lang='lat' dir='ltr'><strong>mentio</strong></span> <span class='ocrx_word' id='word_1_540' title='bbox 2182 3243 2490 3313; x_wconf 84' lang='lat' dir='ltr'><strong>specialiter</strong></span> <span class='ocrx_word' id='word_1_541' title='bbox 2515 3245 2744 3312; x_wconf 87' lang='lat' dir='ltr'><strong>pertinet</strong></span> <span class='ocrx_word' id='word_1_542' title='bbox 2776 3245 2840 3296; x_wconf 91' lang='lat' dir='ltr'><strong>ad</strong></span> <span class='ocrx_word' id='word_1_543' title='bbox 2871 3245 3166 3300; x_wconf 88' lang='lat' dir='ltr'><strong>Valeriam.</strong></span> <span class='ocrx_word' id='word_1_544' title='bbox 3188 3243 3446 3306; x_wconf 55' lang='lat' dir='ltr'><strong>Btuwnt.</strong></span> 
     </span>
    </p>
   </div>
   <div class='ocr_carea' id='block_1_82' title="bbox 1847 3313 3450 3385">
    <p class='ocr_par' dir='ltr' id='par_1_82' title="bbox 1847 3313 3450 3385">
     <span class='ocr_line' id='line_1_82' title="bbox 1847 3313 3450 3385; baseline 0.005 -19"><span class='ocrx_word' id='word_1_545' title='bbox 1847 3343 1919 3354; x_wconf 90' lang='lat'><strong>-—</strong></span> <span class='ocrx_word' id='word_1_546' title='bbox 1977 3313 2139 3368; x_wconf 84' lang='lat' dir='ltr'><strong>Miror</strong></span> <span class='ocrx_word' id='word_1_547' title='bbox 2193 3314 2529 3369; x_wconf 88' lang='lat' dir='ltr'><strong>Lactantium</strong></span> <span class='ocrx_word' id='word_1_548' title='bbox 2583 3329 2688 3368; x_wconf 90' lang='lat' dir='ltr'><strong>non</strong></span> <span class='ocrx_word' id='word_1_549' title='bbox 2745 3315 2948 3385; x_wconf 79' lang='lat' dir='ltr'><strong>dixisse</strong></span> <span class='ocrx_word' id='word_1_550' title='bbox 3012 3319 3173 3385; x_wconf 82' lang='lat' dir='ltr'><strong>fuisse</strong></span> <span class='ocrx_word' id='word_1_551' title='bbox 3232 3319 3450 3374; x_wconf 70' lang='lat' dir='ltr'><strong>Valeriw</strong></span> 
     </span>
    </p>
   </div>
   <div class='ocr_carea' id='block_1_83' title="bbox 1847 3384 3445 3458">
    <p class='ocr_par' dir='ltr' id='par_1_83' title="bbox 1847 3384 3445 3458">
     <span class='ocr_line' id='line_1_83' title="bbox 1847 3384 3445 3458; baseline 0.005 -22"><span class='ocrx_word' id='word_1_552' title='bbox 1847 3386 2003 3458; x_wconf 76' lang='lat' dir='ltr'><strong>exitio</strong></span> <span class='ocrx_word' id='word_1_553' title='bbox 2031 3386 2305 3452; x_wconf 76' lang='lat' dir='ltr'><strong>sacrificia,</strong></span> <span class='ocrx_word' id='word_1_554' title='bbox 2325 3388 2516 3458; x_wconf 63' lang='lat' dir='ltr'><strong>quibus</strong></span> <span class='ocrx_word' id='word_1_555' title='bbox 2547 3395 2754 3456; x_wconf 86' lang='lat' dir='ltr'><strong>cogente</strong></span> <span class='ocrx_word' id='word_1_556' title='bbox 2801 3384 3121 3440; x_wconf 76' lang='lat' dir='ltr'><strong>Diocletiano</strong></span> <span class='ocrx_word' id='word_1_557' title='bbox 3161 3400 3304 3458; x_wconf 84' lang='lat' dir='ltr'><strong>patre</strong></span> <span class='ocrx_word' id='word_1_558' title='bbox 3347 3409 3445 3445; x_wconf 84' lang='lat' dir='ltr'><strong>suo</strong></span> 
     </span>
    </p>
   </div>
   <div class='ocr_carea' id='block_1_84' title="bbox 1847 3455 3440 3528">
    <p class='ocr_par' dir='ltr' id='par_1_84' title="bbox 1847 3455 3440 3528">
     <span class='ocr_line' id='line_1_84' title="bbox 1847 3455 3440 3528; baseline 0.006 -21"><span class='ocrx_word' id='word_1_559' title='bbox 1847 3456 2045 3522; x_wconf 87' lang='lat' dir='ltr'><strong>polluta</strong></span> <span class='ocrx_word' id='word_1_560' title='bbox 2076 3458 2262 3526; x_wconf 78' lang='lat' dir='ltr'><strong>fuerat,</strong></span> <span class='ocrx_word' id='word_1_561' title='bbox 2309 3455 2622 3510; x_wconf 85' lang='lat' dir='ltr'><strong>Christiana</strong></span> <span class='ocrx_word' id='word_1_562' title='bbox 2662 3471 2783 3509; x_wconf 90' lang='lat' dir='ltr'><strong>cum</strong></span> <span class='ocrx_word' id='word_1_563' title='bbox 2833 3465 2994 3522; x_wconf 74' lang='lat' dir='ltr'><strong>esset,</strong></span> <span class='ocrx_word' id='word_1_564' title='bbox 3039 3455 3168 3528; x_wconf 70' lang='lat' dir='ltr'><strong>cap.</strong></span> <span class='ocrx_word' id='word_1_565' title='bbox 3197 3461 3280 3514; x_wconf 81' lang='grc'><strong>15.</strong></span> <span class='ocrx_word' id='word_1_566' title='bbox 3314 3461 3440 3515; x_wconf 88' lang='lat' dir='ltr'><strong>Tot-</strong></span> 
     </span>
    </p>
   </div>
   <div class='ocr_carea' id='block_1_85' title="bbox 1845 3542 2404 3580">
    <p class='ocr_par' dir='ltr' id='par_1_85' title="bbox 1845 3542 2404 3580">
     <span class='ocr_line' id='line_1_85' title="bbox 1845 3542 2404 3580; baseline 0 0"><span class='ocrx_word' id='word_1_567' title='bbox 1845 3542 2006 3580; x_wconf 79' lang='lat' dir='ltr'><strong>NARD.</strong></span> <span class='ocrx_word' id='word_1_568' title='bbox 2401 3561 2404 3565; x_wconf 62' lang='grc' dir='ltr'>ν</span> 
     </span>
    </p>
   </div>
   <div class='ocr_carea' id='block_1_86' title="bbox 1919 3596 3438 3664">
    <p class='ocr_par' dir='ltr' id='par_1_86' title="bbox 1919 3596 3438 3664">
     <span class='ocr_line' id='line_1_86' title="bbox 1919 3596 3438 3664; baseline 0.004 -15"><span class='ocrx_word' id='word_1_569' title='bbox 1919 3596 2122 3662; x_wconf 81' lang='lat' dir='ltr'><strong>Fidem,</strong></span> <span class='ocrx_word' id='word_1_570' title='bbox 2147 3597 2323 3651; x_wconf 83' lang='lat' dir='ltr'><strong>scienti</strong></span> <span class='ocrx_word' id='word_1_571' title='bbox 2352 3597 2487 3650; x_wconf 88' lang='lat' dir='ltr'><strong>enim</strong></span> <span class='ocrx_word' id='word_1_572' title='bbox 2515 3597 2718 3664; x_wconf 86' lang='lat' dir='ltr'><strong>loquor,</strong></span> <span class='ocrx_word' id='word_1_573' title='bbox 2761 3598 2853 3659; x_wconf 86' lang='lat' dir='ltr'><strong>ita,</strong></span> <span class='ocrx_word' id='word_1_574' title='bbox 2898 3607 3004 3651; x_wconf 89' lang='lat' dir='ltr'><strong>etc.</strong></span> <span class='ocrx_word' id='word_1_575' title='bbox 3034 3597 3132 3652; x_wconf 88' lang='lat' dir='ltr'><strong>Ms.</strong></span> <span class='ocrx_word' id='word_1_576' title='bbox 3170 3598 3327 3654; x_wconf 87' lang='lat' dir='ltr'><strong>habet</strong></span> <span class='ocrx_word' id='word_1_577' title='bbox 3355 3617 3438 3655; x_wconf 87' lang='lat' dir='ltr'><strong>se-</strong></span> 
     </span>
    </p>
   </div>
   <div class='ocr_carea' id='block_1_87' title="bbox 1845 3667 3441 3736">
    <p class='ocr_par' dir='ltr' id='par_1_87' title="bbox 1845 3667 3441 3736">
     <span class='ocr_line' id='line_1_87' title="bbox 1845 3667 3441 3736; baseline 0.004 -16"><span class='ocrx_word' id='word_1_578' title='bbox 1845 3669 2071 3721; x_wconf 87' lang='lat' dir='ltr'><strong>cundum</strong></span> <span class='ocrx_word' id='word_1_579' title='bbox 2120 3669 2272 3736; x_wconf 85' lang='lat' dir='ltr'><strong>ﬁnem</strong></span> <span class='ocrx_word' id='word_1_580' title='bbox 2295 3669 2471 3722; x_wconf 85' lang='lat' dir='ltr'><strong>scienti</strong></span> <span class='ocrx_word' id='word_1_581' title='bbox 2497 3670 2632 3721; x_wconf 89' lang='lat' dir='ltr'><strong>enim</strong></span> <span class='ocrx_word' id='word_1_582' title='bbox 2659 3667 2840 3735; x_wconf 86' lang='lat' dir='ltr'><strong>loquor</strong></span> <span class='ocrx_word' id='word_1_583' title='bbox 2859 3668 2930 3719; x_wconf 85' lang='lat' dir='ltr'><strong>ita</strong></span> <span class='ocrx_word' id='word_1_584' title='bbox 2950 3709 2964 3731; x_wconf 98' lang='lat'><strong>,</strong></span> <span class='ocrx_word' id='word_1_585' title='bbox 2997 3679 3101 3722; x_wconf 89' lang='lat' dir='ltr'><strong>etc.</strong></span> <span class='ocrx_word' id='word_1_586' title='bbox 3138 3669 3278 3723; x_wconf 85' lang='lat' dir='ltr'><strong>Editi</strong></span> <span class='ocrx_word' id='word_1_587' title='bbox 3312 3686 3441 3726; x_wconf 87' lang='lat' dir='ltr'><strong>vero</strong></span> 
     </span>
    </p>
   </div>
   <div class='ocr_carea' id='block_1_88' title="bbox 1845 3737 3440 3806">
    <p class='ocr_par' dir='ltr' id='par_1_88' title="bbox 1845 3737 3440 3806">
     <span class='ocr_line' id='line_1_88' title="bbox 1845 3737 3440 3806; baseline 0.003 -13"><span class='ocrx_word' id='word_1_588' title='bbox 1845 3737 2043 3794; x_wconf 85' lang='lat' dir='ltr'><strong>habent</strong></span> <span class='ocrx_word' id='word_1_589' title='bbox 2073 3739 2349 3793; x_wconf 84' lang='lat' dir='ltr'><strong>secundum</strong></span> <span class='ocrx_word' id='word_1_590' title='bbox 2371 3739 2522 3804; x_wconf 83' lang='lat' dir='ltr'><strong>ﬁdem</strong></span> <span class='ocrx_word' id='word_1_591' title='bbox 2541 3739 2806 3791; x_wconf 79' lang='lat' dir='ltr'><strong>scientiam</strong></span> <span class='ocrx_word' id='word_1_592' title='bbox 2829 3738 3030 3806; x_wconf 81' lang='lat' dir='ltr'><strong>loquor,</strong></span> <span class='ocrx_word' id='word_1_593' title='bbox 3053 3739 3145 3803; x_wconf 88' lang='lat' dir='ltr'><strong>ita,</strong></span> <span class='ocrx_word' id='word_1_594' title='bbox 3168 3748 3296 3803; x_wconf 90' lang='lat' dir='ltr'><strong>etc.,</strong></span> <span class='ocrx_word' id='word_1_595' title='bbox 3341 3743 3440 3796; x_wconf 88' lang='lat' dir='ltr'><strong>sed</strong></span> 
     </span>
    </p>
   </div>
   <div class='ocr_carea' id='block_1_89' title="bbox 1846 3807 3441 3876">
    <p class='ocr_par' dir='ltr' id='par_1_89' title="bbox 1846 3807 3441 3876">
     <span class='ocr_line' id='line_1_89' title="bbox 1846 3807 3441 3876; baseline 0.003 -15"><span class='ocrx_word' id='word_1_596' title='bbox 1846 3811 2006 3863; x_wconf 91' lang='lat' dir='ltr'><strong>male.</strong></span> <span class='ocrx_word' id='word_1_597' title='bbox 2035 3808 2118 3863; x_wconf 90' lang='lat' dir='ltr'><strong>Nil</strong></span> <span class='ocrx_word' id='word_1_598' title='bbox 2145 3807 2454 3862; x_wconf 89' lang='lat' dir='ltr'><strong>mutandmn</strong></span> <span class='ocrx_word' id='word_1_599' title='bbox 2486 3819 2632 3876; x_wconf 89' lang='lat' dir='ltr'><strong>puto,</strong></span> <span class='ocrx_word' id='word_1_600' title='bbox 2660 3809 2758 3862; x_wconf 84' lang='lat' dir='ltr'><strong>nisi</strong></span> <span class='ocrx_word' id='word_1_601' title='bbox 2782 3810 2960 3875; x_wconf 79' lang='lat' dir='ltr'><strong>ﬁnem,</strong></span> <span class='ocrx_word' id='word_1_602' title='bbox 2987 3808 3139 3876; x_wconf 91' lang='lat' dir='ltr'><strong>cujus</strong></span> <span class='ocrx_word' id='word_1_603' title='bbox 3157 3811 3280 3864; x_wconf 90' lang='lat' dir='ltr'><strong>loco</strong></span> <span class='ocrx_word' id='word_1_604' title='bbox 3304 3813 3441 3866; x_wconf 82' lang='lat' dir='ltr'><strong>scri-</strong></span> 
     </span>
    </p>
   </div>
   <div class='ocr_carea' id='block_1_90' title="bbox 1845 3877 3437 3949">
    <p class='ocr_par' dir='ltr' id='par_1_90' title="bbox 1845 3877 3437 3949">
     <span class='ocr_line' id='line_1_90' title="bbox 1845 3877 3437 3949; baseline 0.002 -17"><span class='ocrx_word' id='word_1_605' title='bbox 1845 3879 2021 3933; x_wconf 91' lang='lat' dir='ltr'><strong>bimus</strong></span> <span class='ocrx_word' id='word_1_606' title='bbox 2051 3879 2221 3946; x_wconf 80' lang='lat' dir='ltr'><strong>ﬁdem.</strong></span> <span class='ocrx_word' id='word_1_607' title='bbox 2250 3878 2442 3933; x_wconf 83' lang='lat' dir='ltr'><strong>Scienti</strong></span> <span class='ocrx_word' id='word_1_608' title='bbox 2464 3880 2598 3931; x_wconf 84' lang='lat' dir='ltr'><strong>enim</strong></span> <span class='ocrx_word' id='word_1_609' title='bbox 2628 3878 2828 3948; x_wconf 88' lang='lat' dir='ltr'><strong>loquor,</strong></span> <span class='ocrx_word' id='word_1_610' title='bbox 2873 3877 3007 3932; x_wconf 90' lang='lat' dir='ltr'><strong>duas</strong></span> <span class='ocrx_word' id='word_1_611' title='bbox 3059 3881 3198 3934; x_wconf 89' lang='lat' dir='ltr'><strong>inter</strong></span> <span class='ocrx_word' id='word_1_612' title='bbox 3239 3897 3437 3949; x_wconf 85' lang='lat' dir='ltr'><strong>paren-</strong></span> 
     </span>
    </p>
   </div>
   <div class='ocr_carea' id='block_1_91' title="bbox 1844 3949 3440 4019">
    <p class='ocr_par' dir='ltr' id='par_1_91' title="bbox 1844 3949 3440 4019">
     <span class='ocr_line' id='line_1_91' title="bbox 1844 3949 3440 4019; baseline 0.003 -15"><span class='ocrx_word' id='word_1_613' title='bbox 1844 3949 2046 4004; x_wconf 91' lang='lat' dir='ltr'><strong>theses.</strong></span> <span class='ocrx_word' id='word_1_614' title='bbox 2076 3950 2171 4004; x_wconf 86' lang='lat' dir='ltr'><strong>Hic</strong></span> <span class='ocrx_word' id='word_1_615' title='bbox 2197 3958 2374 4003; x_wconf 89' lang='lat' dir='ltr'><strong>autem</strong></span> <span class='ocrx_word' id='word_1_616' title='bbox 2421 3950 2682 4002; x_wconf 88' lang='lat' dir='ltr'><strong>Donatum</strong></span> <span class='ocrx_word' id='word_1_617' title='bbox 2714 3950 3001 4019; x_wconf 89' lang='lat' dir='ltr'><strong>alloquitur</strong></span> <span class='ocrx_word' id='word_1_618' title='bbox 3032 3961 3219 4006; x_wconf 90' lang='lat' dir='ltr'><strong>auctor</strong></span> <span class='ocrx_word' id='word_1_619' title='bbox 3251 3962 3440 4008; x_wconf 89' lang='lat' dir='ltr'><strong>noster</strong></span> 
     </span>
    </p>
   </div>
   <div class='ocr_carea' id='block_1_92' title="bbox 1843 4019 3437 4090">
    <p class='ocr_par' dir='ltr' id='par_1_92' title="bbox 1843 4019 3437 4090">
     <span class='ocr_line' id='line_1_92' title="bbox 1843 4019 3437 4090; baseline 0.002 -16"><span class='ocrx_word' id='word_1_620' title='bbox 1843 4021 1945 4076; x_wconf 89' lang='lat' dir='ltr'><strong>sub</strong></span> <span class='ocrx_word' id='word_1_621' title='bbox 1986 4019 2147 4074; x_wconf 91' lang='lat' dir='ltr'><strong>ﬁnem</strong></span> <span class='ocrx_word' id='word_1_622' title='bbox 2177 4020 2320 4084; x_wconf 92' lang='lat' dir='ltr'><strong>libri,</strong></span> <span class='ocrx_word' id='word_1_623' title='bbox 2355 4019 2488 4074; x_wconf 91' lang='lat' dir='ltr'><strong>sicut</strong></span> <span class='ocrx_word' id='word_1_624' title='bbox 2518 4021 2670 4074; x_wconf 89' lang='lat' dir='ltr'><strong>initio</strong></span> <span class='ocrx_word' id='word_1_625' title='bbox 2699 4019 2858 4084; x_wconf 87' lang='lat' dir='ltr'><strong>fecit;</strong></span> <span class='ocrx_word' id='word_1_626' title='bbox 2887 4029 2940 4074; x_wconf 92' lang='lat' dir='ltr'><strong>et</strong></span> <span class='ocrx_word' id='word_1_627' title='bbox 2961 4021 3030 4074; x_wconf 90' lang='lat' dir='ltr'><strong>ita</strong></span> <span class='ocrx_word' id='word_1_628' title='bbox 3062 4031 3211 4076; x_wconf 86' lang='lat' dir='ltr'><strong>recte</strong></span> <span class='ocrx_word' id='word_1_629' title='bbox 3244 4037 3437 4090; x_wconf 87' lang='lat' dir='ltr'><strong>proce-</strong></span> 
     </span>
    </p>
   </div>
   <div class='ocr_carea' id='block_1_93' title="bbox 1843 4091 3436 4160">
    <p class='ocr_par' dir='ltr' id='par_1_93' title="bbox 1843 4091 3436 4160">
     <span class='ocr_line' id='line_1_93' title="bbox 1843 4091 3436 4160; baseline 0.004 -16"><span class='ocrx_word' id='word_1_630' title='bbox 1843 4092 1922 4146; x_wconf 91' lang='lat' dir='ltr'><strong>dit</strong></span> <span class='ocrx_word' id='word_1_631' title='bbox 1952 4091 2143 4146; x_wconf 90' lang='lat' dir='ltr'><strong>oratio.</strong></span> <span class='ocrx_word' id='word_1_632' title='bbox 2178 4091 2415 4144; x_wconf 87' lang='lat' dir='ltr'><strong>Donatus</strong></span> <span class='ocrx_word' id='word_1_633' title='bbox 2441 4092 2584 4145; x_wconf 90' lang='lat' dir='ltr'><strong>enim</strong></span> <span class='ocrx_word' id='word_1_634' title='bbox 2615 4106 2738 4160; x_wconf 88' lang='lat' dir='ltr'><strong>pars</strong></span> <span class='ocrx_word' id='word_1_635' title='bbox 2764 4091 2877 4160; x_wconf 86' lang='lat' dir='ltr'><strong>ipse</strong></span> <span class='ocrx_word' id='word_1_636' title='bbox 2905 4093 3296 4159; x_wconf 83' lang='lat' dir='ltr'><strong>persecutionis</strong></span> <span class='ocrx_word' id='word_1_637' title='bbox 3321 4094 3436 4150; x_wconf 88' lang='lat' dir='ltr'><strong>fue-</strong></span> 
     </span>
    </p>
   </div>
   <div class='ocr_carea' id='block_1_94' title="bbox 1843 4161 3436 4232">
    <p class='ocr_par' dir='ltr' id='par_1_94' title="bbox 1843 4161 3436 4232">
     <span class='ocr_line' id='line_1_94' title="bbox 1843 4161 3436 4232; baseline 0.003 -17"><span class='ocrx_word' id='word_1_638' title='bbox 1843 4171 1949 4228; x_wconf 89' lang='lat' dir='ltr'><strong>rat,</strong></span> <span class='ocrx_word' id='word_1_639' title='bbox 1980 4178 2101 4216; x_wconf 92' lang='lat' dir='ltr'><strong>cum</strong></span> <span class='ocrx_word' id='word_1_640' title='bbox 2131 4163 2182 4216; x_wconf 93' lang='lat' dir='ltr'><strong>in</strong></span> <span class='ocrx_word' id='word_1_641' title='bbox 2213 4177 2335 4216; x_wconf 90' lang='lat' dir='ltr'><strong>eum</strong></span> <span class='ocrx_word' id='word_1_642' title='bbox 2368 4177 2462 4229; x_wconf 91' lang='lat' dir='ltr'><strong>per</strong></span> <span class='ocrx_word' id='word_1_643' title='bbox 2495 4162 2676 4231; x_wconf 91' lang='lat' dir='ltr'><strong>plures</strong></span> <span class='ocrx_word' id='word_1_644' title='bbox 2724 4176 2897 4216; x_wconf 92' lang='lat' dir='ltr'><strong>annos</strong></span> <span class='ocrx_word' id='word_1_645' title='bbox 2943 4161 3216 4216; x_wconf 69' lang='lat' dir='ltr'><strong>servierint</strong></span> <span class='ocrx_word' id='word_1_646' title='bbox 3254 4179 3436 4232; x_wconf 88' lang='lat' dir='ltr'><strong>persc-</strong></span> 
     </span>
    </p>
   </div>
   <div class='ocr_carea' id='block_1_95' title="bbox 1841 4232 3432 4301">
    <p class='ocr_par' dir='ltr' id='par_1_95' title="bbox 1841 4232 3432 4301">
     <span class='ocr_line' id='line_1_95' title="bbox 1841 4232 3432 4301; baseline 0.002 -15"><span class='ocrx_word' id='word_1_647' title='bbox 1841 4245 2076 4287; x_wconf 89' lang='lat' dir='ltr'><strong>cutores.</strong></span> <span class='ocrx_word' id='word_1_648' title='bbox 2105 4232 2270 4288; x_wconf 87' lang='lat' dir='ltr'><strong>Miror</strong></span> <span class='ocrx_word' id='word_1_649' title='bbox 2296 4247 2424 4301; x_wconf 87' lang='lat' dir='ltr'><strong>ergo</strong></span> <span class='ocrx_word' id='word_1_650' title='bbox 2447 4234 2584 4287; x_wconf 89' lang='lat' dir='ltr'><strong>hanc</strong></span> <span class='ocrx_word' id='word_1_651' title='bbox 2609 4233 2896 4287; x_wconf 89' lang='lat' dir='ltr'><strong>lectionem</strong></span> <span class='ocrx_word' id='word_1_652' title='bbox 2927 4243 3032 4286; x_wconf 91' lang='lat' dir='ltr'><strong>tam</strong></span> <span class='ocrx_word' id='word_1_653' title='bbox 3064 4234 3294 4299; x_wconf 89' lang='lat' dir='ltr'><strong>facilem,</strong></span> <span class='ocrx_word' id='word_1_654' title='bbox 3325 4243 3432 4290; x_wconf 93' lang='lat' dir='ltr'><strong>tam</strong></span> 
     </span>
    </p>
   </div>
   <div class='ocr_carea' id='block_1_96' title="bbox 1842 4302 3434 4372">
    <p class='ocr_par' dir='ltr' id='par_1_96' title="bbox 1842 4302 3434 4372">
     <span class='ocr_line' id='line_1_96' title="bbox 1842 4302 3434 4372; baseline 0.001 -14"><span class='ocrx_word' id='word_1_655' title='bbox 1842 4313 2168 4372; x_wconf 89' lang='lat' dir='ltr'><strong>promptam,</strong></span> <span class='ocrx_word' id='word_1_656' title='bbox 2205 4318 2309 4357; x_wconf 93' lang='lat' dir='ltr'><strong>non</strong></span> <span class='ocrx_word' id='word_1_657' title='bbox 2341 4302 2508 4358; x_wconf 90' lang='lat' dir='ltr'><strong>fuisse</strong></span> <span class='ocrx_word' id='word_1_658' title='bbox 2536 4303 2916 4358; x_wconf 89' lang='lat' dir='ltr'><strong>subodoratam</strong></span> <span class='ocrx_word' id='word_1_659' title='bbox 2949 4322 2976 4356; x_wconf 73' lang='grc' dir='ltr'>ιι</span> <span class='ocrx_word' id='word_1_660' title='bbox 3031 4303 3434 4372; x_wconf 86' lang='lat' dir='ltr'><strong>prioribus-bu-</strong></span> 
     </span>
    </p>
   </div>
   <div class='ocr_carea' id='block_1_97' title="bbox 1835 4373 2484 4444">
    <p class='ocr_par' dir='ltr' id='par_1_97' title="bbox 1835 4373 2484 4444">
     <span class='ocr_line' id='line_1_97' title="bbox 1835 4373 2484 4444; baseline 0 -16"><span class='ocrx_word' id='word_1_661' title='bbox 1835 4373 1989 4444; x_wconf 88' lang='lat' dir='ltr'><strong>jusce</strong></span> <span class='ocrx_word' id='word_1_662' title='bbox 2017 4375 2138 4429; x_wconf 91' lang='lat' dir='ltr'><strong>libri</strong></span> <span class='ocrx_word' id='word_1_663' title='bbox 2168 4374 2484 4430; x_wconf 91' lang='lat' dir='ltr'><strong>editoribus.</strong></span> 
     </span>
    </p>
   </div>
   <div class='ocr_carea' id='block_1_98' title="bbox 225 4436 2657 4539">
    <p class='ocr_par' dir='ltr' id='par_1_98' title="bbox 225 4436 2657 4539">
     <span class='ocr_line' id='line_1_98' title="bbox 225 4436 2657 4539; baseline -0.002 -17"><span class='ocrx_word' id='word_1_664' title='bbox 225 4436 284 4492; x_wconf 74' lang='grc' dir='ltr'><strong>ιη</strong></span> <span class='ocrx_word' id='word_1_665' title='bbox 315 4439 917 4539; x_wconf 42' lang='lat' dir='ltr'><strong>“immersam”</strong></span> <span class='ocrx_word' id='word_1_666' title='bbox 944 4448 1039 4522; x_wconf 70' lang='grc' dir='ltr'><strong>εες·</strong></span> <span class='ocrx_word' id='word_1_667' title='bbox 1070 4439 1145 4539; x_wconf 54' lang='lat' dir='ltr'><strong>ita</strong></span> <span class='ocrx_word' id='word_1_668' title='bbox 1193 4437 1730 4539; x_wconf 56' lang='lat' dir='ltr'><strong>&quot;33°an‘3&#39;33‘133213:</strong></span> <span class='ocrx_word' id='word_1_669' title='bbox 1758 4436 1854 4539; x_wconf 75' lang='lat' dir='ltr'><strong>D&#39;</strong></span> <span class='ocrx_word' id='word_1_670' title='bbox 1907 4467 2165 4524; x_wconf 84' lang='lat' dir='ltr'><strong>Interiret.</strong></span> <span class='ocrx_word' id='word_1_671' title='bbox 2199 4464 2255 4520; x_wconf 84' lang='grc' dir='ltr'><strong>ιη</strong></span> <span class='ocrx_word' id='word_1_672' title='bbox 2281 4481 2411 4528; x_wconf 92' lang='lat' dir='ltr'><strong>ms.,</strong></span> <span class='ocrx_word' id='word_1_673' title='bbox 2436 4466 2657 4520; x_wconf 69' lang='grc' dir='ltr'><strong>ίηιετίνε.</strong></span> 
     </span>
    </p>
   </div>
   <div class='ocr_carea' id='block_1_99' title="bbox 160 4504 1730 4579">
    <p class='ocr_par' dir='ltr' id='par_1_99' title="bbox 160 4504 1730 4579">
     <span class='ocr_line' id='line_1_99' title="bbox 160 4504 1730 4579; baseline 0.003 -18"><span class='ocrx_word' id='word_1_674' title='bbox 160 4504 385 4579; x_wconf 74' lang='lat' dir='ltr'><strong>iecerunt</strong></span> <span class='ocrx_word' id='word_1_675' title='bbox 408 4504 813 4568; x_wconf 76' lang='lat' dir='ltr'><strong>rescribendum</strong></span> <span class='ocrx_word' id='word_1_676' title='bbox 844 4527 966 4566; x_wconf 90' lang='lat' dir='ltr'><strong>esse</strong></span> <span class='ocrx_word' id='word_1_677' title='bbox 994 4513 1048 4564; x_wconf 88' lang='lat' dir='ltr'><strong>in</strong></span> <span class='ocrx_word' id='word_1_678' title='bbox 1078 4509 1342 4571; x_wconf 86' lang='lat' dir='ltr'><strong>Orontem,</strong></span> <span class='ocrx_word' id='word_1_679' title='bbox 1373 4504 1505 4579; x_wconf 78' lang='lat' dir='ltr'><strong>quia</strong></span> <span class='ocrx_word' id='word_1_680' title='bbox 1518 4519 1730 4566; x_wconf 82' lang='lat' dir='ltr'><strong>constat</strong></span> 
     </span>
    </p>
   </div>
   <div class='ocr_carea' id='block_1_100' title="bbox 165 4578 1729 4653">
    <p class='ocr_par' dir='ltr' id='par_1_100' title="bbox 165 4578 1729 4653">
     <span class='ocr_line' id='line_1_100' title="bbox 165 4578 1729 4653; baseline 0.003 -22"><span class='ocrx_word' id='word_1_681' title='bbox 165 4578 361 4636; x_wconf 89' lang='lat' dir='ltr'><strong>fluvium</strong></span> <span class='ocrx_word' id='word_1_682' title='bbox 390 4584 442 4636; x_wconf 93' lang='lat' dir='ltr'><strong>in</strong></span> <span class='ocrx_word' id='word_1_683' title='bbox 482 4584 586 4638; x_wconf 93' lang='lat' dir='ltr'><strong>hoc</strong></span> <span class='ocrx_word' id='word_1_684' title='bbox 613 4582 733 4637; x_wconf 92' lang='lat' dir='ltr'><strong>loco</strong></span> <span class='ocrx_word' id='word_1_685' title='bbox 757 4582 1028 4653; x_wconf 87' lang='lat' dir='ltr'><strong>designari</strong></span> <span class='ocrx_word' id='word_1_686' title='bbox 1061 4601 1074 4653; x_wconf 64' lang='grc' dir='ltr'>ξ</span> <span class='ocrx_word' id='word_1_687' title='bbox 1105 4582 1244 4650; x_wconf 88' lang='lat' dir='ltr'><strong>quod</strong></span> <span class='ocrx_word' id='word_1_688' title='bbox 1293 4578 1540 4652; x_wconf 82' lang='lat' dir='ltr'><strong>pluribus</strong></span> <span class='ocrx_word' id='word_1_689' title='bbox 1561 4596 1729 4653; x_wconf 73' lang='lat' dir='ltr'><strong>argu-</strong></span> 
     </span>
    </p>
   </div>
   <div class='ocr_carea' id='block_1_101' title="bbox 89 4651 1730 4723">
    <p class='ocr_par' dir='ltr' id='par_1_101' title="bbox 89 4651 1730 4723">
     <span class='ocr_line' id='line_1_101' title="bbox 89 4651 1730 4723; baseline 0.003 -22"><span class='ocrx_word' id='word_1_690' title='bbox 89 4714 92 4717; x_wconf 95' lang='lat'><em>_</em></span> <span class='ocrx_word' id='word_1_691' title='bbox 164 4655 340 4705; x_wconf 88' lang='lat' dir='ltr'><strong>mentis</strong></span> <span class='ocrx_word' id='word_1_692' title='bbox 376 4654 586 4708; x_wconf 87' lang='lat' dir='ltr'><strong>erudite</strong></span> <span class='ocrx_word' id='word_1_693' title='bbox 619 4653 861 4723; x_wconf 87' lang='lat' dir='ltr'><strong>profecto</strong></span> <span class='ocrx_word' id='word_1_694' title='bbox 885 4651 1127 4723; x_wconf 79' lang='lat' dir='ltr'><strong>ostendit</strong></span> <span class='ocrx_word' id='word_1_695' title='bbox 1177 4653 1510 4706; x_wconf 90' lang='lat' dir='ltr'><strong>clarissimus</strong></span> <span class='ocrx_word' id='word_1_696' title='bbox 1548 4651 1730 4720; x_wconf 89' lang='lat' dir='ltr'><strong>Cupe-</strong></span> 
     </span>
    </p>
   </div>
   <div class='ocr_carea' id='block_1_102' title="bbox 163 4722 1731 4794">
    <p class='ocr_par' dir='ltr' id='par_1_102' title="bbox 163 4722 1731 4794">
     <span class='ocr_line' id='line_1_102' title="bbox 163 4722 1731 4794; baseline 0.003 -22"><span class='ocrx_word' id='word_1_697' title='bbox 163 4734 263 4794; x_wconf 83' lang='lat' dir='ltr'><strong>r_us.</strong></span> <span class='ocrx_word' id='word_1_698' title='bbox 307 4723 436 4790; x_wconf 88' lang='lat' dir='ltr'><strong>Quia</strong></span> <span class='ocrx_word' id='word_1_699' title='bbox 474 4722 654 4779; x_wconf 89' lang='lat' dir='ltr'><strong>tamen</strong></span> <span class='ocrx_word' id='word_1_700' title='bbox 705 4734 760 4778; x_wconf 89' lang='lat' dir='ltr'><strong>et</strong></span> <span class='ocrx_word' id='word_1_701' title='bbox 811 4725 927 4794; x_wconf 91' lang='lat' dir='ltr'><strong>ipse</strong></span> <span class='ocrx_word' id='word_1_702' title='bbox 978 4722 1140 4777; x_wconf 88' lang='lat' dir='ltr'><strong>tradit</strong></span> <span class='ocrx_word' id='word_1_703' title='bbox 1194 4723 1481 4794; x_wconf 89' lang='lat' dir='ltr'><strong>nonnullos</strong></span> <span class='ocrx_word' id='word_1_704' title='bbox 1505 4733 1731 4794; x_wconf 76' lang='lat' dir='ltr'><strong>veteres</strong></span> 
     </span>
    </p>
   </div>
   <div class='ocr_carea' id='block_1_103' title="bbox 167 4787 1732 4863">
    <p class='ocr_par' dir='ltr' id='par_1_103' title="bbox 167 4787 1732 4863">
     <span class='ocr_line' id='line_1_103' title="bbox 167 4787 1732 4863; baseline 0.003 -20"><span class='ocrx_word' id='word_1_705' title='bbox 167 4787 400 4863; x_wconf 60' lang='lat' dir='ltr'><strong>Qrientém</strong></span> <span class='ocrx_word' id='word_1_706' title='bbox 429 4809 653 4851; x_wconf 89' lang='lat' dir='ltr'><strong>vocasse</strong></span> <span class='ocrx_word' id='word_1_707' title='bbox 682 4810 803 4850; x_wconf 89' lang='lat' dir='ltr'><strong>eum</strong></span> <span class='ocrx_word' id='word_1_708' title='bbox 835 4787 1090 4859; x_wconf 57' lang='lat' dir='ltr'><strong>&#39;fluvium,</strong></span> <span class='ocrx_word' id='word_1_709' title='bbox 1135 4809 1294 4863; x_wconf 87' lang='lat' dir='ltr'><strong>quem</strong></span> <span class='ocrx_word' id='word_1_710' title='bbox 1330 4792 1516 4863; x_wconf 89' lang='lat' dir='ltr'><strong>reliqui</strong></span> <span class='ocrx_word' id='word_1_711' title='bbox 1571 4793 1732 4862; x_wconf 86' lang='lat' dir='ltr'><strong>vulgo</strong></span> 
     </span>
    </p>
   </div>
   <div class='ocr_carea' id='block_1_104' title="bbox 163 4860 1349 4932">
    <p class='ocr_par' dir='ltr' id='par_1_104' title="bbox 163 4860 1349 4932">
     <span class='ocr_line' id='line_1_104' title="bbox 163 4860 1349 4932; baseline 0.004 -20"><span class='ocrx_word' id='word_1_712' title='bbox 163 4860 328 4918; x_wconf 90' lang='lat' dir='ltr'><strong>dicunt</strong></span> <span class='ocrx_word' id='word_1_713' title='bbox 357 4865 620 4932; x_wconf 87' lang='lat' dir='ltr'><strong>Orontem,</strong></span> <span class='ocrx_word' id='word_1_714' title='bbox 645 4866 790 4921; x_wconf 90' lang='lat' dir='ltr'><strong>nolui</strong></span> <span class='ocrx_word' id='word_1_715' title='bbox 816 4875 1018 4922; x_wconf 84' lang='lat' dir='ltr'><strong>textum</strong></span> <span class='ocrx_word' id='word_1_716' title='bbox 1043 4860 1349 4920; x_wconf 83' lang='lat' dir='ltr'><strong>immutare.</strong></span> 
     </span>
    </p>
   </div>
   <div class='ocr_carea' id='block_1_105' title="bbox 224 4932 730 4992">
    <p class='ocr_par' dir='ltr' id='par_1_105' title="bbox 224 4932 730 4992">
     <span class='ocr_line' id='line_1_105' title="bbox 224 4932 730 4992; baseline 0.006 -6"><span class='ocrx_word' id='word_1_717' title='bbox 224 4932 329 4988; x_wconf 83' lang='lat' dir='ltr'><strong>Est.</strong></span> <span class='ocrx_word' id='word_1_718' title='bbox 357 4937 515 4992; x_wconf 89' lang='lat' dir='ltr'><strong>Deest</strong></span> <span class='ocrx_word' id='word_1_719' title='bbox 545 4938 596 4990; x_wconf 93' lang='lat' dir='ltr'><strong>in</strong></span> <span class='ocrx_word' id='word_1_720' title='bbox 629 4953 730 4992; x_wconf 90' lang='lat' dir='ltr'><strong>ms.</strong></span> 
     </span>
    </p>
   </div>
   <div class='ocr_carea' id='block_1_106' title="bbox 226 5003 1151 5075">
    <p class='ocr_par' dir='ltr' id='par_1_106' title="bbox 226 5003 1151 5075">
     <span class='ocr_line' id='line_1_106' title="bbox 226 5003 1151 5075; baseline 0.002 -19"><span class='ocrx_word' id='word_1_721' title='bbox 226 5003 300 5075; x_wconf 83' lang='lat' dir='ltr'><strong>I_bi</strong></span> <span class='ocrx_word' id='word_1_722' title='bbox 320 5008 594 5075; x_wconf 79' lang='lat' dir='ltr'><strong>stcpeilla.</strong></span> <span class='ocrx_word' id='word_1_723' title='bbox 624 5009 698 5062; x_wconf 85' lang='lat' dir='ltr'><strong>Ita</strong></span> <span class='ocrx_word' id='word_1_724' title='bbox 723 5021 851 5072; x_wconf 91' lang='lat' dir='ltr'><strong>ms.,</strong></span> <span class='ocrx_word' id='word_1_725' title='bbox 882 5021 1014 5071; x_wconf 94' lang='lat' dir='ltr'><strong>non,</strong></span> <span class='ocrx_word' id='word_1_726' title='bbox 1045 5007 1151 5060; x_wconf 81' lang='lat' dir='ltr'><strong>ille.</strong></span> 
     </span>
    </p>
   </div>
   <div class='ocr_carea' id='block_1_107' title="bbox 225 5073 1546 5158">
    <p class='ocr_par' dir='ltr' id='par_1_107' title="bbox 225 5073 1546 5158">
     <span class='ocr_line' id='line_1_107' title="bbox 225 5073 1546 5158; baseline 0.001 -28"><span class='ocrx_word' id='word_1_727' title='bbox 225 5073 420 5158; x_wconf 56' lang='lat' dir='ltr'><strong>flebeio</strong></span> <span class='ocrx_word' id='word_1_728' title='bbox 437 5078 614 5158; x_wconf 46' lang='lat' dir='ltr'><strong>cultu;</strong></span> <span class='ocrx_word' id='word_1_729' title='bbox 634 5079 688 5158; x_wconf 38' lang='lat' dir='ltr'><strong>[.d</strong></span> <span class='ocrx_word' id='word_1_730' title='bbox 715 5088 818 5144; x_wconf 89' lang='lat' dir='ltr'><strong>est,</strong></span> <span class='ocrx_word' id='word_1_731' title='bbox 845 5079 1046 5158; x_wconf 68' lang='lat' dir='ltr'><strong>plebeio</strong></span> <span class='ocrx_word' id='word_1_732' title='bbox 1074 5078 1292 5158; x_wconf 59' lang='lat' dir='ltr'><strong>habitth</strong></span> <span class='ocrx_word' id='word_1_733' title='bbox 1364 5145 1379 5158; x_wconf 50' lang='lat'><strong><em>‘</em></strong></span> <span class='ocrx_word' id='word_1_734' title='bbox 1422 5145 1454 5158; x_wconf 32' lang='grc' dir='ltr'><em>Α</em></span> <span class='ocrx_word' id='word_1_735' title='bbox 1535 5147 1546 5158; x_wconf 82' lang='lat'><em>_</em></span> 
     </span>
    </p>
   </div>
   <div class='ocr_carea' id='block_1_108' title="bbox 226 5144 1570 5216">
    <p class='ocr_par' dir='ltr' id='par_1_108' title="bbox 226 5144 1570 5216">
     <span class='ocr_line' id='line_1_108' title="bbox 226 5144 1570 5216; baseline 0.001 -17"><span class='ocrx_word' id='word_1_736' title='bbox 226 5144 346 5216; x_wconf 68' lang='lat' dir='ltr'><strong>Cum</strong></span> <span class='ocrx_word' id='word_1_737' title='bbox 371 5159 550 5202; x_wconf 86' lang='lat' dir='ltr'><strong>matre.</strong></span> <span class='ocrx_word' id='word_1_738' title='bbox 578 5149 757 5204; x_wconf 89' lang='lat' dir='ltr'><strong>Prisca</strong></span> <span class='ocrx_word' id='word_1_739' title='bbox 781 5144 1011 5216; x_wconf 88' lang='lat' dir='ltr'><strong>scilicet,</strong></span> <span class='ocrx_word' id='word_1_740' title='bbox 1040 5164 1211 5204; x_wconf 91' lang='lat' dir='ltr'><strong>uxore</strong></span> <span class='ocrx_word' id='word_1_741' title='bbox 1235 5145 1570 5203; x_wconf 89' lang='lat' dir='ltr'><strong>Diocletiani.</strong></span> 
     </span>
    </p>
   </div>
   <div class='ocr_carea' id='block_1_109' title="bbox 229 5214 742 5274">
    <p class='ocr_par' dir='ltr' id='par_1_109' title="bbox 229 5214 742 5274">
     <span class='ocr_line' id='line_1_109' title="bbox 229 5214 742 5274; baseline 0.008 -6"><span class='ocrx_word' id='word_1_742' title='bbox 229 5214 358 5272; x_wconf 84' lang='lat' dir='ltr'><strong>Illis.</strong></span> <span class='ocrx_word' id='word_1_743' title='bbox 389 5219 443 5273; x_wconf 91' lang='lat' dir='ltr'><strong>In</strong></span> <span class='ocrx_word' id='word_1_744' title='bbox 474 5234 576 5273; x_wconf 87' lang='lat' dir='ltr'><strong>ms.</strong></span> <span class='ocrx_word' id='word_1_745' title='bbox 602 5219 742 5274; x_wconf 83' lang='lat' dir='ltr'><strong>Illic.</strong></span> 
     </span>
    </p>
   </div>
   <div class='ocr_carea' id='block_1_110' title="bbox 233 5286 1737 5360">
    <p class='ocr_par' dir='ltr' id='par_1_110' title="bbox 233 5286 1737 5360">
     <span class='ocr_line' id='line_1_110' title="bbox 233 5286 1737 5360; baseline 0.003 -22"><span class='ocrx_word' id='word_1_746' title='bbox 233 5286 312 5360; x_wconf 82' lang='lat' dir='ltr'><strong>fta</strong></span> <span class='ocrx_word' id='word_1_747' title='bbox 342 5290 442 5344; x_wconf 78' lang='lat' dir='ltr'><strong>illis</strong></span> <span class='ocrx_word' id='word_1_748' title='bbox 467 5292 718 5356; x_wconf 82' lang='lat' dir='ltr'><strong>pudicitia</strong></span> <span class='ocrx_word' id='word_1_749' title='bbox 747 5299 792 5344; x_wconf 88' lang='lat' dir='ltr'><strong>et</strong></span> <span class='ocrx_word' id='word_1_750' title='bbox 820 5289 1044 5344; x_wconf 86' lang='lat' dir='ltr'><strong>conditio</strong></span> <span class='ocrx_word' id='word_1_751' title='bbox 1074 5291 1227 5345; x_wconf 73' lang='lat' dir='ltr'><strong>exitio</strong></span> <span class='ocrx_word' id='word_1_752' title='bbox 1251 5289 1367 5360; x_wconf 65' lang='lat' dir='ltr'><strong>fuit.</strong></span> <span class='ocrx_word' id='word_1_753' title='bbox 1402 5287 1525 5352; x_wconf 87' lang='lat' dir='ltr'><strong>Ms.,</strong></span> <span class='ocrx_word' id='word_1_754' title='bbox 1557 5289 1737 5344; x_wconf 86' lang='lat' dir='ltr'><strong>condi-</strong></span> 
     </span>
    </p>
   </div>
   <div class='ocr_carea' id='block_1_111' title="bbox 172 5356 1733 5444">
    <p class='ocr_par' dir='ltr' id='par_1_111' title="bbox 172 5356 1733 5444">
     <span class='ocr_line' id='line_1_111' title="bbox 172 5356 1733 5444; baseline 0.003 -34"><span class='ocrx_word' id='word_1_755' title='bbox 172 5356 306 5437; x_wconf 73' lang='lat' dir='ltr'><strong>tioni,</strong></span> <span class='ocrx_word' id='word_1_756' title='bbox 334 5361 833 5444; x_wconf 53' lang='lat' dir='ltr'><strong>‘mendose._Earitio</strong></span> <span class='ocrx_word' id='word_1_757' title='bbox 881 5362 999 5431; x_wconf 78' lang='lat' dir='ltr'><strong>fuit,</strong></span> <span class='ocrx_word' id='word_1_758' title='bbox 1018 5362 1153 5444; x_wconf 41' lang='grc' dir='ltr'><strong>,ψιξέ</strong></span> <span class='ocrx_word' id='word_1_759' title='bbox 1181 5373 1236 5415; x_wconf 90' lang='lat' dir='ltr'><strong>et</strong></span> <span class='ocrx_word' id='word_1_760' title='bbox 1251 5356 1468 5414; x_wconf 83' lang='lat' dir='ltr'><strong>Licinio</strong></span> <span class='ocrx_word' id='word_1_761' title='bbox 1480 5371 1543 5444; x_wconf 57' lang='grc' dir='ltr'><strong>ει</strong></span> <span class='ocrx_word' id='word_1_762' title='bbox 1565 5360 1733 5444; x_wconf 71' lang='lat' dir='ltr'><strong>Maxi-</strong></span> 
     </span>
    </p>
   </div>
   <div class='ocr_carea' id='block_1_112' title="bbox 171 5427 1737 5500">
    <p class='ocr_par' dir='ltr' id='par_1_112' title="bbox 171 5427 1737 5500">
     <span class='ocr_line' id='line_1_112' title="bbox 171 5427 1737 5500; baseline 0.003 -20"><span class='ocrx_word' id='word_1_763' title='bbox 171 5427 304 5482; x_wconf 89' lang='lat' dir='ltr'><strong>mino</strong></span> <span class='ocrx_word' id='word_1_764' title='bbox 334 5429 542 5485; x_wconf 83' lang='lat' dir='ltr'><strong>Valeria</strong></span> <span class='ocrx_word' id='word_1_765' title='bbox 566 5432 766 5487; x_wconf 91' lang='lat' dir='ltr'><strong>nubere</strong></span> <span class='ocrx_word' id='word_1_766' title='bbox 789 5427 1076 5487; x_wconf 76' lang='lat' dir='ltr'><strong>recusavit.</strong></span> <span class='ocrx_word' id='word_1_767' title='bbox 1100 5433 1350 5488; x_wconf 72' lang='lat' dir='ltr'><strong>Tonans.</strong></span> <span class='ocrx_word' id='word_1_768' title='bbox 1379 5461 1451 5472; x_wconf 89' lang='lat'><strong>—-</strong></span> <span class='ocrx_word' id='word_1_769' title='bbox 1480 5430 1610 5484; x_wconf 88' lang='lat' dir='ltr'><strong>Pars</strong></span> <span class='ocrx_word' id='word_1_770' title='bbox 1641 5430 1737 5500; x_wconf 81' lang='lat' dir='ltr'><strong>igi-</strong></span> 
     </span>
    </p>
   </div>
   <div class='ocr_carea' id='block_1_113' title="bbox 172 5501 1736 5574">
    <p class='ocr_par' dir='ltr' id='par_1_113' title="bbox 172 5501 1736 5574">
     <span class='ocr_line' id='line_1_113' title="bbox 172 5501 1736 5574; baseline 0.004 -24"><span class='ocrx_word' id='word_1_771' title='bbox 172 5503 248 5550; x_wconf 88' lang='lat' dir='ltr'><strong>tur</strong></span> <span class='ocrx_word' id='word_1_772' title='bbox 276 5501 580 5574; x_wconf 19' lang='lat' dir='ltr'><strong>_pudiciti:eﬂ</strong></span> <span class='ocrx_word' id='word_1_773' title='bbox 603 5517 668 5556; x_wconf 94' lang='lat' dir='ltr'><strong>eo</strong></span> <span class='ocrx_word' id='word_1_774' title='bbox 698 5518 910 5574; x_wconf 87' lang='lat' dir='ltr'><strong>quoque</strong></span> <span class='ocrx_word' id='word_1_775' title='bbox 955 5503 1154 5558; x_wconf 60' lang='lat' dir='ltr'><strong>saeculo</strong></span> <span class='ocrx_word' id='word_1_776' title='bbox 1212 5501 1506 5574; x_wconf 82' lang='lat' dir='ltr'><strong>habebatur</strong></span> <span class='ocrx_word' id='word_1_777' title='bbox 1530 5541 1546 5567; x_wconf 92' lang='lat'><strong>,</strong></span> <span class='ocrx_word' id='word_1_778' title='bbox 1584 5502 1736 5556; x_wconf 87' lang='lat' dir='ltr'><strong>verbi</strong></span> 
     </span>
    </p>
   </div>
   <div class='ocr_carea' id='block_1_114' title="bbox 166 5568 1736 5636">
    <p class='ocr_par' dir='ltr' id='par_1_114' title="bbox 166 5568 1736 5636">
     <span class='ocr_line' id='line_1_114' title="bbox 166 5568 1736 5636; baseline 0.005 -18"><span class='ocrx_word' id='word_1_779' title='bbox 166 5568 340 5634; x_wconf 77' lang='lat' dir='ltr'><strong>gratia,</strong></span> <span class='ocrx_word' id='word_1_780' title='bbox 372 5573 422 5624; x_wconf 91' lang='lat' dir='ltr'><strong>in</strong></span> <span class='ocrx_word' id='word_1_781' title='bbox 455 5568 791 5636; x_wconf 78' lang='lat' dir='ltr'><strong>mulieribus,</strong></span> <span class='ocrx_word' id='word_1_782' title='bbox 821 5568 979 5627; x_wconf 76' lang='lat' dir='ltr'><strong>unius</strong></span> <span class='ocrx_word' id='word_1_783' title='bbox 1028 5583 1235 5628; x_wconf 90' lang='lat' dir='ltr'><strong>tantum</strong></span> <span class='ocrx_word' id='word_1_784' title='bbox 1280 5572 1379 5626; x_wconf 90' lang='lat' dir='ltr'><strong>viri</strong></span> <span class='ocrx_word' id='word_1_785' title='bbox 1411 5572 1574 5626; x_wconf 90' lang='lat' dir='ltr'><strong>fuisse</strong></span> <span class='ocrx_word' id='word_1_786' title='bbox 1603 5586 1736 5626; x_wconf 63' lang='lat' dir='ltr'><strong>uxoo</strong></span> 
     </span>
    </p>
   </div>
   <div class='ocr_carea' id='block_1_115' title="bbox 169 5639 1736 5699">
    <p class='ocr_par' dir='ltr' id='par_1_115' title="bbox 169 5639 1736 5699">
     <span class='ocr_line' id='line_1_115' title="bbox 169 5639 1736 5699; baseline 0.006 -10"><span class='ocrx_word' id='word_1_787' title='bbox 169 5649 265 5691; x_wconf 85' lang='lat' dir='ltr'><strong>res.</strong></span> <span class='ocrx_word' id='word_1_788' title='bbox 297 5639 403 5696; x_wconf 88' lang='lat' dir='ltr'><strong>Suo</strong></span> <span class='ocrx_word' id='word_1_789' title='bbox 448 5643 595 5697; x_wconf 88' lang='lat' dir='ltr'><strong>enim</strong></span> <span class='ocrx_word' id='word_1_790' title='bbox 626 5658 740 5699; x_wconf 78' lang='lat' dir='ltr'><strong>:evo</strong></span> <span class='ocrx_word' id='word_1_791' title='bbox 784 5644 1173 5699; x_wconf 87' lang='lat' dir='ltr'><strong>Tertullianum</strong></span> <span class='ocrx_word' id='word_1_792' title='bbox 1229 5658 1351 5697; x_wconf 90' lang='lat' dir='ltr'><strong>cum</strong></span> <span class='ocrx_word' id='word_1_793' title='bbox 1399 5641 1736 5698; x_wconf 86' lang='lat' dir='ltr'><strong>Montanistis</strong></span> 
     </span>
    </p>
   </div>
   <div class='ocr_carea' id='block_1_116' title="bbox 169 5712 1735 5784">
    <p class='ocr_par' dir='ltr' id='par_1_116' title="bbox 169 5712 1735 5784">
     <span class='ocr_line' id='line_1_116' title="bbox 169 5712 1735 5784; baseline 0.005 -24"><span class='ocrx_word' id='word_1_794' title='bbox 169 5713 544 5780; x_wconf 87' lang='lat' dir='ltr'><strong>monogamiam</strong></span> <span class='ocrx_word' id='word_1_795' title='bbox 577 5712 627 5784; x_wconf 86' lang='lat' dir='ltr'><strong>in</strong></span> <span class='ocrx_word' id='word_1_796' title='bbox 675 5727 899 5784; x_wconf 89' lang='lat' dir='ltr'><strong>utroque</strong></span> <span class='ocrx_word' id='word_1_797' title='bbox 943 5730 1072 5770; x_wconf 82' lang='lat' dir='ltr'><strong>sexu</strong></span> <span class='ocrx_word' id='word_1_798' title='bbox 1109 5714 1457 5784; x_wconf 85' lang='lat' dir='ltr'><strong>requisivisse</strong></span> <span class='ocrx_word' id='word_1_799' title='bbox 1487 5715 1735 5768; x_wconf 91' lang='lat' dir='ltr'><strong>omnibus</strong></span> 
     </span>
    </p>
   </div>
   <div class='ocr_carea' id='block_1_117' title="bbox 169 5783 1729 5857">
    <p class='ocr_par' dir='ltr' id='par_1_117' title="bbox 169 5783 1729 5857">
     <span class='ocr_line' id='line_1_117' title="bbox 169 5783 1729 5857; baseline 0.006 -27"><span class='ocrx_word' id='word_1_800' title='bbox 169 5789 338 5836; x_wconf 91' lang='lat' dir='ltr'><strong>notum</strong></span> <span class='ocrx_word' id='word_1_801' title='bbox 356 5791 437 5837; x_wconf 88' lang='lat' dir='ltr'><strong>est</strong></span> <span class='ocrx_word' id='word_1_802' title='bbox 461 5797 525 5838; x_wconf 81' lang='lat' dir='ltr'><strong>ex</strong></span> <span class='ocrx_word' id='word_1_803' title='bbox 549 5783 667 5852; x_wconf 89' lang='lat' dir='ltr'><strong>ejus</strong></span> <span class='ocrx_word' id='word_1_804' title='bbox 689 5783 824 5840; x_wconf 88' lang='lat' dir='ltr'><strong>libro</strong></span> <span class='ocrx_word' id='word_1_805' title='bbox 846 5785 912 5842; x_wconf 91' lang='lat' dir='ltr'><strong>de</strong></span> <span class='ocrx_word' id='word_1_806' title='bbox 942 5783 1296 5857; x_wconf 78' lang='lat' dir='ltr'><strong>Monogamia.</strong></span> <span class='ocrx_word' id='word_1_807' title='bbox 1324 5784 1729 5840; x_wconf 85' lang='lat' dir='ltr'><strong>Observandum</strong></span> 
     </span>
    </p>
   </div>
   <div class='ocr_carea' id='block_1_118' title="bbox 1907 4537 3436 4607">
    <p class='ocr_par' dir='ltr' id='par_1_118' title="bbox 1907 4537 3436 4607">
     <span class='ocr_line' id='line_1_118' title="bbox 1907 4537 3436 4607; baseline 0.001 -14"><span class='ocrx_word' id='word_1_808' title='bbox 1907 4537 2566 4606; x_wconf 81' lang='lat' dir='ltr'><strong>Corrumperetveritatem.</strong></span> <span class='ocrx_word' id='word_1_809' title='bbox 2604 4537 2660 4591; x_wconf 88' lang='lat' dir='ltr'><strong>In</strong></span> <span class='ocrx_word' id='word_1_810' title='bbox 2724 4551 2849 4603; x_wconf 85' lang='lat' dir='ltr'><strong>ms.,</strong></span> <span class='ocrx_word' id='word_1_811' title='bbox 2900 4540 3243 4607; x_wconf 64' lang='lat' dir='ltr'><strong>praemittitur</strong></span> <span class='ocrx_word' id='word_1_812' title='bbox 3292 4555 3436 4607; x_wconf 88' lang='lat' dir='ltr'><strong>non;</strong></span> 
     </span>
    </p>
   </div>
   <div class='ocr_carea' id='block_1_119' title="bbox 1834 4609 2118 4668">
    <p class='ocr_par' dir='ltr' id='par_1_119' title="bbox 1834 4609 2118 4668">
     <span class='ocr_line' id='line_1_119' title="bbox 1834 4609 2118 4668; baseline -0.004 -5"><span class='ocrx_word' id='word_1_813' title='bbox 1834 4612 1927 4668; x_wconf 88' lang='lat' dir='ltr'><strong>sed</strong></span> <span class='ocrx_word' id='word_1_814' title='bbox 1960 4609 2118 4664; x_wconf 90' lang='lat' dir='ltr'><strong>male.</strong></span> 
     </span>
    </p>
   </div>
   <div class='ocr_carea' id='block_1_120' title="bbox 1906 4679 2621 4748">
    <p class='ocr_par' dir='ltr' id='par_1_120' title="bbox 1906 4679 2621 4748">
     <span class='ocr_line' id='line_1_120' title="bbox 1906 4679 2621 4748; baseline -0.007 -11"><span class='ocrx_word' id='word_1_815' title='bbox 1906 4683 2146 4737; x_wconf 86' lang='lat' dir='ltr'><strong>Peccata.</strong></span> <span class='ocrx_word' id='word_1_816' title='bbox 2176 4679 2234 4734; x_wconf 90' lang='lat' dir='ltr'><strong>In</strong></span> <span class='ocrx_word' id='word_1_817' title='bbox 2268 4693 2395 4743; x_wconf 88' lang='lat' dir='ltr'><strong>ms.,</strong></span> <span class='ocrx_word' id='word_1_818' title='bbox 2429 4687 2621 4748; x_wconf 82' lang='lat' dir='ltr'><strong>specta.</strong></span> 
     </span>
    </p>
   </div>
   <div class='ocr_carea' id='block_1_121' title="bbox 1904 4748 2724 4813">
    <p class='ocr_par' dir='ltr' id='par_1_121' title="bbox 1904 4748 2724 4813">
     <span class='ocr_line' id='line_1_121' title="bbox 1904 4748 2724 4813; baseline -0.009 -5"><span class='ocrx_word' id='word_1_819' title='bbox 1904 4754 2182 4808; x_wconf 84' lang='lat' dir='ltr'><strong>Adversus.</strong></span> <span class='ocrx_word' id='word_1_820' title='bbox 2216 4749 2272 4803; x_wconf 91' lang='lat' dir='ltr'><strong>In</strong></span> <span class='ocrx_word' id='word_1_821' title='bbox 2303 4765 2429 4813; x_wconf 92' lang='lat' dir='ltr'><strong>ms.,</strong></span> <span class='ocrx_word' id='word_1_822' title='bbox 2461 4748 2724 4801; x_wconf 82' lang='lat' dir='ltr'><strong>adversos.</strong></span> 
     </span>
    </p>
   </div>
   <div class='ocr_carea' id='block_1_122' title="bbox 1905 4842 2858 4912">
    <p class='ocr_par' dir='ltr' id='par_1_122' title="bbox 1905 4842 2858 4912">
     <span class='ocr_line' id='line_1_122' title="bbox 1905 4842 2858 4912; baseline -0.008 -10"><span class='ocrx_word' id='word_1_823' title='bbox 1905 4847 2158 4902; x_wconf 70' lang='lat' dir='ltr'><strong>Ai’terme.</strong></span> <span class='ocrx_word' id='word_1_824' title='bbox 2182 4844 2444 4899; x_wconf 85' lang='lat' dir='ltr'><strong>Heuman.</strong></span> <span class='ocrx_word' id='word_1_825' title='bbox 2471 4842 2599 4912; x_wconf 88' lang='lat' dir='ltr'><strong>legit</strong></span> <span class='ocrx_word' id='word_1_826' title='bbox 2619 4851 2858 4911; x_wconf 68' lang='lat' dir='ltr'><strong>paternas.</strong></span> 
     </span>
    </p>
   </div>
   <div class='ocr_carea' id='block_1_123' title="bbox 1909 4933 3422 5005">
    <p class='ocr_par' dir='ltr' id='par_1_123' title="bbox 1909 4933 3422 5005">
     <span class='ocr_line' id='line_1_123' title="bbox 1909 4933 3422 5005; baseline 0.001 -14"><span class='ocrx_word' id='word_1_827' title='bbox 1909 4939 2113 5002; x_wconf 89' lang='lat' dir='ltr'><strong>Pietati,</strong></span> <span class='ocrx_word' id='word_1_828' title='bbox 2145 4935 2201 4990; x_wconf 86' lang='lat' dir='ltr'><strong>In</strong></span> <span class='ocrx_word' id='word_1_829' title='bbox 2230 4951 2357 5000; x_wconf 90' lang='lat' dir='ltr'><strong>ms.,</strong></span> <span class='ocrx_word' id='word_1_830' title='bbox 2385 4935 2604 5005; x_wconf 84' lang='lat' dir='ltr'><strong>pietatis.</strong></span> <span class='ocrx_word' id='word_1_831' title='bbox 2637 4933 2826 4988; x_wconf 87' lang='lat' dir='ltr'><strong>Pietati</strong></span> <span class='ocrx_word' id='word_1_832' title='bbox 2847 4948 2996 5001; x_wconf 81' lang='lat' dir='ltr'><strong>vero,</strong></span> <span class='ocrx_word' id='word_1_833' title='bbox 3029 4934 3080 4988; x_wconf 93' lang='lat' dir='ltr'><strong>id</strong></span> <span class='ocrx_word' id='word_1_834' title='bbox 3127 4945 3230 5001; x_wconf 87' lang='lat' dir='ltr'><strong>est,</strong></span> <span class='ocrx_word' id='word_1_835' title='bbox 3266 4936 3422 4992; x_wconf 87' lang='lat' dir='ltr'><strong>beni-</strong></span> 
     </span>
    </p>
   </div>
   <div class='ocr_carea' id='block_1_124' title="bbox 1834 5007 2856 5087">
    <p class='ocr_par' dir='ltr' id='par_1_124' title="bbox 1834 5007 2856 5087">
     <span class='ocr_line' id='line_1_124' title="bbox 1834 5007 2856 5087; baseline -0.004 -23"><span class='ocrx_word' id='word_1_836' title='bbox 1834 5010 2046 5087; x_wconf 70' lang='lat' dir='ltr'><strong>gnitati,</strong></span> <span class='ocrx_word' id='word_1_837' title='bbox 2076 5007 2399 5087; x_wconf 39' lang='lat' dir='ltr'><strong>clem-cutim.</strong></span> <span class='ocrx_word' id='word_1_838' title='bbox 2705 5075 2718 5087; x_wconf 84' lang='lat'><strong>_</strong></span> <span class='ocrx_word' id='word_1_839' title='bbox 2773 5076 2784 5087; x_wconf 41' lang='grc' dir='ltr'><strong>ο</strong></span> <span class='ocrx_word' id='word_1_840' title='bbox 2824 5076 2856 5087; x_wconf 32' lang='grc' dir='ltr'><em>Α</em></span> 
     </span>
    </p>
   </div>
   <div class='ocr_carea' id='block_1_125' title="bbox 1905 5075 3425 5148">
    <p class='ocr_par' dir='ltr' id='par_1_125' title="bbox 1905 5075 3425 5148">
     <span class='ocr_line' id='line_1_125' title="bbox 1905 5075 3425 5148; baseline -0.001 -14"><span class='ocrx_word' id='word_1_841' title='bbox 1905 5077 2102 5134; x_wconf 69' lang='lat' dir='ltr'><strong>Bestia:</strong></span> <span class='ocrx_word' id='word_1_842' title='bbox 2122 5077 2304 5132; x_wconf 84' lang='lat' dir='ltr'><strong>malas.</strong></span> <span class='ocrx_word' id='word_1_843' title='bbox 2336 5076 2640 5148; x_wconf 88' lang='lat' dir='ltr'><strong>Tyrannos,</strong></span> <span class='ocrx_word' id='word_1_844' title='bbox 2672 5075 3086 5148; x_wconf 81' lang='lat' dir='ltr'><strong>christianortnn</strong></span> <span class='ocrx_word' id='word_1_845' title='bbox 3113 5089 3425 5143; x_wconf 80' lang='lat' dir='ltr'><strong>persecuto-</strong></span> 
     </span>
    </p>
   </div>
   <div class='ocr_carea' id='block_1_126' title="bbox 1834 5146 3432 5220">
    <p class='ocr_par' dir='ltr' id='par_1_126' title="bbox 1834 5146 3432 5220">
     <span class='ocr_line' id='line_1_126' title="bbox 1834 5146 3432 5220; baseline -0.001 -13"><span class='ocrx_word' id='word_1_846' title='bbox 1834 5167 1945 5216; x_wconf 89' lang='lat' dir='ltr'><strong>res,</strong></span> <span class='ocrx_word' id='word_1_847' title='bbox 1976 5151 2045 5206; x_wconf 86' lang='lat' dir='ltr'><strong>de</strong></span> <span class='ocrx_word' id='word_1_848' title='bbox 2073 5151 2266 5220; x_wconf 87' lang='lat' dir='ltr'><strong>quibus</strong></span> <span class='ocrx_word' id='word_1_849' title='bbox 2287 5146 2524 5220; x_wconf 79' lang='lat' dir='ltr'><strong>suprain</strong></span> <span class='ocrx_word' id='word_1_850' title='bbox 2557 5159 2669 5200; x_wconf 93' lang='lat' dir='ltr'><strong>not.</strong></span> <span class='ocrx_word' id='word_1_851' title='bbox 2713 5147 2778 5201; x_wconf 89' lang='lat' dir='ltr'><strong>ad</strong></span> <span class='ocrx_word' id='word_1_852' title='bbox 2810 5146 2970 5217; x_wconf 90' lang='lat' dir='ltr'><strong>hujus</strong></span> <span class='ocrx_word' id='word_1_853' title='bbox 3018 5149 3139 5203; x_wconf 89' lang='lat' dir='ltr'><strong>libri</strong></span> <span class='ocrx_word' id='word_1_854' title='bbox 3162 5158 3323 5212; x_wconf 82' lang='lat' dir='ltr'><strong>caput</strong></span> <span class='ocrx_word' id='word_1_855' title='bbox 3349 5150 3383 5203; x_wconf 75' lang='grc' dir='ltr'><strong>ξ).</strong></span> <span class='ocrx_word' id='word_1_856' title='bbox 3418 5167 3432 5205; x_wconf 90' lang='lat'><strong>:</strong></span> 
     </span>
    </p>
   </div>
   <div class='ocr_carea' id='block_1_127' title="bbox 1835 5218 2798 5278">
    <p class='ocr_par' dir='ltr' id='par_1_127' title="bbox 1835 5218 2798 5278">
     <span class='ocr_line' id='line_1_127' title="bbox 1835 5218 2798 5278; baseline -0.005 -2"><span class='ocrx_word' id='word_1_857' title='bbox 1835 5223 1903 5278; x_wconf 86' lang='lat' dir='ltr'><strong>Et</strong></span> <span class='ocrx_word' id='word_1_858' title='bbox 1929 5218 2112 5276; x_wconf 64' lang='lat' dir='ltr'><strong>bestias</strong></span> <span class='ocrx_word' id='word_1_859' title='bbox 2134 5221 2318 5274; x_wconf 82' lang='lat' dir='ltr'><strong>malas.</strong></span> <span class='ocrx_word' id='word_1_860' title='bbox 2349 5218 2413 5272; x_wconf 77' lang='lat' dir='ltr'><strong>Et</strong></span> <span class='ocrx_word' id='word_1_861' title='bbox 2438 5218 2591 5273; x_wconf 91' lang='lat' dir='ltr'><strong>deest</strong></span> <span class='ocrx_word' id='word_1_862' title='bbox 2620 5220 2673 5272; x_wconf 92' lang='lat' dir='ltr'><strong>in</strong></span> <span class='ocrx_word' id='word_1_863' title='bbox 2697 5233 2798 5272; x_wconf 92' lang='lat' dir='ltr'><strong>ms.</strong></span> 
     </span>
    </p>
   </div>
   <div class='ocr_carea' id='block_1_128' title="bbox 1907 5309 3039 5383">
    <p class='ocr_par' dir='ltr' id='par_1_128' title="bbox 1907 5309 3039 5383">
     <span class='ocr_line' id='line_1_128' title="bbox 1907 5309 3039 5383; baseline -0.004 -16"><span class='ocrx_word' id='word_1_864' title='bbox 1907 5313 2209 5383; x_wconf 79' lang='lat' dir='ltr'><strong>Magni/ica.</strong></span> <span class='ocrx_word' id='word_1_865' title='bbox 2243 5310 2376 5383; x_wconf 77' lang='lat' dir='ltr'><strong>Ms.,_</strong></span> <span class='ocrx_word' id='word_1_866' title='bbox 2399 5309 2800 5383; x_wconf 69' lang='lat' dir='ltr'><strong>magniﬁcentia,</strong></span> <span class='ocrx_word' id='word_1_867' title='bbox 2826 5309 3039 5364; x_wconf 81' lang='lat' dir='ltr'><strong>vitiose.</strong></span> 
     </span>
    </p>
   </div>
   <div class='ocr_carea' id='block_1_129' title="bbox 1921 5380 3432 5451">
    <p class='ocr_par' dir='ltr' id='par_1_129' title="bbox 1921 5380 3432 5451">
     <span class='ocr_line' id='line_1_129' title="bbox 1921 5380 3432 5451; baseline 0.003 -15"><span class='ocrx_word' id='word_1_868' title='bbox 1921 5380 2204 5438; x_wconf 70' lang='lat' dir='ltr'><strong>Viliterunt.</strong></span> <span class='ocrx_word' id='word_1_869' title='bbox 2233 5384 2278 5437; x_wconf 88' lang='lat' dir='ltr'><strong>A</strong></span> <span class='ocrx_word' id='word_1_870' title='bbox 2308 5381 2514 5436; x_wconf 81' lang='lat' dir='ltr'><strong>vilesco.</strong></span> <span class='ocrx_word' id='word_1_871' title='bbox 2539 5380 2596 5436; x_wconf 88' lang='lat' dir='ltr'><strong>In</strong></span> <span class='ocrx_word' id='word_1_872' title='bbox 2626 5397 2729 5436; x_wconf 87' lang='lat' dir='ltr'><strong>ms.</strong></span> <span class='ocrx_word' id='word_1_873' title='bbox 2753 5381 3023 5451; x_wconf 73' lang='lat' dir='ltr'><strong>viguerunt</strong></span> <span class='ocrx_word' id='word_1_874' title='bbox 3048 5397 3066 5435; x_wconf 92' lang='lat'><strong><em>:</em></strong></span> <span class='ocrx_word' id='word_1_875' title='bbox 3109 5382 3200 5437; x_wconf 90' lang='lat' dir='ltr'><strong>sed</strong></span> <span class='ocrx_word' id='word_1_876' title='bbox 3254 5383 3432 5440; x_wconf 91' lang='lat' dir='ltr'><strong>minus</strong></span> 
     </span>
    </p>
   </div>
   <div class='ocr_carea' id='block_1_130' title="bbox 1835 5455 1997 5511">
    <p class='ocr_par' dir='ltr' id='par_1_130' title="bbox 1835 5455 1997 5511">
     <span class='ocr_line' id='line_1_130' title="bbox 1835 5455 1997 5511; baseline -0.006 0"><span class='ocrx_word' id='word_1_877' title='bbox 1835 5455 1997 5511; x_wconf 90' lang='lat' dir='ltr'><strong>bene.</strong></span> 
     </span>
    </p>
   </div>
   <div class='ocr_carea' id='block_1_131' title="bbox 1917 5547 2415 5612">
    <p class='ocr_par' dir='ltr' id='par_1_131' title="bbox 1917 5547 2415 5612">
     <span class='ocr_line' id='line_1_131' title="bbox 1917 5547 2415 5612; baseline -0.002 -11"><span class='ocrx_word' id='word_1_878' title='bbox 1917 5547 2011 5601; x_wconf 86' lang='lat' dir='ltr'><strong>Ea.</strong></span> <span class='ocrx_word' id='word_1_879' title='bbox 2047 5547 2254 5612; x_wconf 90' lang='lat' dir='ltr'><strong>ln.ms.,</strong></span> <span class='ocrx_word' id='word_1_880' title='bbox 2282 5561 2415 5600; x_wconf 91' lang='lat' dir='ltr'><strong>eam.</strong></span> 
     </span>
    </p>
   </div>
   <div class='ocr_carea' id='block_1_132' title="bbox 1908 5634 3432 5705">
    <p class='ocr_par' dir='ltr' id='par_1_132' title="bbox 1908 5634 3432 5705">
     <span class='ocr_line' id='line_1_132' title="bbox 1908 5634 3432 5705; baseline 0.001 -13"><span class='ocrx_word' id='word_1_881' title='bbox 1908 5637 2247 5692; x_wconf 80' lang='lat' dir='ltr'><strong>Celebrcmus.</strong></span> <span class='ocrx_word' id='word_1_882' title='bbox 2292 5637 2383 5692; x_wconf 91' lang='lat' dir='ltr'><strong>Bis</strong></span> <span class='ocrx_word' id='word_1_883' title='bbox 2427 5636 2480 5690; x_wconf 87' lang='lat' dir='ltr'><strong>in</strong></span> <span class='ocrx_word' id='word_1_884' title='bbox 2514 5650 2615 5690; x_wconf 92' lang='lat' dir='ltr'><strong>ms.</strong></span> <span class='ocrx_word' id='word_1_885' title='bbox 2658 5634 2925 5705; x_wconf 86' lang='lat' dir='ltr'><strong>repetitur</strong></span> <span class='ocrx_word' id='word_1_886' title='bbox 2975 5635 3196 5690; x_wconf 86' lang='lat' dir='ltr'><strong>verbum</strong></span> <span class='ocrx_word' id='word_1_887' title='bbox 3247 5636 3432 5693; x_wconf 86' lang='lat' dir='ltr'><strong>istud:</strong></span> 
     </span>
    </p>
   </div>
   <div class='ocr_carea' id='block_1_133' title="bbox 1835 5705 3438 5778">
    <p class='ocr_par' dir='ltr' id='par_1_133' title="bbox 1835 5705 3438 5778">
     <span class='ocr_line' id='line_1_133' title="bbox 1835 5705 3438 5778; baseline 0.001 -14"><span class='ocrx_word' id='word_1_888' title='bbox 1835 5710 1960 5766; x_wconf 86' lang='lat' dir='ltr'><strong>ideo</strong></span> <span class='ocrx_word' id='word_1_889' title='bbox 1984 5708 2066 5763; x_wconf 89' lang='lat' dir='ltr'><strong>bis</strong></span> <span class='ocrx_word' id='word_1_890' title='bbox 2093 5708 2221 5762; x_wconf 90' lang='lat' dir='ltr'><strong>illud</strong></span> <span class='ocrx_word' id='word_1_891' title='bbox 2253 5707 2577 5773; x_wconf 90' lang='lat' dir='ltr'><strong>scribimus;</strong></span> <span class='ocrx_word' id='word_1_892' title='bbox 2605 5718 2659 5762; x_wconf 90' lang='lat' dir='ltr'><strong>et</strong></span> <span class='ocrx_word' id='word_1_893' title='bbox 2687 5721 2752 5762; x_wconf 89' lang='lat' dir='ltr'><strong>eo</strong></span> <span class='ocrx_word' id='word_1_894' title='bbox 2773 5705 2878 5761; x_wconf 88' lang='lat' dir='ltr'><strong>loci</strong></span> <span class='ocrx_word' id='word_1_895' title='bbox 2902 5720 3006 5761; x_wconf 90' lang='lat' dir='ltr'><strong>non</strong></span> <span class='ocrx_word' id='word_1_896' title='bbox 3031 5723 3218 5778; x_wconf 89' lang='lat' dir='ltr'><strong>parum</strong></span> <span class='ocrx_word' id='word_1_897' title='bbox 3237 5708 3303 5763; x_wconf 88' lang='lat' dir='ltr'><strong>ad</strong></span> <span class='ocrx_word' id='word_1_898' title='bbox 3326 5711 3438 5765; x_wconf 86' lang='lat' dir='ltr'><strong>ele-</strong></span> 
     </span>
    </p>
   </div>
   <div class='ocr_carea' id='block_1_134' title="bbox 1834 5780 2326 5851">
    <p class='ocr_par' dir='ltr' id='par_1_134' title="bbox 1834 5780 2326 5851">
     <span class='ocr_line' id='line_1_134' title="bbox 1834 5780 2326 5851; baseline -0.01 -15"><span class='ocrx_word' id='word_1_899' title='bbox 1834 5780 2070 5851; x_wconf 88' lang='lat' dir='ltr'><strong>gantiam</strong></span> <span class='ocrx_word' id='word_1_900' title='bbox 2100 5781 2326 5834; x_wconf 87' lang='lat' dir='ltr'><strong>confert.</strong></span> 
     </span>
    </p>
   </div>
  </div>
