3960 6370
533 347 640 404 275

1559 347 1867 409 FIRMIANI
1903 328 2270 412 LAC'i‘ANTli
2308 343 2751 414 FRAGMENTA.

3735 355 3840 416 Q76

537 443 963 518 misericordiam
1017 477 1166 516 suam
1213 471 1392 518 servet
1435 471 1693 538 aeternam
1747 463 1961 520 famulis
2007 461 2120 520 suis
2146 463 2200 528 Α
2223 463 2425 523 diaboli
2446 483 2474 520 a
2503 469 2699 538 populo
2718 483 2816 522 suo
2834 476 3050 535 arceat;
3077 477 3136 525 ut
3159 449 3519 526 ilorescentes
3548 449 3830 527 Ecclesias

530 555 794 626 propitias
824 570 885 609 ac
914 551 1090 617 mitis;
1124 563 1180 609 ιιι
1223 570 1412 611 omnes
1443 555 1667 612 insidias
1697 566 1853 627 atque
1883 559 2116 627 impetus

2225 570 2487 628 perpetua
2517 559 2698 630 quiete
2717 560 3006 616 custodiat.

1843 687 2201 753 VARIORUM
2237 695 2468 754 NOTAE.

599 836 893 890 Elimiam.
911 835 985 888 lla
1003 836 1120 908 lego
1132 853 1249 908 cum
1260 836 1415 908 erud.
1438 836 1716 908 Boherello
1735 836 1959 908 aliisque
1981 837 2110 908 viris

527 907 718 965 doctis.
752 923 847 976 pro
875 916 918 958 et
942 895 1236 976 tumr'qnnd
1260 901 1344 962 est
1371 907 1422 960 in
1443 922 1540 960 ms.
1573 907 1730 960 Forte
1750 895 1919 976 p'rinm
1941 907 2111 975 scrip-

528 989 636 1032 tum
673 973 790 1030 erat
822 987 868 1028 et
892 991 1030 1038 nam,
1055 973 1196 1039 quod
1223 973 1476 1031 breviatis
1509 977 1698 1031 litteris
1718 973 1801 1032 est
1821 973 2080 1030 retentant.

600 1047 664 1102 Ut
687 1048 1009 1118 ﬂoresccntes
1043 1047 1293 1100 Ecclesius
1326 1058 1568 1116 perpetua
1617 1049 1782 1118 quiete
1829 1049 2107 1102 custodiat.

524 1119 612 1175 Sic
643 1117 761 1188 lego
793 1117 932 1172 linnc
962 1118 1138 1173 locum
1169 1135 1199 1173 a
1229 1118 1446 1191 Baluzio
1497 1117 1636 1186 ipso
1661 1119 2004 1174 emendatum
2055 1118 2112 1172 in

2213 835 2390 912 indice
2419 821 2722 912 erratordn)
2755 850 2865 890 suae
2895 835 3176 912 editionis,
3201 837 3433 912 aliisque
3471 844 3604 904 post
3660 835 3830 912 illum.

2213 905 2269 960 In
2303 920 2402 958 ms.
2445 913 2551 972 est,
2583 915 2640 959 ut
2679 905 3000 975 ﬂoresce'utes
3049 905 3294 960 Ecclesiae
3342 905 3615 976 perpetuae
3672 909 3836 976 quiete

2213 976 2488 1038 custodiat,
2553 977 2846 1040 mendose;
2904 977 2989 1030 vel
3039 979 3204 1042 ﬂecte,
3249 976 3404 1041 juxta
3458 977 3750 1031 Heinsiuui
3782 988 3834 1033 et

2213 1045 2480 1119 Grgevium
2512 1046 2740 1119 legeres,
2784 1057 2839 1100 ut
2885 1048 3202 1117 ﬂorescentis
3232 1045 3488 1103 Ecclesia:
3528 1059 3838 1119 perpetuam

2213 1117 2438 1187 quietem
2467 1117 2743 1172 custodiat.

561 1292 3818 1321 mm

1050 1424 2191 1543 BACTAN'EII
2305 1419 3305 1538 FIBMIANI

1750 1607 2430 1708 FRAGMENTA
2468 1587 2581 1704 (³).

588 1837 629 1892 1.
671 1832 879 1904 Timor,
909 1838 1080 1902 amor,
1109 1831 1314 1902 laetitia,
1348 1824 1584 1899 tristitia,
1611 1826 1799 1899 libido,
1830 1831 2110 1899 concupis-

2223 1829 2409 1886 metris
2433 1829 2676 1887 versibus
2699 1817 2966 1889 consumi.
2991 1825 3167 1888 Nostri
3200 1835 3344 1890 enim
3375 1823 3602 1892 veteres
3626 1853 3837 1896 comoe-

525 1929 718 1994 eentia,
765 1930 864 1995 ira,
905 1929 1212 1994 miseratio,
1266 1926 1434 1992 zelus,
1481 1921 1785 1990 admiratio,
1835 1921 1888 1976 hi
1936 1921 2112 1976 motus
2143 1933 2191 1992 Β
2219 1919 2322 1974 dite
2350 1921 2644 1992 scriptorcs
2673 1921 2723 1976 in
2748 1921 3088 1979 modulandis
3112 1921 3306 1982 fabulis
3331 1925 3492 1998 sequi
3519 1929 3838 1987 maluerunt

521 2021 708 2085 animi,
741 2020 824 2074 vel
857 2017 1078 2074 aﬂ‘e‘ctus
1098 2033 1127 2072 a
1162 2016 1386 2072 Domino
1408 2016 1476 2070 ab
1507 2013 1656 2069 initio
1679 2011 1910 2068 hominis
1938 2012 2109 2065 cxsiS-

520 2121 642 2166 tunt
670 2109 894 2176 conditi,
919 2118 974 2163 ct
998 2119 1202 2164 naturze
1231 2099 1479 2162 humanae
1519 2101 1719 2160 utiliter
1739 2113 1793 2158 et
1825 2100 2112 2157 salubriter

519 2211 645 2257 sunt
675 2201 880 2268 inserti,
909 2211 968 2256 ut
1000 2217 1096 2270 per
1126 2215 1220 2254 eos
1247 2199 1493 2253 ordinate
1531 2206 1583 2250 et
1609 2193 1997 2250 rationabiliter
2027 2209 2111 2248 re-

517 2293 694 2364 gendo
715 2309 774 2347 se
802 2292 984 2360 homo,
1009 2291 1235 2346 virtutes
1255 2286 1424 2344 bonas
1450 2287 1678 2342 viriliter
1717 2285 1924 2354 agendo
1965 2274 2112 2338 citer-

516 2402 643 2443 cere
672 2370 860 2454 possit,
891 2401 987 2454 per
1007 2400 1140 2456 quas
1181 2400 1209 2437 a
1246 2381 1472 2438 Domino
1513 2391 1823 2452 perpetuam
1863 2377 2111 2446 accipere

515 2481 680 2535 vitam
703 2479 848 2550 juste
878 2477 1185 2533 meruisset.
1219 2459 1282 2531 iii
1313 2491 1542 2545 namque
1569 2471 1732 2528 animi
1770 2477 1946 2526 motus
1971 2471 2108 2523 intra

518 2570 655 2625 ﬁnes
684 2569 930 2639 proprios
951 2567 1227 2630 coarctati,
1261 2566 1362 2620 hoc
1389 2576 1472 2620 est
1508 2565 1558 2618 in
1589 2564 1724 2618 bona
1752 2569 1899 2632 parte
1927 2557 2106 2629 positi,

515 2661 570 2716 in
594 2655 848 2730 praesenti
876 2663 1098 2713 virtutes
1116 2658 1283 2712 bonas
1312 2665 1365 2710 et
1388 2656 1438 2710 in
1469 2654 1649 2710 futuro
1669 2663 1867 2708 aeterna
1890 2649 2106 2718 praemia

517 2762 743 2823 parant;
777 2761 929 2806 extra
953 2759 1124 2805 metas
1165 2765 1290 2804 vero
1331 2762 1456 2802 suas
1485 2745 1786 2806 aiﬂuenles,
1817 2741 1917 2798 hoc
1947 2750 2029 2797 est
2055 2741 2106 2796 itt

511 2845 709 2901 malam
736 2853 942 2914 partem
964 2842 1318 2906 declinantes,
1352 2839 1478 2894 vitia
1522 2840 1577 2892 cl.
1595 2836 1912 2906 iniquitates
1938 2833 2106 2888 exsis-

515 2944 640 2988 tunt
675 2943 729 2989 et
749 2941 976 2988 maternas
1009 2947 1196 3001 poenas
1229 2931 1462 2999 pariunt.
1491 2929 1558 2983 ν.
1590 2927 1860 2982 Muralorii
1885 2925 2102 2994 Antiqu.

510 3026 630 3082 ital.
665 3023 808 3080 med.
837 3024 934 3079 aevi
959 3035 1038 3086 ιιι,
1072 3039 1126 3092 p.
1151 3021 1277 3076 849.

588 3115 652 3170 ll.
693 3115 884 3170 Nostra
915 3128 1124 3184 quoque
1156 3113 1410 3167 memoria
1442 3110 1748 3166 Lactantius
1789 3108 1854 3162 de
1891 3106 2099 3171 metris,

511 3215 872 3278 pentameter,
906 3206 1098 3274 inquit,
1135 3213 1189 3259 et
1221 3209 1549 3256 tetrameter.
1591 3199 1806 3254 Maxim.
1839 3196 2097 3252 Victorin.

2219 2009 2485 2080 Enpoiim,
2503 2011 2798 2081 Cratinum,
2817 2007 3253 2084 Arism'pbancm,
3275 2025 3332 2070 nt
3353 2015 3652 2086 prtcl'atum
3691 2009 3795 2075 est.
3811 2042 3830 2074 ι

2215 2103 2514 2167 Mensuram
2544 2121 2664 2162 esse
2709 2107 2762 2160 in
2807 2087 3021 2173 i'abulis,
3154 2125 3206 2164 e.
3253 2111 3457 2190 μέτρον,
3490 2106 3746 2168 Terentii
3785 2123 3838 2170 et

2219 2194 2390 2249 Plauti
2417 2209 2480 2250 ac
2502 2206 2820 2252 cmlerorum
2843 2185 3171 2253 comi'co'rniii
3197 2201 3252 2255 'et
3282 2185 3622 2270 tragicorum
3651 2201 3838 2258 dicant

2215 2283 2290 2349 bi,
2320 2287 2530 2351 Cicero,
2583 2285 2838 2352 Scaurus,
2888 2287 3212 2345 Firmianus.
3247 2289 3480 2346 Rutinus
3512 2296 3838 2364 grammati-

2213 2389 2308 2431 cus
2334 2377 2400 2430 de
2425 2377 2610 2433 metris
2636 2380 2876 2444 comicis,
2911 2397 2960 2448 p.
2991 2368 3132 2434 2712
3162 2395 3210 2436 s.
3245 2369 3470 2437 Putscb.

2287 2468 2376 2524 IV.
2417 2469 2682 2526 Lactantii
2726 2475 2893 2526 nostri
2925 2491 3044 2540 qute
3074 2473 3125 2527 in
3157 2473 3319 2529 tertio
3354 2473 3422 2529 ad
3452 2457 3707 2534 Probum
3737 2491 3832 2535 Vc-

2216 2561 2419 2617 lumiue
2469 2562 2534 2618 de
2574 2562 2674 2618 hac
2711 2573 2872 2633 gente
2911 2561 3162 2636 opinatus
3197 2563 3267 2620 sit
3305 2567 3474 2622 verba
3531 2585 3829 2636 ponemus.

2213 2648 2368 2718 Galli,
2399 2649 2590 2722 inquit,
2639 2653 2930 2723 antiquitus
2973 2671 3000 2706 a
3030 2648 3268 2710 candore
3318 2657 3575 2726 corporis
3619 2645 3833 2715 Calida:

2211 2741 2686 2813 n'uncupabanlur;
2721 2754 2774 2800 et
2797 2734 2998 2816 Sibylla
3027 2746 3106 2800 sic
3143 2759 3238 2800 eos
3267 2747 3533 2816 appellat.
3559 2745 3734 2816 Quod
3764 2751 3836 2804 si-

2209 2829 2465 2904 gniﬁcare
2511 2833 2684 2891 voluit
2735 2846 2892 2906 poeta
2935 2850 3056 2890 cum
3108 2837 3182 2892 ait
3224 2831 3406 2892 :Tutn
3459 2831 3646 2896 lactea
3694 2841 3833 2898 colla

2209 2924 2354 2982 Auro
2383 2929 2726 2983 innectuntur
2743 2929 2914 3002 (Virg,
2939 2929 3068 2985 Eu.
3095 2946 3210 2994 vm,
3232 2929 3341 2988 660
3363 2932 3464 2997 5.),
3488 2949 3624 2990 cum
3647 2947 3835 3005 posset

2207 3020 2388 3074 dicere
2431 3012 2678 3074 candida.
2733 3021 2870 3074 lliuc
2916 3022 3098 3091 utique
3145 3019 3354 3078 Galatia
3405 3025 3740 3096 provincia,
3781 3029 3832 3083 in

2207 3105 2365 3183 quam
2395 3113 2531 3168 Galli
2561 3111 2848 3182 aliquando
2877 3113 3174 3182 venientes,
3203 3117 3325 3170 cuin
3352 3105 3573 3174 Graecis
3605 3123 3671 3176 Se
3705 3124 3836 3176 mis-

2205 3215 2453 3258 cuerunt.
2500 3201 2654 3259 Unde
2697 3204 2925 3274 primum
2952 3221 3016 3260 ea
3062 3203 3212 3287 regio
3259 3192 3660 3278 Gaiiograrcia,
3713 3209 3836 3282 post

511 3299 582 3356 de
601 3298 839 3354 carmine
862 3297 1098 3362 heroico,
1121 3310 1170 3350 c.
1191 3297 1243 3361 5,
1270 3310 1320 3363 p.
1347 3291 1504 3349 1957.
1526 3291 1742 3348 Putsch.
1767 3289 1860 3363 (cf.
1882 3291 2100 3346 Hieron.
2129 3312 2174 3372 ρ
2207 3293 2412 3350 Galatia
2441 3295 2710 3350 nominata
2739 3305 2840 3350 est.
2871 3295 2979 3351 Nec
3019 3298 3218 3351 mirum
3255 3299 3299 3352 si
3345 3298 3453 3354 hoc
3491 3301 3598 3357 ille.
3626 3303 3700 3358 de
3731 3304 3836 3359 Ga-

506 3389 668 3446 catai.
699 3404 748 3444 c.
781 3387 892 3443 80:
923 3386 1184 3442 habemus
1227 3393 1284 3441 et
1326 3386 1488 3440 alium
1519 3383 1738 3449 librum,
1780 3383 1869 3452 qui
1909 3381 2100 3436 iuScri-

505 3481 650 3537 bitur
674 3479 1113 3548 Grammaticus).

577 3573 664 3628 ΙΙΙ.
708 3573 1012 3628 Firmianus
1033 3570 1098 3625 ad
1129 3569 1361 3624 Probum
1392 3569 1460 3623 de
1488 3567 1676 3622 metris
1707 3565 2095 3622 comoediarum

503 3665 584 3722 sic
606 3665 736 3720 dicit
760 3681 774 3718 :
807 3683 827 3715 ι
851 3663 980 3718 Nam
1011 3661 1150 3732 quod
1178 3658 1246 3717 de
1292 3659 1478 3715 metris
1501 3659 1886 3714 comtediarnui
1918 3661 2094 3728 requi-

506 3755 647 3820 sisti,
689 3766 742 3810 et
789 3769 890 3824 ego
927 3752 1038 3808 seio
1087 3751 1344 3822 plurimos
1389 3749 1714 3814 existimare,
1744 3739 2096 3804 Terentianas

505 3849 592 3903 vel
636 3847 868 3901 maxime
892 3843 1098 3900 fabulas
1127 3855 1356 3899 metrum
1403 3857 1510 3897 non
1561 3841 1761 3897 habere
1815 3841 2094 3897 comoediae

506 3953 718 4010 graecae,
749 3938 783 3991 i.
812 3951 862 3992 e.
892 3936 1184 4001 Menandri,
1231 3933 1584 4000 Philemonis,
1619 3933 1834 4004 Diphili,
1875 3933 1964 4004 qui
1996 3935 2087 3989 tri-
2184 3965 2192 3969 -

577 4074 652 4147 (ι)
676 4073 1052 4147 Fragmentum
1068 4071 1136 4125 de
1147 4080 1388 4147 extremo
1402 4070 1599 4147 judicio
1614 4069 1824 4147 (Nullus
1835 4074 1914 4147 vel
1928 4085 2092 4147 negat

504 4139 598 4200 vel'
619 4139 917 4198 dubitat....
945 4155 1064 4194 esse
1093 4139 1361 4204 ventura),
1384 4140 1524 4208 quod
1548 4139 1734 4206 Steph.
1763 4139 2087 4199 Baluzins'iu

505 4233 556 4272 c.
586 4215 823 4270 Colbert.
855 4213 1014 4275 1095.
1043 4211 1184 4264 libro
1213 4225 1283 4264 vn
1314 4207 1706 4264 lnstitutiouum
1750 4207 2087 4282 subjnnctum

503 4289 785 4340 inverterat
827 4291 882 4338 et
926 4283 1200 4336 Lactantio
1229 4282 1506 4344 tribuerat,
1559 4281 1971 4348 Augttstini’est,
2020 4286 2088 4341 de

503 4357 664 4411 Civit.
699 4355 789 4408 Dei
816 4370 913 4414 xx,
937 4368 987 4407 c.
1017 4352 1104 4406 50.
1130 4351 1348 4421 Legitur
1367 4351 1527 4404 etiam
1557 4352 1608 4404 in
1631 4349 1946 4420 quibusdam
1967 4357 2087 4409 aliis

502 4426 663 4482 codd.
697 4435 752 4476 ut
793 4425 931 4478 Kell.
985 4422 1262 4489 Augustini
1311 4422 1524 4478 nomine
1563 4422 1770 4489 adjecto
1815 4422 1976 4490 idque
2007 4427 2086 4480 vir

503 4497 721 4564 quidam
755 4496 874 4563 pius
899 4493 1146 4564 subjecit,
1179 4503 1230 4545 ut
1273 4491 1438 4544 lector
1471 4494 1538 4547 ab
1563 4491 1836 4547 erroribus
1859 4494 2086 4551 Lactan-

503 4563 561 4621 tii
588 4565 654 4618 de
679 4579 843 4632 regno
870 4563 1168 4617 millenario
1196 4572 1429 4616 caveret.
1503 4631 1506 4632 ν
1807 4615 1815 4618 _

572 4631 798 4690 AdtluCti
842 4644 1095 4701 praeterea
1133 4632 1200 4685 de
1226 4633 1467 4700 epismlis
1497 4631 1757 4688 Lactantii
1789 4635 2086 4702 depertlitis

499 4706 615 4761 ha-c
644 4707 858 4776 Damasi
874 4713 934 4776 ret
969 4703 1277 4776 Hieronymi
1312 4704 1654 4776 testimonia;
1693 4721 1710 4776 ς
1740 4703 1936 4761 Fateor
1967 4709 2080 4776 tibi,

497 4793 591 4830 eos
618 4792 751 4846 quos
793 4775 921 4828 mihi
949 4774 1268 4846 jampridem
1291 4773 1578 4846 Lactantii
1608 4773 1832 4830 dederas
1877 4773 2080 4842 libros,

494 4849 616 4902 ideo
638 4839 748 4900 'non
782 4839 1012 4916 libenter
1043 4839 1181 4911 lego,
1213 4845 1334 4913 quia
1363 4853 1417 4896 et
1439 4839 1680 4916 plui'itnte
1702 4847 1943 4913 epistolae
1965 4839 2083 4916 ejus

2113 4538 2168 4598 D

2205 3387 2326 3441 latis
2350 3387 2566 3454 dixerit,
2599 3397 2654 3444 et
2676 3387 3036 3444 occidentales
3075 3390 3307 3460 populos
3340 3394 3507 3449 tantis
3555 3395 3616 3449 in
3653 3395 3834 3452 medio

2205 3487 2468 3534 terrarum
2495 3479 2683 3548 spatiis
2719 3481 3117 3550 prietermissis,
3152 3481 3207 3535 in
3236 3483 3469 3540 orientis
3500 3479 3674 3556 plaga
3706 3506 3836 3543 con-

2203 3570 2410 3625 sedisse
2435 3571 2765 3626 memorarit.
2795 3601 2864 3612 —
2895 3571 3204 3644 Hieronym.
3237 3587 3622 3633 commentae.
3659 3585 3714 3635 in
3743 3596 3831 3650 ep.

2201 3662 2267 3716 ad
2296 3661 2413 3718 Gal.
2447 3663 2484 3717 Ι.
2515 3679 2574 3730 ιι,
2601 3665 2738 3732 Up‘p.
2788 3665 2877 3719 ed.
2907 3663 3139 3720 Vallars.
3172 3681 3268 3731 vn,
3312 3668 3366 3729 Ι,
3411 3678 3466 3745 ρ..
3498 3669 3649 3727 426.
3685 3671 3835 3740 (Hie-

2200 3767 2318 3808 ron.
2361 3751 2429 3809 de
2460 3751 2588 3809 viris
2610 3753 2684 3809 ill.
2714 3769 2764 3810 c.
2797 3752 2904 3812 ϐυτ
2935 3755 3194 3813 habemus
3239 3757 3309 3814 ad
3334 3751 3592 3816 Probum
3627 3758 3838 3835 episto-

2199 3845 2372 3902 larum
2397 3847 2562 3903 libros
2591 3847 2866 3918 quatuor.)

2197 4079 2398 4134 lastieis
2439 4078 2606 4146 magis
2659 4087 2783 4130 sunt.
2811 4083 2955 4146 apta,
2985 4089 3147 4146 quam
3178 4076 3357 4140 nobis,
3401 4077 3474 4133 de
3524 4083 3741 4138 metris
3781 4093 3833 4137 ct

2193 4163 2470 4224 regionum
2480 4145 2594 4224 situ
2613 4155 2666 4200 et
2689 4145 3019 4224 philosophis
3051 4145 3507 4224 disputantia_(al.
3539 4152 3828 4224 disputan-

2193 4218 2376 4290 tibns).
2404 4239 2423 4272 ι
2454 4219 2690 4288 (Damas.
2719 4233 2804 4290 ep.
2827 4217 2893 4270 ad
2917 4217 3121 4290 _|_Iieron
3152 4233 3324 4290 xxxv.
3353 4217 3509 4290 Opp.
3545 4217 3711 4280 Hier.
3741 4225 3828 4278 ed.

2193 4287 2421 4342 Vallars.
2444 4305 2484 4353 ι,
2512 4293 2563 4363 1.
2593 4303 2644 4356 p.
2681 4288 2840 4363 1_:‘_i9)._
2864 4305 2882 4338 ι
2913 4287 3058 4363 Multi
3084 4300 3178 4357 per
3205 4287 3552 4363 imperitiam
3587 4297 3832 4363 scriptu-

2190 4373 2392 4425 rarum,
2425 4359 2564 4427 quod
2594 4369 2650 4413 et
2681 4358 2981 4412 Firuiianus
3011 4360 3062 4412 in
3093 4369 3287 4411 octavo
3315 4359 3595 4426 (Vallars.
3624 4358 3832 4420 rescri-

2190 4427 2268 4482 bit
2293 4431 2484 4500 altero)
2529 4429 2595 4484 ad
2629 4429 3025 4483 Demetrianhm
3073 4428 3428 4498 epistotarum
3460 4434 3622 4488 libro
3655 4438 3788 4490 I'acit
3811 4480 3824 4501 ,

2190 4510 2438 4554 asserunt
2483 4515 2563 4569 sp.
2595 4515 2640 4555 s.
2673 4505 2816 4566 saepe
2846 4509 3072 4566 patrem,
3107 4513 3251 4566 smpe
3279 4501 3458 4556 ﬁlium
3497 4508 3826 4568 nominari;

2191 4581 2244 4624 et
2281 4585 2401 4624 eum
2440 4572 2720 4647 perspicue
2741 4571 2793 4625 in
2825 4570 3062 4647 trinitate
3084 4571 3397 4647 credamus,
3429 4577 3677 4632 tertiam
3710 4593 3832 4647 per-

2192 4653 2379 4694 sonam
2405 4641 2731 4706 auferentes,
2766 4655 2871 4694 non
2905 4641 3258 4695 substantiam
3280 4642 3402 4711 ejus
3430 4647 3650 4702 volunt
3680 4641 3826 4710 esse,

2187 4711 2531 4783 sedAnomen.
2567 4729 2586 4763 ι
2623 4713 2867 4783 (Hieron.
2897 4711 2950 4764 in
2980 4725 3068 4780 ep.
3097 4711 3162 4764 ad
3191 4711 3311 4766 Gal.
3345 4728 3423 4778 tv,
3461 4716 3554 4783 6.,
3587 4721 3722 4772 add.
3755 4720 3824 4772 ei.

2185 4781 2251 4834 ad
2275 4781 2584 4854 Pammaeh.
2617 4792 2672 4854 et
2693 4781 2893 4854 Ocean.
2924 4796 3012 4854 ep.
3043 4797 3268 4837 Lxxxw.
3303 4783 3397 4854 ed.
3427 4781 3677 4844 Vallars
3704 4807 3743 4854 ι,
3773 4791 3824 4852 1.

2185 4866 2238 4921 p.
2280 4853 2406 4909 528.
2435 4853 2502 4906 de
2530 4869 2578 4906 ν.
2615 4853 2690 4906 ill.
2723 4867 2772 4906 c.
2797 4852 2866 4906 80
2893 4870 2905 4906 :
2931 4850 3261 4906 habemus...
3285 4853 3354 4907 ad
3379 4850 3823 4915 Demetrianum

492 4931 661 4986 usque
688 4916 754 4992 ad
785 4915 935 4968 mille
961 4916 1129 4992 spatia
1162 4929 1411 4967 versuum
1445 4913 1754 4992 tenduntur,
1785 4927 1840 4990 et
1867 4913 2084 4992 raro'de
2183 4913 2487 4980 auditorem
2513 4938 2668 4978 suum
2699 4923 3048 4992 epistolarum
3071 4922 3240 4978 libros
3269 4925 3463 4991 duos.)

488 4979 676 5040 nostro
697 4987 946 5052 dogmate
973 4979 1247 5056 disputant
1273 5001 1286 5036 :
1319 5000 1425 5053 quo
1453 4983 1538 5056 iit,
1557 4994 1611 5056 ut
1636 4995 1690 5037 et
1711 4979 1908 5056 legenti
1940 4989 2086 5042 tasti-

493 5057 638 5112 diutn
667 5045 890 5126 genéret
913 5045 1207 5124 longitudo,
1238 5045 1294 5110 et
1317 5045 1362 5108 εἴ
1393 5067 1496 5124 qua
1526 5045 1707 5111 brbvia
1749 5045 1893 5124 sunt,
1919 5059 2080 5114 selin-

3195 4995 3262 5050 υ.
3291 4993 3360 5050 F.
3386 4995 3753 5061 th'rzscu'e.

1068 5398 1152 5424 ,,
1677 5382 2179 5446 ---ωηο
