3960 6334
453 275 562 330 279

449 390 522 447 40
669 389 912 459 Vertice,
939 403 1060 462 qum
1092 395 1258 444 totum
1281 388 1508 459 despicit
1533 401 1638 442 una
1669 399 1894 442 nemus:

596 483 662 538 Et
686 496 943 538 conversa
975 495 1141 535 novos
1173 479 1360 535 Phoebi
1391 479 1663 534 nascentis
1689 477 1756 532 ad
1785 484 1969 544 ortus,

674 573 934 643 Expectat
963 571 1164 636 radios,
1189 579 1242 625 et
1263 571 1424 638 juliar
1443 571 1714 626 exoriens.

593 668 767 735 Atque
795 665 884 720 ubi
917 665 997 719 sol
1031 665 1234 735 pepulit
1262 663 1512 734 fulgentis
1539 663 1718 716 limina
1743 671 1909 732 portae
1928 703 1943 729 ,

677 759 744 813 Et
768 757 927 829 primi
956 756 1177 812 emicuit
1201 757 1417 810 luminis
1442 771 1568 811 aura
1597 755 1762 818 levis;

452 851 521 906 15
594 849 786 918 Incipit
815 849 907 902 illa
933 849 1072 903 sacri
1101 845 1462 902 modulamina
1491 845 1719 900 fundere
1746 851 1934 899 cantus
1957 885 1973 910 ,

673 939 740 994 Et
763 938 898 994 mira
927 938 1101 994 lucem
1129 951 1262 992 voce
1291 951 1510 992 movere
1535 951 1762 990 novam:

594 1035 763 1100 Quam
793 1047 891 1087 nec
923 1029 1172 1086 IEdonirc
1197 1045 1388 1094 voces,
1419 1044 1517 1083 nec
1548 1029 1674 1082 tibia
1707 1027 1876 1100 possit

667 1123 864 1178 Musica
894 1121 1166 1194 Cyrrhtcis
1196 1121 1496 1176 assiniilare
1527 1119 1719 1175 modis.

594 1215 700 1272 Sed
727 1231 903 1285 neque
919 1215 1289 1271 olormoriens
1309 1214 1504 1268 imitari
1539 1228 1696 1283 posse
1731 1220 1979 1283 putatur,

456 1307 527 1363 50
671 1306 780 1363 Nec
806 1307 1092 1378 Cyllenmm
1123 1306 1208 1360 fila
1231 1321 1426 1362 canora
1461 1305 1612 1376 lyrae.

605 1399 892 1468 Postquam
909 1397 1144 1454 Pliaabus
1156 1411 1323 1469 equos
1345 1397 1397 1451 in
1412 1405 1596 1466 aperta
1611 1394 1814 1451 refudit
1827 1395 2050 1466 olympi,

673 1488 848 1558 Atque
869 1489 1055 1545 orbem
1080 1497 1248 1542 totum
1273 1487 1496 1557 protulit
1523 1501 1692 1556 usque
1719 1501 1904 1541 means
1929 1501 1945 1550 ;

595 1577 690 1634 Illa
721 1589 798 1634 iter
817 1579 1022 1634 alarum
1050 1579 1281 1648 repetito
1307 1579 1530 1633 verbere
1563 1575 1770 1646 plaudit

673 1669 788 1725 Non
811 1670 1131 1726 errabilibus
1153 1679 1312 1724 nocte
1337 1668 1532 1738 dieque
1562 1669 1734 1722 souis.

454 1762 528 1818 53
599 1763 776 1832 Atque
798 1761 990 1818 eadem
1014 1761 1218 1816 celeres
1245 1759 1409 1816 etiam
1440 1760 1779 1814 discriminat
1807 1759 2002 1824 horas;

401 1841 412 1848 ’
683 1853 1076 1923 Iguiferumque
1102 1861 1262 1922 caput
1289 1861 1370 1906 ter
1399 1859 1674 1916 venerata,
1702 1850 1858 1904 silet:

597 1945 833 2000 Antistes
850 1959 1150 2008 nemorum,
1170 1951 1226 1998 et
1251 1943 1352 1997 luci
1373 1938 1674 1996 veneranda
1694 1940 1967 2006 sacerdos,

682 2035 748 2089 Et
772 2035 885 2089 sola
911 2035 1120 2089 arcanis
1150 2033 1388 2096 conscia,
1419 2031 1641 2096 Plimbe,
1671 2031 1808 2096 tuis;

601 2127 732 2192 Qua:
750 2134 1029 2195 postquam
1049 2125 1169 2179 vita:
1191 2125 1300 2193 jam
1333 2123 1480 2177 mille
1501 2122 1764 2191 peregerit
1781 2136 1970 2186 annos,

463 2215 534 2271 60
681 2217 758 2270 Ac
781 2231 840 2270 se
863 2215 1196 2271 reddiderint
1225 2225 1466 2283 tempora
1495 2213 1652 2282 longa
1681 2227 1902 2282 gravem
1927 2227 1943 2276 ;

603 2307 670 2364 Ut
697 2317 910 2378 reparet
931 2309 1136 2376 lapsum
1165 2308 1284 2362 fatis
1307 2307 1618 2375 urgentibus
1641 2320 1815 2358 :evum
1844 2345 1859 2369 ,

680 2401 894 2456 Assueti
926 2399 1166 2455 nemoris
1195 2399 1354 2453 dulce
1385 2397 1562 2452 cubile
1592 2395 1746 2465 fugit.

607 2489 850 2562 Cumque
874 2489 1193 2546 renascendi
1231 2489 1410 2544 studio
1439 2489 1555 2542 loca
1595 2497 1780 2541 sancta
1815 2487 2063 2556 reliquit;

685 2583 836 2638 Tunc
857 2583 988 2652 petit
1007 2581 1149 2636 hunc
1169 2581 1380 2646 orbem,
1414 2595 1558 2634 mors
1585 2579 1672 2634 ubi
1703 2591 1867 2648 regna
1889 2585 2051 2632 tenet.

1936 269 2248 328 ΗΚΕΝΙΧ.

2067 396 2124 458 Α
2143 387 2214 444 65
2291 387 2478 460 Dirigit
2505 391 2557 444 in
2581 390 2791 464 Syriam
2816 391 3024 448 celeres
3049 391 3290 464 longaeva
3311 393 3578 459 volatus;

2087 1775 2134 1836 Β

3665 275 3774 337 πθ

2367 480 2637 537 Phoenicis
2663 498 2858 538 nomen
2885 485 2972 538 cui
2999 483 3150 539 dedit
3177 485 3294 554 ipsa
3319 485 3514 541 Venus
3545 501 3565 552 ;

2290 571 2646 644 Secretosque
2676 575 2804 644 petit
2825 574 3042 630 deserta
3069 590 3166 645 per
3189 575 3309 630 avia
3337 576 3523 642 lucos,

2361 662 2458 718 llic
2487 665 2574 718 ubi
2605 680 2705 734 per
2726 665 2894 720 saltus
2915 665 3051 720 silva
3071 674 3282 722 remota
3315 666 3474 722 latet.

2292 753 2426 808 Tum
2455 755 2582 826 legit
2602 757 2752 812 aerio
2769 757 3056 812 sublimem
3083 757 3289 814 vertice
3319 758 3570 828 palmam
3589 801 3606 826 ,

2151 845 2220 900 70
2363 847 2493 914 Quin
2523 857 2734 917 gratum
2765 849 2992 906 Phoenix
3019 865 3084 905 ex
3112 864 3213 906 ave
3241 865 3448 906 nomen
3484 851 3693 916 habet;

2295 935 2362 991 Et
2383 953 2484 1006 qua
2515 939 2660 992 nulla
2688 955 2890 996 nocens
2913 941 3160 997 animans
3177 955 3544 1011 perrumpere
3575 943 3774 1012 possit,

2373 1028 2634 1083 Lubricus
2665 1039 2758 1084 aut
2783 1046 3030 1102 serpens,
3065 1041 3160 1086 aut
3187 1033 3304 1086 avis
3325 1033 3436 1087 ulla
3465 1048 3664 1102 rapax.

2294 1117 2430 1172 Tum
2456 1129 2646 1174 ventos
2675 1121 2874 1176 claudit
2903 1122 3264 1192 pendentibus
3295 1122 3496 1178 Eolus
3525 1125 3740 1190 antris,

2375 1208 2453 1262 Ne
2474 1209 2676 1264 violent
2703 1211 2890 1268 flabris
2917 1227 3042 1266 aera
3073 1228 3443 1283 purpureum;

2156 1300 2226 1355 75
2299 1300 2411 1356 Neu
2437 1314 2689 1358 concreta
2719 1303 2857 1360 Noto
2885 1305 3054 1360 nubes
3085 1321 3180 1375 per
3203 1307 3382 1360 inania
3413 1306 3548 1362 caeli

2372 1393 2720 1449 Summoveat
2745 1395 2926 1452 radios
2953 1395 3106 1462 solis,
3129 1405 3186 1451 et
3211 1397 3356 1453 obsit
3387 1398 3505 1454 avi.
3551 1464 3554 1466 γ

2301 1485 2575 1540 Construit
2627 1486 2751 1542 inde
2800 1487 2902 1542 sibi
2963 1502 3060 1543 seu
3115 1487 3300 1542 nidum
3335 1529 3351 1554 ,
3412 1489 3538 1544 sive
3595 1489 3788 1558 sepul-

3455 1579 3747 1652 ichruma

2381 1666 2510 1722 Nam
2544 1669 2703 1738 perit,
2735 1677 2794 1725 ut
2821 1670 2967 1725 vivat
2996 1688 3008 1724 :
3035 1684 3095 1726 se
3127 1679 3306 1726 tamen
3335 1671 3454 1741 ipsa
3483 1681 3675 1727 creat.

2301 1757 2516 1830 Colligit
2543 1763 2668 1816 hinc
2689 1775 2882 1817 succos
2899 1771 2956 1818 et
2981 1763 3200 1829 odores,
3238 1762 3408 1818 divite
3433 1763 3581 1818 silva

2163 1851 2234 1907 80
2377 1853 2522 1920 Quos
2539 1853 2668 1923 legit
2691 1855 2968 1926 Assyrius,
2993 1870 3128 1925 quos
3149 1857 3447 1926 opulentus
3478 1857 3710 1923 Arabs;

2307 1942 2456 2010 Quos
2485 1957 2578 1999 aut
2604 1946 2854 2017 Pyginea:
2882 1957 3094 2017 gentes,
3119 1957 3213 2002 aut
3235 1948 3387 2002 ludia
3415 1949 3633 2018 carpit,

2381 2041 2487 2092 Aut
2513 2039 2660 2093 molli
2689 2050 2911 2110 generat
2941 2050 3081 2096 terra
3109 2041 3300 2096 Sabina
3328 2043 3480 2096 sinu.

2303 2127 2560 2184 Cinnama
2609 2129 2840 2200 dehinc,
2900 2149 3198 2204 auramque
3259 2135 3452 2204 procul
3509 2135 3790 2204 spirantis

3489 2227 3750 2301 [amomi]

2379 2311 2654 2383 Congerit,
2687 2325 2742 2372 et
2767 2317 2928 2372 inisto
2954 2317 3196 2373 balsama
3219 2333 3344 2374 cum
3377 2319 3540 2376 folio.

2163 2399 2235 2456 85
2309 2399 2422 2456 Non
2446 2405 2604 2458 casia:
2631 2409 2798 2470 mitis,
2832 2422 2931 2462 uec
2953 2408 3152 2464 olentis
3183 2410 3364 2466 vimen
3395 2411 3660 2478 acanthi,

2384 2493 2492 2548 Nec
2523 2495 2695 2552 thuris
2717 2497 3028 2568 Iachrymae,
3059 2509 3322 2571 guttaque
3355 2502 3576 2574 pinguis
3607 2505 3790 2559 abest.

2323 2583 2415 2638 llis
2439 2585 2590 2641 addit
2617 2596 2828 2644 teneras
2856 2590 3008 2644 nardi
3041 2592 3294 2661 pubentis
3320 2595 3556 2660 aristas,

1793 2757 1806 2778 ,
1854 2712 2404 2775 ANNOTATIONES.

545 2855 700 2909 Vera.
723 2853 817 2908 40.
839 2813 1102 2923 Despicit.~
1115 2851 1250 2919 Quia
1279 2849 1678 2921 quodammodo
1700 2850 1819 2905 alia:
1844 2851 2068 2907 arbores

481 2924 608 2980 huic
629 2935 752 2978 sunt
776 2923 1079 2978 inferiores.

553 2993 706 3049 Vers.
735 2993 826 3048 44.
855 2995 998 3046 Aura
1025 2992 1164 3047 levis.
1192 2991 1283 3048 Sic
1306 2991 1528 3047 Ovidius
1553 3007 1567 3044 :

569 3125 632 3176 Et
653 3125 776 3176 levis
799 3125 1034 3189 impulsos
1055 3131 1193 3175 retro
1214 3123 1360 3174 dabat
1383 3136 1500 3173 aura
1520 3121 1736 3188 capillos.

553 3251 708 3306 Vers.
737 3249 827 3305 46.
865 3249 1084 3305 Movere.
1112 3249 1201 3306 Sic
1217 3263 1318 3303 ms.
1337 3247 1691 3318 Saugerman.
1717 3247 1856 3302 Editi
1875 3249 2074 3304 habent

478 3321 629 3376 ciere.
679 3321 892 3376 Variant
923 3332 1100 3376 tamen
1127 3319 1266 3374 libri.
1315 3317 1567 3374 Heinsius
1609 3319 1859 3390 opinatur
1889 3317 2074 3390 legen-

484 3393 612 3462 dum
645 3407 765 3446 esse
801 3396 990 3462 fouere.

557 3461 711 3516 Vers.
741 3459 832 3516 47.
887 3461 1056 3526 Quam
1091 3477 1180 3515 nec
1231 3459 1494 3513 ZEdonim.
1543 3459 1719 3514 Locus
1767 3467 2070 3528 corruptus.

485 3532 582 3587 Ms.
613 3535 963 3600 Sangermaii.
1010 3533 1169 3585 habet
1199 3530 1408 3584 [donem
1435 3547 1453 3600 ;
1485 3530 1611 3584 editi
1663 3532 1842 3600 legunt
1865 3529 2072 3584 Julww.

487 3603 558 3658 At
591 3599 745 3672 juxta
772 3603 1052 3672 Gallicum.
1101 3603 1386 3666 Ii‘ridericq
1414 3599 1798 3656 Gronovius’et
1825 3601 2076 3655 Heinsius

487 3671 910 3729 etnetiilaveruut
937 3671 1200 3727 1Edoniaa.

568 3744 716 3814 Vers.
748 3745 839 3814 48.
884 3743 1158 3814 Cyri-lueis.
1203 3741 1256 3796 Id
1286 3751 1391 3814 est,
1421 3741 1670 3814 Cpstaliis
1708 3740 1883 3814 modis
1913 3742 2078 3794 musi-

491 3815 590 3870 cis.
620 3813 704 3866 vel
743 3811 1008 3884 Musarum
1037 3823 1090 3866 et
1121 3813 1383 3884 Apollinis
1384 3829 1416 3884 ξ
1447 3811 1646 3882 Cyrrha
1689 3812 1952 3880 siquidem
1984 3828 2080 3880 op-

491 3885 674 3954 pidum
703 3893 784 3954 est
804 3883 1136 3954 adgradiccm
1163 3883 1360 3954 inmitis
1384 3883 1657 3935 Parnassi.

569 3954 719 4006 Vers.
753 3953 842 4005 50.
871 3951 1158 4022 Cyllenae.
1183 3953 1344 4018 Quasi
1375 3955 1516 4006 dicat
1545 3953 1874 4006 Mercurialis
1899 3992 1913 4014 ,

492 4023 785 4078 Mercurius
799 4023 1034 4092 Cylleum
1057 4034 1209 4076 natus
1233 4031 1334 4075 est.
1357 4023 1502 4092 illinc
1528 4023 1818 4076 Mercurius
1835 4023 1946 4091 ipse
1958 4023 2081 4090 Cyl-

502 4095 666 4148 lenius
686 4091 909 4160 vocatur
923 4107 952 4142 a
971 4093 1262 4146 Claudiano
1289 4107 1304 4144 I
1334 4091 1470 4145 libro
1499 4093 1568 4145 de
1599 4093 1771 4160 Raptu
1793 4093 2042 4159 Proserp.

577 4165 727 4216 Vers.
759 4163 847 4215 SI.
883 4158 1164 4230 Postquam
1197 4161 1420 4214 Phoebus
1464 4178 1616 4230 equos
1642 4203 1656 4227 ,
1684 4158 1805 4216 'etc.
1835 4160 1948 4214 Hoc
1977 4158 2080 4221 est,

499 4245 780 4304 postquam
821 4231 1455 4304 soisupralioriauntem
1493 4232 1756 4304 ascendit.
1803 4233 1876 4286 De
1907 4231 2082 4284 fabula

503 4301 814 4358 Phaetontis
840 4301 959 4371 vide
986 4301 1230 4356 Ovidium
1261 4303 1312 4354 iii
1341 4301 1692 4371 Metamtirpli.

581 4374 726 4426 Vers.
758 4373 847 4428 53.
879 4370 986 4424 Illa
1021 4385 1095 4424 ter
1121 4371 1366 4430 alarum.
1405 4381 1536 4433 etc.,
1567 4370 1735 4438 usque
1762 4371 1828 4426 ad
1865 4371 2084 4425 Antistes

503 4460 786 4498 nemorum.
825 4441 922 4495 Ms.
953 4443 1298 4512 Sangcrman.
1326 4442 1402 4496 sic
1431 4443 1554 4512 legit
1583 4435 1808 4512 quatuor
1839 4441 1942 4496 ista
1963 4458 2082 4496 car-
2111 4435 2164 4493 D

507 4517 683 4568 Initia:

599 4647 686 4696 Illa
710 4655 792 4710 terr
811 4647 997 4696 alarum
1021 4649 1238 4708 repetito
1264 4648 1478 4696 verbere
1501 4647 1704 4710 plaudit,

665 4709 1032 4771 Iguiferuuique
1052 4719 1195 4770 caput
1220 4717 1296 4758 ter
1321 4709 1573 4768 venerata,
1597 4711 1732 4759 silet.

599 4773 760 4834 Atque
785 4775 969 4834 eadem
982 4772 1179 4834 celeres
1201 4775 1346 4818 etiam
1367 4772 1670 4820 discriminat
1693 4773 1836 4820 horas

661 4833 768 4882 Non
792 4833 1086 4882 errabilibus
1111 4841 1252 4880 nocte
1277 4834 1458 4894 dieque
1486 4834 1638 4880 sonis.

505 4957 610 5014 Sed
643 4961 815 5012 minus
847 4959 1001 5020 bene,
1039 4967 1096 5009 ut
1125 4969 1268 5022 puto.
1303 4955 1499 5010 (ἔπιθι-εδ
1529 4959 1714 5024 horas;
1761 4959 1920 5013 horas
1949 4959 2092 5013 enim

509 5031 636 5083 solis
663 5030 886 5082 comites
910 5029 1030 5080 facit
1057 5027 1297 5080 ()iidius.

587 5099 736 5152 Vi-rs.
761 5099 848 5151 59.
870 5098 988 5147 Jaiit
1007 5098 1400 5167 titilleperegerit
1427 5115 1610 5152 annos.
1634 5099 1722 5154 Sic
1748 5099 1906 5154 etiam
1935 5098 2094 5151 Clau-

509 5169 698 5224 dianus
723 5168 788 5222 ad
821 5169 961 5220 mille
985 5181 1156 5219 annos
1187 5169 1346 5220 vitam
1379 5167 1652 5224 l’hmnicis
1683 5169 1946 5236 producit;
1983 5169 2092 5222 Pli-

511 5241 631 5292 nius
661 5254 786 5291 vero
813 5247 1016 5308 tantum
1050 5239 1112 5288 ad
1147 5237 1272 5301 600,
1301 5240 1542 5308 ﬂlliIIIIVi‘
1577 5241 1624 5293 id
1665 5239 1963 5292 fabulosum
1993 5255 2091 5308 pti-

509 5319 584 5363 tet
611 5325 624 5363 :
655 5309 740 5360 alii
774 5310 934 5362 etiam
965 5307 1268 5361 breviorem
1297 5307 1532 5363 statuunt
1565 5309 1870 5364 terminum.

579 5377 732 5432 Vers.
757 5377 842 5432 61.
875 5376 1096 5440 Lapsum
1117 5379 1264 5443 fatis.
1289 5380 1377 5434 Sic
1403 5381 1804 5434 eiiiendavimus
1824 5395 1945 5435 cum
1967 5378 2096 5434 Gal-

509 5447 611 5504 Ιωο
637 5461 690 5500 et
718 5463 784 5502 ex
809 5463 908 5500 ms.
950 5449 1400 5514 Sangerinaneusi
1423 5450 1582 5503 :editi
1615 5450 1879 5504 habebant
1901 5451 2090 5503 lassum

503 5521 681 5588 spatiis
710 5535 726 5570 :
753 5518 845 5570 sed
877 5520 992 5588 sine
1015 5533 1198 5570 Setisu.
1811 5545 1840 5566 θ.

575 5587 722 5640 Veis.
750 5588 838 5658 ti6.
877 5587 1060 5658 Venus.
1093 5590 1180 5642 Sic
1205 5589 1506 5643 Heumann.
1535 5590 1684 5658 legit.
1715 5591 1786 5644 Ea
1812 5591 1954 5645 culta
1977 5599 2094 5645 erat

495 5657 546 5710 in
570 5657 974 5726 Syriiphuaniee.
997 5655 1050 5710 In
1076 5659 1232 5710 editis
1253 5669 1336 5712 est
1363 5671 1520 5712 vetus.

567 5727 714 5779 ναι..
742 5729 829 5780 69.
869 5729 1148 5780 Sublimem
1181 5728 1438 5782 Palmam.
1471 5731 1638 5794 Quam
1671 5731 1918 5786 arborem
1949 5731 2088 5786 inter

1995 3951 2104 4009 uia.

2173 2869 2416 2996 ggzqizas
2441 2857 2544 2914 fert
2569 2837 2744 2932 Syria,
2771 2862 2977 2922 Plinius
3011 2875 3282 2934 numerat,
3305 2869 3520 2926 scilicet
3541 2871 3642 2928 lib.
3669 2885 3800 2942 xm,

2251 2996 2514 3076 ναι-δίη.
2545 3001 2609 3054 Et
2625 3019 2726 3072 qua
2753 3007 2896 3076 nulla
2927 3021 3112 3060 nocens
3141 3008 3406 3076 animans,
3439 3018 3550 3066 etc.
3577 3011 3676 3071 Sic
3700 3013 3806 3070 lia-

2097 3056 2142 3119 C
2175 3063 2265 3122 bet
2288 3085 2386 3124 ins.
2411 3056 3466 3151 saga-iiii...astringiealegati?

2269 3181 2422 3238 Quam
2443 3194 2534 3231 nec
2554 3183 2712 3235 dente
2734 3199 2916 3236 nocens
2939 3187 3116 3236 animal
3142 3201 3477 3255 perrumpere
3503 3195 3692 3257 possit.

2177 3281 2438 3338 Heuman.
2467 3301 2618 3354 vero,

2271 3394 2326 3444 In
2349 3409 2494 3458 quam
2519 3397 2650 3448 nulla
2673 3411 2860 3450 nocens
2883 3403 3104 3452 animans
3125 3415 3461 3468 perrumpere
3489 3411 3658 3470 possit
3673 3451 3690 3474 ,

2179 3510 2298 3552 cum
2330 3499 2488 3556 editis
2513 3501 2670 3581 1472,
2703 3504 2862 3571 1478,
2895 3506 3033 3560 1515
3055 3517 3108 3560 et
3129 3509 3289 3576 1515,
3311 3511 3461 3581 quod
3491 3517 3812 3574 concordat

2179 3581 2299 3622 cum
2327 3583 2505 3626 nostra
2529 3574 2779 3628 lectione.

2253 3641 2405 3716 yers.
2440 3643 2788 3716 74λινιαιινίε.
2817 3643 2874 3698 ld
2905 3655 3007 3712 est,
3038 3649 3268 3716 ﬂatibus.

2253 3709 2473 3794 Ibidem.
2511 3711 2834 3782 Purpureum
2865 3709 3006 3772 aera.
3038 3709 3218 3777 'Forte
3269 3721 3532 3794 intelligit
3573 3729 3816 3784 matuti-

2183 3783 2489 3852 naslioras.
2523 3799 2656 3852 quas
2685 3801 2932 3840 auroram
2968 3803 3243 3845 vocamus.

2261 3851 2410 3935 δίῳ-β.
2443 3851 2722 3935 75._'Noto.
2757 3855 2958 3935 Ventus
2980 3860 3082 3912 iste
3121 3862 3294 3917 nubes
3319 3863 3554 3935 colligit.
3593 3867 3812 3927 Verum

2183 3935 2211 3972 a
2247 3921 2418 3993 Plinio
2445 3933 2708 3978 :usluosus
2729 3929 3050 3993 appellatur.

2231 3991 2478 4076 Ill)l(i(.‘lll.
2516 3995 2616 4048 Per
2640 3991 2815 4050 inania
2843 3999 2976 4052 caeli.
3019 3999 3072 4054 Id
3113 4009 3218 4069 est,
3257 4005 3496 4060 mediam
3529 4011 3690 4067 aeris
3725 4029 3816 4070 re-

2189 4077 2424 4130 gmiiem.

2227 4223 2238 4232 _
2262 4153 2409 4208 Vcrs.
2429 4155 2528 4235 _77.
2576 4157 2902 4235 Sepulcrum.
2934 4161 3006 4216 De
3029 4165 3279 4232 sepulcro
3307 4167 3452 4235 quod
3487 4170 3598 4226 sibi
3635 4173 3814 4232 Plite-

2187 4227 2276 4276 nix
2303 4227 2507 4290 condit,
2543 4228 2660 4282 vide
2687 4230 3035 4286 (llaiidiautini
3066 4227 3117 4288 in
3149 4227 3426 4308 Epigram.
3457 4240 3544 4296 liis
3581 4227 3810 4318 verbis:

2285 4339 2518 4412 Arentes
2533 4341 2714 4412 tepidis
2734 4341 2798 4390 de
2818 4343 3026 4412 collibus
3049 4343 3418 4412 eligitberbas,

2281 4399 2340 4474 Et
2362 4399 2604 4474 cumulum
2631 4411 2809 4474 texens
2833 4409 3047 4474 pretiosa
3071 4399 3242 4458 fronde
3268 4399 3522 4474 Saba-'um,

2285 4461 2552 4524 Componit,
2577 4461 2869 4528 bustumque
2896 4469 2986 4516 sibi
3009 4479 3297 4532 partumque
3319 4461 3566 4525 futurum.

2195 4566 2420 4692 ti":ers.
2453 4571 2538 4626 80.
2570 4571 2856 4642 Opttlenms
2884 4575 3067 4629 Arabs.
3101 4575 3192 4632 Sic
3219 4577 3286 4634 de
3313 4579 3598 4638 Arabibus
3633 4583 3824 4644 Ilora-

2283 4725 2398 4800 Otia
2421 4753 2601 4804 divitiis
2625 4753 2837 4806 Arabum
2863 4756 3116 4810 liberrima
3141 4769 3326 4813 cantat.

2196 4855 2250 4911 Id
2287 4867 2460 4910 tamen
2494 4857 2727 4926 intelligo
2756 4859 2824 4912 de
2851 4859 3043 4913 Arabia
3079 4863 3238 4917 felici.

2275 4927 2803 5012 Vers.§1.“Pygn'ieaz
2827 4941 3018 5012 gentes:
3045 4931 3191 5012 Qiias
3218 4942 3433 5012 veteres
3451 4937 3698 5008 quidam
3731 4959 3830 5012 po-

2198 5009 2328 5050 nunt
2367 4999 2416 5050 in
2449 4997 2590 5050 India
2617 5040 2632 5061 ,
2673 4999 2762 5078 alii
2805 4997 2940 5078 ultra
2987 4997 3236 5057 Arabiam
3269 5023 3284 5058 :
3317 5008 3414 5060 sed
3447 4997 3577 5078 qua:
3609 5013 3688 5066 de
3727 4997 3830 5071 hac

2195 5081 2366 5138 gente'
2385 5079 2666 5122 narrantur
2687 5067 2876 5124 fabula:
2903 5081 3050 5125 stitit.

2275 5159 2420 5213 Vers.
2446 5161 2536 5213 89...
2564 5159 2723 5214 Terra
2753 5160 2918 5214 δοῦρα
2935 5163 3071 5218 sinu.
3099 5163 3188 5218 Sic
3213 5164 3410 5235 Virgil.
3431 5168 3532 5224 lib.
3561 5187 3582 5226 ι
3611 5174 3828 5247 Georg.

2289 5265 2423 5314 India
2447 5267 2592 5316 mittit
2616 5267 2758 5326 eliur,
2783 5267 2957 5317 molles
2979 5281 3068 5317 sua
3092 5273 3232 5322 thura
3257 5273 3438 5324 Sabaei.

2195 5437 2233 5494 S
2271 5368 2551 5491 Vers.n83.
2595 5367 2864 5424 Ciunama.
2899 5371 3124 5426 Versum
3177 5373 3340 5429 istum
3391 5379 3476 5434 sic
3521 5381 3669 5454 legit
3723 5403 3832 5444 ms.

2237 5455 2416 5494 augeri
2465 5457 2507 5490 ιζ

2237 5455 2507 5507 angerin.:

2287 5551 2572 5600 Ciunamum
2593 5552 2672 5602 liic
2697 5555 2898 5617 avisque
2924 5555 3090 5618 procul
3113 5558 3347 5620 spirantis
3371 5567 3583 5616 amomi.

2275 5655 2402 5709 Vers
2556 5657 2721 5710 Casia:
2751 5661 3074 5716 mitisJJasia
3095 5673 3340 5722 veterum
3367 5683 3482 5727 non
3513 5673 3731 5734 eadem
3753 5689 3832 5736 est

2284 5741 2440 5778 I‘GCCII
2471 5743 2662 5778 IOI'lIIII.

2195 5741 2258 5782 ac
2284 5741 2662 5780 TGCCIIIIOI'UIII.
