3960 6384
539 315 646 382 287

1983 317 2070 378 DE
2099 319 2386 378 PASCHA.

681 435 898 507 Subque
928 431 1134 507 hyemis
1164 442 1377 506 tempus
1420 433 1670 492 foliorum
1715 434 1864 492 crine
1905 435 2084 492 refuso
2103 475 2120 504 ,
2150 439 2198 499 Α
2227 437 2422 493 Tristia
2452 443 2734 493 cessarunt
2763 433 2992 493 infernae
3020 431 3236 492 vincula
3267 429 3442 506 legis;

755 529 870 584 Jam
899 537 1112 598 reparat
1133 529 1369 584 viridans
1397 529 1616 584 frondea
1645 539 1780 586 tecta
1809 545 2017 586 nemus.

681 620 838 675 Mixta
864 621 996 674 salix
1018 661 1033 688 ,
1063 619 1234 688 abies,
1265 621 1481 692 corylus
1503 663 1516 688 ,
1545 622 1672 676 siler
1692 661 1708 688 ,
1738 623 1949 685 ulmus,
1983 635 2129 686 acer,

1880 710 2056 785 [πυκν]

759 801 971 858 Plaudit
998 817 1225 872 quteque
1251 805 1364 859 suis
1391 803 1554 859 arbor
1590 819 1801 859 amoena
1829 803 2019 857 comis.

542 891 614 950 25
686 895 1070 951 Constructnra
1103 894 1251 950 favos
1280 898 1397 966 apis
1441 895 1567 952 hinc
1595 896 1825 952 alvearia
1856 897 2126 966 linquens,

755 985 1003 1040 Floribus
1031 987 1376 1056 instrepitans
1405 987 1608 1057 poplite
1638 987 1795 1042 mella
1823 988 1982 1057 rapit.

631 1143 650 1156 ε
677 1075 757 1130 Ad
787 1086 976 1131 cantus
1006 1086 1288 1133 revocatur
1322 1079 1459 1144 avis,
1489 1095 1634 1148 quae,
1658 1080 1895 1134 carmine
1921 1078 2125 1145 clauso,

759 1166 968 1236 Pigrior
992 1165 1235 1239 byberno
1261 1168 1456 1238 frigore
1483 1177 1626 1222 muta
1659 1167 1774 1222 fuit.

681 1257 818 1314 Hinc
845 1259 1142 1314 Philomela
1175 1261 1286 1314 suis
1317 1267 1636 1330 attemperat
1664 1271 1862 1330 organa
1901 1260 2084 1314 cannis
2112 1275 2126 1324 ;

541 1349 612 1406 30
756 1350 946 1421 Fitque
976 1366 1296 1421 repercusso
1321 1351 1529 1407 dulcior
1557 1368 1687 1407 aura
1719 1353 1880 1406 melo.

679 1441 822 1498 Ecce
849 1445 1180 1498 renascentis
1210 1453 1436 1498 testatur
1465 1445 1632 1514 gratia
1663 1444 1872 1510 mundi,

750 1535 938 1589 Omnia
967 1551 1089 1592 cum
1114 1536 1333 1592 domino
1359 1537 1496 1592 dona
1527 1537 1736 1594 redisse
1761 1553 1878 1592 suo.

681 1628 918 1698 Namque
949 1631 1297 1698 triumphanti
1331 1641 1451 1700 post
1480 1631 1649 1686 tristia
1682 1639 1880 1685 tartara
1911 1628 2129 1686 Christo

757 1719 1004 1790 Undique
1027 1720 1217 1776 fronde
1247 1737 1466 1786 nemus,
1497 1722 1740 1792 gramina
1761 1721 1896 1777 ﬂore
1923 1721 2124 1778 favent.

2303 529 2632 599 Expavitque
2661 527 2827 584 chaos
2857 528 3075 584 luminis
3104 541 3200 582 ore
3231 527 3426 596 premi.

2230 618 2536 689 Depereant
2565 621 2801 676 tenebrae
2831 619 3033 674 Christi
3067 619 3279 689 fulgore
3309 618 3512 690 fugatae
3551 633 3566 671 :

2299 709 2538 766 Eternte
2568 712 2740 766 noctis
2772 711 2933 782 pallia
2963 724 3148 766 crassa
3177 709 3408 764 cadunt.
3833 755 3840 762 .

2229 799 2298 858 65
2322 803 2618 858 Sollicitam
2642 804 2737 858 sed
2759 802 2926 858 redde
2949 801 3138 868 fidem,
3163 816 3380 872 precor,
3406 800 3558 856 alma
3585 805 3842 870 potestas.

2300 893 2477 948 Tertia
2510 894 2599 948 lux
2629 894 2788 949 rediit
2822 911 2836 950 :
2865 908 3026 964 surge
3047 935 3061 956 ,
3093 891 3306 963 sepulto
3336 905 3516 945 meus.

2227 981 2342 1038 Non
2373 984 2527 1039 decet
2559 993 2614 1040 ut
2643 985 2733 1038 vili
2767 985 2972 1038 tumulo
2997 993 3084 1038 tua
3109 983 3352 1037 membra
3387 989 3696 1052 tegantur;

2298 1073 2414 1129 Non
2449 1075 2679 1143 pretium
2711 1075 2898 1129 mundi
2930 1075 3058 1128 vilia
3090 1087 3219 1127 saxa
3252 1082 3528 1142 premant.

2227 1164 2506 1235 Indignum
2537 1179 2649 1232 est,
2681 1167 2834 1236 cujus
2863 1165 3191 1222 clauduntur
3220 1175 3418 1220 cuncta
3454 1163 3714 1236 pugillo,

2228 1258 2300 1312 70
2329 1258 2394 1314 Ut
2424 1267 2564 1326 tegat
2593 1261 2856 1315 inclusum
2889 1274 3024 1329 rupe
3051 1267 3270 1314 vetante
3301 1257 3464 1327 lapis.

2229 1348 2414 1404 Lintea
2447 1351 2601 1416 tolle,
2639 1366 2865 1422 precor;
2898 1350 3113 1406 sudaria
3146 1349 3332 1416 linque
3362 1347 3634 1418 sepulcro
3669 1363 3685 1401 :

2299 1441 2378 1494 Tu
2409 1441 2538 1496 satis
2568 1457 2628 1498 es
2658 1443 2852 1508 nobis;
2884 1453 2941 1497 et
2969 1442 3088 1496 sine
3121 1450 3174 1496 te
3205 1439 3342 1494 nihil
3371 1447 3481 1494 est.

2229 1531 2396 1588 Solve
2423 1542 2701 1588 catenatas
2735 1531 2930 1590 inferni
2959 1534 3197 1588 carceris
3229 1533 3488 1599 umbras,

2301 1623 2370 1678 Et
2399 1638 2591 1680 revoca
2621 1639 2832 1680 sursum
2863 1625 3119 1696 quicquid
3151 1619 3220 1678 ad
3255 1624 3359 1678 ima
3393 1625 3530 1678 ruit.

2227 1715 2298 1772 75
2327 1715 2512 1772 Redde
2544 1727 2688 1784 tuam
2719 1717 2909 1773 faciem
2929 1760 2946 1786 ,
2979 1717 3200 1773 videant
3230 1725 3288 1772 ut
3317 1715 3523 1772 saecula
3557 1715 3776 1782 lumen;

534 1809 605 1866 55
677 1809 907 1880 Legibus
929 1793 1124 1867 inferni
1155 1813 1458 1882 oppressis,
1499 1829 1662 1882 super
1686 1823 1829 1868 astra
1857 1821 2123 1869 meantem
2155 1807 2202 1866 B
2298 1808 2486 1864 Redde
2514 1810 2656 1865 diem
2681 1852 2694 1876 ,
2726 1811 2816 1882 qui
2851 1825 2951 1865 nos
2971 1852 2986 1877 ,
3019 1818 3072 1866 te
3104 1811 3412 1878 moriente,
3449 1810 3618 1881 fugit.

751 1905 995 1960 Laudant
1021 1905 1124 1961 rite
1155 1906 1323 1960 Deum
1357 1905 1442 1960 lux
1461 1947 1478 1973 ,
1509 1906 1663 1974 polus
1683 1948 1701 1972 ,
1727 1920 1884 1971 arva,
1910 1906 2124 1960 fretum.

683 1995 784 2063 Qui
803 1996 1094 2052 crucifixus
1119 2005 1257 2062 erat,
1287 1997 1426 2052 Deus
1449 2011 1576 2070 ecce
1599 2013 1694 2066 per
1719 2000 1896 2051 omnia
1921 2005 2126 2067 regnat;

753 2088 997 2160 Dantque
1025 2089 1254 2144 creatori
1283 2099 1474 2144 cuncta
1501 2099 1678 2144 creata
1709 2103 1943 2158 precem.

679 2177 838 2234 Salve
856 2219 872 2246 ,
906 2179 1044 2235 festa
1071 2179 1216 2247 dies,
1252 2189 1366 2235 toto
1391 2179 1711 2234 venerabilis
1739 2193 1860 2232 aevo
1879 2218 1896 2244 ,

537 2269 608 2325 40
637 2269 753 2339 Qua
780 2271 922 2326 Deus
953 2271 1220 2326 infernum
1249 2270 1380 2326 vicit
1408 2279 1464 2325 et
1491 2279 1633 2324 astra
1665 2278 1830 2324 tenet.

545 2361 812 2416 Mobilitas
841 2362 966 2416 anni
988 2403 1001 2427 ,
1035 2377 1280 2417 mensum
1302 2401 1318 2427 ,
1351 2361 1442 2415 lux
1473 2361 1614 2415 alma
1646 2360 1854 2416 dierum
1881 2403 1897 2426 ,

611 2451 874 2507 Horarum
905 2449 1434 2522 splendor,'stridula
1465 2461 1658 2506 cuncta
1684 2450 1883 2505 favent.

541 2543 679 2600 Hinc
711 2545 805 2600 tibi
837 2545 988 2617 sylva
1036 2546 1242 2612 comis,
1275 2545 1399 2600 hinc
1429 2546 1636 2613 plaudit
1665 2559 1884 2614 campus
1912 2544 2126 2610 aristis;

611 2636 744 2690 Hinc
771 2647 952 2706 grates
983 2636 1145 2691 tacito
1177 2637 1394 2705 palmite
1421 2635 1546 2690 vitis
1572 2636 1701 2705 agit.

535 2725 606 2782 45
635 2725 770 2782 Hinc
802 2726 897 2782 tibi
929 2741 1074 2782 nunc
1103 2727 1284 2781 avium
1331 2734 1590 2781 resonant
1617 2725 1844 2796 virgulta
1873 2739 2126 2792 susurro;

608 2818 714 2872 llas
745 2817 885 2872 inter
914 2817 1082 2874 nimio
1109 2831 1295 2888 passer
1314 2832 1501 2873 amore
1521 2817 1686 2871 canit.

537 2908 754 2966 Christe
774 2911 920 2965 salus
941 2927 1141 2983 rerum,
1167 2911 1310 2966 bone
1331 2911 1580 2966 conditor
1609 2918 1770 2981 atque
1797 2909 2126 2981 redemptor,

612 3003 776 3059 Unica
809 3005 1095 3074 progenies
1125 3019 1188 3059 ex
1221 3003 1420 3059 deitate
1448 3003 1616 3074 patris
1640 3044 1656 3068 ,

538 3094 943 3149 lrrecitabiliter
973 3109 1196 3148 manans
1225 3093 1294 3150 de
1322 3093 1485 3150 corde
1515 3093 1752 3164 parentis
1773 3134 1789 3160 ,

535 3183 607 3240 50
645 3185 881 3240 Verbum
912 3185 1212 3240 subsistens
1238 3226 1252 3250 ,
1283 3194 1337 3238 et
1369 3185 1536 3254 patris
1563 3199 1658 3240 ore
1689 3193 1913 3253 potens,

541 3277 822 3349 Equalis,
856 3291 1116 3344 concors,
1149 3279 1327 3332 socius
1347 3319 1360 3344 ,
1394 3294 1514 3333 cum
1541 3287 1688 3348 patre
1717 3267 1968 3346 coaevus:

609 3370 728 3436 Quo
757 3369 984 3438 sumpsit
1011 3368 1245 3424 mundus
1275 3370 1514 3440 principe
1546 3369 1905 3440 principium;

541 3461 766 3518 Ethera
797 3461 1118 3530 suspendis,
1151 3461 1264 3516 sola
1295 3462 1540 3534 congeris
1561 3503 1576 3528 ,
1611 3477 1824 3532 aequora
1857 3462 2070 3528 fundis;

609 3555 850 3625 Qumque
880 3553 1013 3609 locis
1043 3554 1285 3609 habitant
1308 3595 1323 3621 ,
1357 3571 1478 3626 quae
1509 3555 1784 3610 moderata
1815 3555 2017 3624 vigent.

543 3645 614 3702 55
641 3644 740 3711 Qui
779 3659 949 3716 genus
979 3644 1272 3700 humanum
1311 3660 1540 3701 cernens
1581 3657 1818 3702 mersum
1857 3662 1976 3701 esse
2007 3661 2136 3716 pro-

1223 3749 1226 3752 ί
1825 3736 2060 3810 [tundo,]

611 3829 677 3885 Ut
709 3829 980 3886 hominem
1012 3831 1254 3902 eriperes
1277 3873 1292 3898 ,
1324 3846 1383 3887 es
1412 3845 1627 3902 quoque
1658 3831 1836 3887 factus
1867 3831 2050 3885 homo.

535 3920 646 3978 Nec
676 3932 861 3976 nostro
892 3933 1097 3980 tantum
1127 3924 1342 3980 voluisti
1373 3941 1404 3979 e
1433 3940 1665 3994 corpore
1695 3926 1879 3988 nasci.

607 4013 714 4069 Sed
744 4029 870 4069 caro
890 4055 904 4078 ,
938 4031 1058 4084 qua:
1089 4016 1234 4070 nasci
1265 4016 1523 4084 pertulit,
1556 4025 1716 4086 atque
1747 4017 1904 4072 mori.

537 4105 767 4160 Funeris
795 4107 1049 4176 exequias
1082 4107 1248 4176 patris
1277 4122 1450 4162 novus
1479 4118 1690 4173 auctor,
1723 4119 1778 4163 et
1807 4109 1954 4164 orbis
1975 4151 1990 4174 ,

533 4197 604 4252 60
633 4197 776 4253 Intra
807 4199 996 4254 mortis
1025 4199 1126 4254 iter
1153 4198 1334 4254 dando
1363 4200 1552 4255 salutis
1580 4215 1759 4271 Opem.

2231 1899 2334 1955 Sed
2367 1901 2523 1971 plane
2553 1901 2783 1970 implesti
2816 1916 3097 1966 remeans,
3130 1901 3221 1972 pie
3253 1901 3453 1966 victor,
3489 1902 3780 1973 olympum
3811 1920 3826 1958 :

2301 1991 2521 2045 Tartara
2551 2007 2736 2062 pressa
2763 1993 2978 2063 jacent,
3015 2007 3116 2048 nec
3145 2007 3241 2046 sua
3266 1993 3391 2062 jura
3427 2002 3656 2049 tenent.

2231 2085 2439 2140 Inferus
2469 2086 2896 2142 insaturabiliter
2925 2102 3054 2140 cava
3085 2093 3305 2157 guttura
3339 2085 3632 2156 pandens,

2230 2179 2299 2234 80
2327 2179 2425 2246 Qui
2457 2189 2670 2247 raperet
2698 2193 2940 2248 semper,
2973 2179 3043 2232 sit
3075 2187 3162 2232 tua
3195 2177 3380 2248 praeda
3404 2217 3420 2244 ,
3459 2177 3635 2232 Deus.

2233 2268 2410 2336 Eripis
2441 2269 2780 2324 innumerum
2813 2269 3069 2339 populum
3102 2268 3172 2324 de
3200 2283 3426 2324 carcere
3458 2270 3668 2324 mortis
3697 2285 3714 2334 ;

2305 2358 2371 2412 Et
2399 2360 2641 2428 sequitur
2670 2359 2830 2425 liber,
2862 2373 2970 2429 quo
2999 2373 3128 2414 suus
3157 2367 3349 2414 auctor
3378 2359 3530 2414 abis.

2233 2449 2445 2505 Evomit
2471 2452 2782 2520 absorptam
2813 2451 3009 2522 pavide
3039 2452 3152 2528 fera
3185 2449 3371 2508 bellua
3401 2452 3631 2522 plebem
3659 2470 3678 2518 ;

2302 2543 2367 2597 Et
2395 2543 2464 2598 de
2493 2543 2644 2599 fauce
2677 2543 2785 2612 lupi
2815 2542 3086 2598 subtrahit
3113 2557 3288 2614 agnus
3315 2557 3476 2598 oves.

2230 2633 2300 2690 85
2331 2635 2464 2690 llinc
2495 2635 2759 2690 tumulum
2801 2644 3054 2704 repetens
3103 2645 3230 2706 post
3278 2645 3486 2691 tartara
3511 2677 3528 2702 ,
3562 2651 3740 2693 carne
3767 2652 3850 2692 re-

3489 2729 3790 2802 [summa]

2300 2821 2529 2891 Belliger
2557 2823 2624 2876 ad
2655 2822 2826 2888 etelos
2855 2821 3033 2892 ampla
3065 2821 3310 2892 tropbaea
3341 2821 3549 2878 refers.

2229 2913 2375 2980 Quos
2403 2912 2589 2968 habuit
2621 2913 2833 2982 poenale
2863 2911 3028 2967 chaos
3047 2953 3060 2976 ,
3090 2911 3201 2981 jam
3235 2911 3486 2967 reddidit
3517 2913 3670 2979 iste;

2301 3006 2370 3061 Et
2397 3021 2532 3077 quos
2561 3021 2707 3060 mors
2737 3015 2980 3075 peteret,
3017 3005 3115 3060 hos
3147 3019 3288 3059 nova
3321 3005 3436 3059 vita
3474 3013 3660 3062 tenet.

2229 3099 2346 3155 Rex
2374 3113 2548 3165 sacer,
2581 3112 2710 3153 ecce
2741 3097 2818 3151 tui
2851 3097 3026 3152 radiat
3057 3111 3185 3168 pars
3219 3111 3418 3167 magna
3451 3097 3702 3171 ποριιεί
3724 3139 3742 3164 .

2155 3181 2200 3245 C
2233 3192 2301 3247 90
2328 3191 2464 3247 Cum
2495 3203 2655 3260 puras
2682 3190 2890 3244 animas
2919 3203 3072 3244 sacra
3105 3189 3322 3244 lavacra
3353 3189 3554 3245 beant.

2230 3282 2502 3338 Candidus
2531 3283 2808 3352 egreditur
2837 3282 3026 3338 nitidis
3057 3284 3334 3338 exercitus
3367 3281 3536 3338 undis
3561 3301 3580 3350 ;

2305 3378 2478 3444 Atque
2507 3382 2659 3429 vetus
2689 3373 2875 3428 vitium
2907 3381 3098 3444 purgat
3121 3374 3173 3428 in
3198 3387 3359 3429 amne
3391 3388 3566 3429 novo.

2231 3467 2519 3538 Fulgentes
2549 3469 2757 3522 animas
2786 3466 2954 3522 vestis
2981 3480 3201 3536 quoque
3229 3465 3470 3521 candida
3503 3467 3738 3537 signat;

2310 3561 2374 3614 Et
2403 3573 2566 3631 grege
2597 3559 2663 3614 de
2694 3559 2852 3613 niveo
2880 3556 3074 3628 gaudia
3107 3563 3298 3626 pastor
3329 3555 3528 3612 habet.

2237 3653 2308 3708 95
2337 3652 2570 3708 Additur
2599 3651 2702 3707 hac
2729 3651 2880 3706 Felix
2911 3663 3144 3705 concors
3177 3649 3441 3705 mercede
3473 3651 3758 3707 sacerdos
3777 3691 3793 3718 ,

2305 3745 2405 3813 Qui
2437 3746 2566 3801 dare
2595 3746 2710 3800 vult
2742 3744 2971 3799 Domino
3000 3743 3163 3812 dupla
3195 3743 3402 3799 talenta
3434 3759 3569 3800 suo.

2233 3835 2315 3892 Ad
2347 3837 2568 3891 meliora
2601 3835 2823 3890 trahens
2852 3835 3038 3906 gentili
3070 3849 3262 3891 errore
3290 3847 3572 3906 vagantes
3595 3879 3614 3904 ,

2303 3929 2478 3983 Bestia
2509 3944 2578 3984 ne
2608 3937 2858 3998 raperet,
2893 3928 3067 3982 munit
3096 3927 3242 3983 ovile
3274 3927 3399 3983 Dei.

2229 4017 2378 4084 Quos
2407 4019 2560 4089 prius
2589 4018 2700 4074 Eva
2731 4019 2935 4074 nocens
2963 4017 3270 4084 infecerat,
3305 4017 3412 4074 hos
3443 4019 3623 4078 modo
3655 4019 3836 4078 reddit

2233 4111 2336 4166 100
2366 4111 2620 4167 Ecclesia:
2649 4119 2834 4181 pastor
2863 4111 3032 4168 ubere
3061 4110 3203 4166 lacte
3231 4111 3383 4166 sinu.

1775 4359 2158 4418 LECTIONES
2197 4359 2610 4416 VARIANTES.

595 4492 658 4562 Χ.
685 4495 762 4562 3;.
798 4495 925 4562 acer
947 4508 1078 4562 nua.
1093 4495 1188 4546 Alii
1213 4497 1408 4560 legunt,
1434 4509 1656 4550 acernus.

593 4555 654 4605 ν.
682 4556 758 4604 42.
797 4557 994 4608 Cuncta.
1019 4559 1097 4608 Al.
1123 4555 1328 4610 Puncta.

596 4617 656 4667 ν.
684 4620 764 4682 έβ.
801 4620 906 4682 Has
929 4617 1074 4682 inter,
1097 4629 1192 4670 etc.
1219 4623 1412 4672 Aliter:

685 4679 788 4744 Has
810 4681 938 4744 inter
961 4679 1187 4731 minimus
1211 4696 1379 4744 passer
1401 4695 1568 4733 amore
1593 4695 1732 4734 cano.

592 4739 654 4790 V.
676 4742 754 4792 50.
789 4741 958 4795 Patris
977 4757 1081 4794 ore.
1108 4745 1184 4796 Al.
1211 4739 1493 4796 Pmetrare.

593 4801 652 4852 γ.
679 4805 758 4870 5_9.
793 4804 1023 4870 Funeris,
1051 4813 1150 4856 etc.
1181 4809 1340 4858 Aliter
1368 4822 1380 4855 :

687 4865 898 4930 Funeris
923 4865 1163 4930 exequias
1182 4871 1361 4930 pateris
1375 4869 1489 4918 vitae
1511 4875 1679 4918 auctor
1699 4875 1750 4918 et
1771 4869 1927 4919 orbis.

595 4925 654 4975 ν.
681 4928 761 4976 60.
799 4929 960 4979 Intra.
985 4925 1064 4979 Al'.
1093 4925 1280 4980 [nti-as.

593 4985 657 5037 ν.
681 4989 761 5038 61.
803 4989 986 5041 Tristia
1007 4999 1272 5044 cessarunt.
1291 4991 1366 5044 Al.
1397 4989 1578 5042 Tristia
1596 4997 1860 5044 cesserunt.

2141 4497 2198 4560 D
2283 4497 2345 4549 γ.
2373 4497 2452 4548 6i.
2489 4499 2720 4560 Etenim.
2743 4495 2818 4547 Al.
2845 4499 3090 4560 Elterraz,

2290 4561 2352 4610 ν.
2489 4559 2776 4610 Sollicitam.
2801 4559 2880 4609 Al.
2905 4558 3208 4611 Pollicitam.

2291 4623 2354 4670 γ.
2379 4621 2458 4671 68.
2495 4625 2626 4672 Non.
2649 4621 2725 4672 Al.
2755 4624 2879 4672 Nec.
2903 4623 2976 4670 Al.
2999 4624 3128 4672 Neu.

2294 4683 2353 4746 Υ.
2379 4683 2459 4732 80.
2495 4687 2722 4746 Ruperat.
2747 4681 3048 4746 A|._Rapuit.

2295 4745 2356 4794 V.
2382 4747 2459 4793 82.
2494 4742 2630 4796 Aliis.
2651 4747 2728 4794 Al.
2755 4742 2890 4796 Αάὶι.

2296 4807 2357 4855 ν.
2382 4807 2460 4857 87.
2499 4809 2619 4858 Iste.
2643 4807 2720 4856 Al.
2747 4809 2812 4857 In
2833 4813 2896 4856 te.

2295 4869 2354 4931 Υ.
2377 4869 2456 4918 89.
2498 4867 2743 4931 Traphwi.
2770 4869 2848 4918 Al.
2882 4866 3156 4931 Triumvhi.

2299 4929 2359 4980 ν.
2385 4931 2466 4982 95.
2507 4929 2736 4982 ϐοηθοῖς.
2763 4931 2842 4982 Al.
2865 4929 3090 4982 Consors.

1935 5138 2486 5198 ANNOTATIONES.

611 5295 1510 5389 Yers.’5ilu._§‘atge:[es‘tadies,‘toto
1533 5301 1830 5389 venerabilis
1850 5316 1978 5389 tero,
2233 5301 2320 5357 cui
2350 5301 2584 5358 disticho
2613 5311 2762 5358 recte
2785 5303 2946 5358 etiam
2969 5303 3102 5360 illud
3123 5308 3488 5368 continenter
3509 5314 3838 5389 adjungitur

531 5367 672 5448 Deus
697 5369 963 5448 infernum
989 5369 1108 5422 vicit
1132 5379 1178 5448 et
1206 5379 1344 5424 astra
1379 5381 1531 5426 tenet.
1569 5374 1902 5448 Auctoritate
1921 5367 2126 5448 codicis

533 5439 772 5512 Vaticani
803 5446 1038 5494 mutatus
1065 5447 1382 5512 estgversus,
1412 5451 1635 5512 utesset
1660 5451 1781 5512 post
1799 5441 1986 5512 viginti
2009 5441 2128 5512 dis:

533 5508 674 5562 ticha
697 5551 712 5571 ,
762 5523 870 5576 quo
913 5521 1044 5564 sane
1075 5511 1126 5564 in
1157 5511 1277 5564 loco
1307 5526 1429 5566 esse
1459 5510 1638 5566 debet.
1663 5508 1803 5566 Nam
1836 5508 1960 5566 a'nte
1992 5511 2126 5566 nihil

535 5577 604 5632 de
643 5577 902 5632 Passione
945 5581 1031 5634 vel
1070 5579 1485 5635 Resurrectione
1514 5581 1716 5635 Christi
1770 5581 1965 5636 dicitur
1991 5599 2006 5636 :
2030 5581 2129 5636 sed

535 5663 628 5700 ver
659 5649 832 5720 ipsum
859 5665 924 5720 ex
943 5651 1136 5704 'qultis
1166 5653 1396 5720 propriis
1428 5663 1632 5705 natura:
1657 5667 1768 5706 sua:
1793 5653 1945 5706 bonis
1973 5667 2126 5706 com—

537 5719 838 5794 mendatur.
874 5719 1164 5794 Postquam
1188 5719 1316 5794 vero
1339 5721 1472 5794 facta
1497 5733 1578 5776 est
1607 5723 1810 5776 mentio
1829 5723 2132 5794 ABesurrec-

535 5789 730 5856 tionis,
777 5796 926 5848 recte
969 5789 1102 5852 illud
1151 5791 1360 5846 additur
1391 5808 1401 5840 2
1432 5791 1592 5866 Salve
1636 5795 1767 5848 festa
1812 5791 1966 5859 dies,
1997 5799 2130 5855 etc.,

2359 5413 2600 5490 ﬁebilitas
2620 5416 2749 5490 anni,
2773 5429 3018 5490 mensum,
3040 5417 3125 5490 lux
3151 5420 3282 5469 alma
3303 5422 3537 5490 dierum,

2357 5476 2598 5526 Horarum
2621 5476 2872 5541 Splendor,
2898 5476 3104 5529 stridula
3129 5491 3313 5544 puncta
3335 5476 3538 5540 favent:

2311 5582 2572 5664 Nobilitas
2601 5586 2748 5664 enim
2774 5584 3058 5664 legendum
3087 5596 3178 5664 est
3223 5605 3296 5664 e_x
3325 5592 3530 5650 codice
3565 5597 3870 5664 Vaticano,

2239 5662 2297 5706 ut
2327 5657 2439 5707 laus
2469 5655 2644 5722 aliqua
2673 5655 2753 5730 illi
2779 5656 2919 5730 diei,
2953 5672 3112 5726 quem
3143 5661 3376 5717 laudare
3406 5667 3534 5721 vult
3557 5711 3574 5730 ,
3615 5655 3870 5726 attribua:

2241 5733 2364 5804 tur;
2397 5739 2517 5804 cuin
2549 5741 2616 5778 ex
2650 5726 2946 5804 mobilitate
2968 5769 2982 5789 ,
3013 5739 3073 5782 ut
3095 5737 3220 5804 erat
3263 5745 3433 5804 ante,
3471 5726 3640 5795 nulla
3671 5743 3791 5797 laus
3817 5739 3872 5796 ad

2243 5795 2386 5849 diem
2416 5795 2648 5866 aliquem
2671 5796 2928 5852 accedere
2961 5801 3168 5866 possit,
3199 5805 3326 5871 quia
3359 5795 3474 5862 hoc
3502 5821 3600 5866 est
3639 5795 3872 5870 omnibus
