3960 6318
176 231 277 290 293

171 350 451 407 Dissimilis
476 350 607 406 mihi
637 366 782 419 sum,
822 354 945 424 quia
977 369 1095 411 sum
1128 371 1234 411 non
1267 373 1405 411 unus
1426 368 1480 415 et
1507 374 1680 427 unus;

171 440 236 497 Et
260 442 422 497 vehor
443 454 498 499 et
525 442 764 515 gradior,
786 447 910 517 quia
939 463 1027 505 me
1050 450 1157 504 duo
1183 466 1412 521 corpora
1442 462 1679 527 portant.

754 539 844 596 40.
900 539 1153 614 Papaver.

171 624 371 682 Grande
395 626 526 681 mibi
553 636 716 698 caput
742 639 846 699 est,
874 633 1019 687 intus
1044 633 1140 690 sed
1163 637 1403 694 membra
1433 641 1637 699 minuta
1665 661 1682 699 :

171 718 266 775 Pes
295 735 429 774 unus
450 721 623 790 solus,
648 722 747 779 sed
772 738 869 795 pes
899 724 1248 797 logissimns
1274 744 1445 787 unus:

171 811 234 867 Et
255 827 338 867 me
361 826 589 869 somnus
615 824 784 882 amat,
814 819 1036 888 proprio
1056 833 1158 876 nec
1188 820 1402 879 dormio
1431 839 1644 897 somno.

810 932 901 999 41.
933 929 1133 1007 Malea.

172 1043 377 1100 Anseris
402 1059 525 1121 esse
549 1044 717 1127 pedes
737 1048 940 1123 similes
967 1051 1118 1121 mihi,
1143 1053 1270 1117 nolo
1299 1071 1529 1128 negare:

170 1133 269 1188 Nec
289 1134 391 1189 duo
407 1147 535 1211 spot
567 1146 797 1211 tantum,
826 1141 919 1213 sed
946 1141 1130 1216 plures
1161 1145 1351 1209 ordine
1369 1150 1583 1217 cernis;

170 1228 229 1293 Et
256 1237 430 1305 tamen
462 1230 564 1307 has
585 1231 732 1311 ipsos
758 1250 948 1301 omnes
974 1252 1074 1309 ego
1103 1249 1258 1310 porto
1277 1242 1520 1313 Supinos.

817 1329 909 1401 42.
940 1328 1087 1391 Beta.

166 1414 288 1469 Tota
316 1430 473 1483 vocor
495 1433 700 1497 μέρος,
731 1421 826 1491 sed
857 1438 962 1481 non
990 1439 1108 1485 sum
1141 1434 1248 1491 tota
1278 1427 1479 1495 latine;

167 1508 294 1562 Ante
321 1518 496 1564 tamen
530 1511 762 1587 mediam
789 1517 1048 1587 cauponis
1077 1519 1277 1590 scripta
1308 1520 1607 1581 tabernam.

167 1599 216 1653 ln
241 1603 389 1657 terris
417 1617 644 1680 nascgr,
679 1607 894 1680 lympha
923 1609 1093 1676 lavor.
1128 1628 1300 1685 ungor
1323 1616 1488 1676 olivo.

742 1705 831 1769 45.
874 1705 1168 1770 Cucurbita.

167 1815 388 1883 Pendeo,
419 1817 547 1873 dum
580 1834 778 1879 naseor
810 1840 822 1875 :
850 1837 1037 1879 rursus
1064 1824 1353 1894 pendendo
1377 1836 1642 1884 tumesco.

166 1910 393 1966 Pendens
422 1928 776 1969 comnmeor
798 1917 999 1985 ventis,
1027 1926 1082 1972 et
1108 1920 1318 1974 nutrior
1346 1922 1528 1976 undis.

163 2001 382 2065 Pendula
411 2005 458 2060 si
479 2020 592 2061 non
620 2006 745 2076 sim,
780 2023 886 2062 non
917 2024 1036 2064 sum
1061 2009 1174 2079 jam
1198 2011 1418 2083 jamque
1449 2013 1639 2069 futura.

808 2100 902 2155 44.
947 2099 1104 2170 Cepa.

163 2208 365 2266 Mordeo
391 2212 730 2279 mordentes.
761 2215 905 2272 ultro
931 2233 1039 2273 non
1069 2218 1291 2277 mordeo
1317 2237 1671 2309 quemquam,

162 2304 257 2360 Sed
285 2318 406 2361 sunt
434 2308 780 2383 mordentem
810 2312 961 2366 ntulti
993 2311 1245 2369 mordere
1269 2316 1441 2403 parati
1474 2334 1487 2369 :

160 2396 316 2453 Nemo
342 2400 491 2457 timet
517 2416 787 2468 morsum,
813 2404 1003 2462 dentes
1034 2406 1158 2487 quia
1186 2396 1292 2463 non
1322 2409 1678 2466 habeo’ullos.

804 2497 895 2553 45.
942 2497 1097 2555 Rosa.

159 2583 385 2655 Purpura
417 2602 535 2644 sum
571 2597 758 2656 teme,
788 2589 1017 2661 pulchro
1042 2591 1260 2663 perfusa
1291 2593 1496 2661 colore,

158 2675 432 2750 Septaqne,
466 2697 534 2735 ne
557 2681 759 2747 violer,
788 2682 909 2737 telis
940 2683 1204 2741 defendor
1229 2686 1423 2742 acutis.

155 2767 194 2823 Ο
220 2767 360 2836 felix,
389 2771 549 2844 longo
581 2773 627 2827 si
659 2788 873 2843 possem
903 2776 1087 2831 vivere
1114 2776 1261 2833 fato!

787 2866 878 2923 46.
929 2867 1100 2923 Victa.

158 2955 327 3028 Magna
342 2957 559 3029 quidem
581 2973 693 3033 non
711 2975 856 3027 sum,
876 2961 970 3016 sed
991 2962 1133 3018 inest
1149 2962 1279 3023 mihi
1300 2963 1531 3023 maxima
1550 2964 1743 3039 virtus.

158 3049 375 3119 Spiritus
401 3063 482 3107 est
512 3068 767 3122 magnus,
800 3054 1047 3123 quamvis
1079 3055 1132 3111 in
1164 3071 1397 3127 corpore
1426 3071 1617 3129 parvo.

1602 245 1981 321 ΑΞΝΙΟΜΔΤΑ
1995 294 2007 306 .

1781 365 1838 439 Α

2492 370 2585 441 54.
2628 368 2849 431 Hamus.

1865 456 2128 528 Exiguum
2155 473 2375 532 corpus,
2410 461 2559 541 flexu
2590 469 2869 527 mucronis
2895 469 3095 527 adunci

1859 548 2107 613 Fallaces
2137 567 2293 627 escas
2320 555 2500 633 medio
2529 558 2855 637 circumfero
2877 560 3041 634 ﬂuctu
3072 582 3085 637 ;

1859 642 2135 715 Blandior,
2172 658 2230 723 ut
2257 664 2520 729 noceam;
2557 653 2720 710 morti
2751 656 3022 739 praemitti;
3049 658 3311 739 saginam.

2515 743 2607 799 55.
2651 747 2808 822 signa.
3112 742 3121 751 ’

1859 827 2065 901 Longa,
2100 829 2196 886 sed
2222 832 2399 899 exilis,
2431 836 2577 889 tenui
2609 837 2870 913 producta
2902 839 3140 907 metallo,

1858 917 2036 974 Mollia
2066 920 2206 978 duco
2234 922 2343 1004 levi
2368 918 2682 1001 comitantia
2712 927 2925 1004 vincula
2958 928 3103 1009 ferro
3134 948 3147 984 :

1861 1009 1930 1065 Et
1957 1010 2149 1068 faciem
2178 1000 2345 1091 laesis,
2378 1024 2431 1070 et
2459 1032 2655 1075 nexum
2685 1000 2854 1073 reddo
2887 1000 3104 1097 solutis.

2493 1112 2583 1168 56.
2627 1114 2827 1184 Caliga.

1857 1197 2032 1267 Major
2059 1214 2207 1253 eram
2240 1200 2399 1271 longe
2429 1203 2720 1281 quondam,
2756 1206 2883 1275 dum
2915 1207 3025 1262 vita
3054 1209 3307 1265 manebat
3340 1233 3353 1269 :

1860 1289 1968 1364 Sed
1997 1307 2137 1347 nunc
2163 1294 2448 1372 exanimis,
2479 1296 2736 1365 lacerata,
2772 1299 2957 1377 ligata,
2988 1303 3237 1379 revulsa,

1859 1380 2049 1438 Dedita
2076 1398 2194 1441 sum
2224 1394 2417 1450 terrae;
2448 1390 2653 1444 tumulo
2681 1372 2779 1445 sed
2800 1372 3025 1449 condita,
3049 1372 3155 1450 non
3174 1372 3323 1475 sum.

2351 1479 2439 1533 b7.
2484 1480 2669 1553 Clapns
2697 1484 2961 1559 caligaria.
3184 1468 3189 1473 ⁸
3274 1470 3277 1475 Δ

1858 1565 1917 1621 In
1947 1576 2107 1637 caput
2130 1569 2420 1639 ingredior,
2446 1574 2538 1644 qui
2568 1574 2638 1639 de
2667 1575 2802 1645 pede
2826 1577 3039 1646 pendeo
3070 1578 3188 1634 solo
3220 1601 3233 1637 :

1859 1659 2075 1717 Vertice
2105 1674 2265 1734 tango
2294 1665 2470 1721 solum
2500 1684 2512 1719 :
2540 1668 2729 1755 capitis
2756 1669 2979 1743 vestigia
3010 1671 3165 1743 signo
3194 1692 3206 1728 :

1779 1745 1831 1825 Β
1859 1749 1965 1807 Sed
1995 1752 2147 1829 multi
2173 1756 2400 1811 comites
2426 1745 2615 1811 casum
2645 1760 2920 1831 patiuntur
2950 1761 3226 1829 eumdem.

2463 1849 2553 1904 58.
2597 1848 2853 1923 Capillus.

1855 1932 2089 1991 Findcre
2117 1951 2204 1992 me
2235 1937 2365 1992 nulli
2394 1949 2638 2017 possunt,
2668 1942 2967 2011 praecidere
2999 1945 3174 2000 multi.

1854 2023 1962 2080 Sed
1991 2041 2110 2081 sum
2144 2028 2460 2097 versicolor,
2494 2031 2650 2086 alhus
2676 2033 3001 2119 quandoque
3031 2036 3261 2094 futurus.

1853 2115 1992 2173 Malo
2020 2134 2241 2176 manere
2269 2122 2421 2193 niger
2450 2142 2463 2178 :
2498 2124 2677 2181 minus
2710 2115 3024 2203 ultimafata
3058 2132 3307 2188 verebor.

2512 2206 2613 2274 '59.
2660 2217 2802 2295 Pila.
3126 2204 3135 2211 '
3196 2204 3205 2211 ’

1851 2302 1970 2359 Νοη
1998 2319 2116 2360 sum
2146 2307 2322 2363 cincta
2352 2310 2545 2389 comis,
2578 2321 2629 2372 et
2660 2327 2765 2379 non
2794 2326 2915 2367 sum
2942 2324 3156 2387 compta
3184 2320 3424 2390 capillis;

1852 2395 2001 2451 Intus
2030 2398 2174 2452 enim
2204 2400 2381 2471 crines
2413 2403 2541 2478 mihi
2571 2411 2717 2483 sunt,
2740 2418 2877 2489 quos
2908 2420 3013 2460 non
3049 2409 3192 2464 videt
3220 2412 3359 2467 ullus
3386 2431 3400 2469 :

1851 2487 2043 2558 Meque
2066 2506 2253 2546 manus
2276 2492 2513 2558 mittunt,
2541 2487 2900 2573 manibusque
2922 2500 3171 2560 remittor
3193 2503 3246 2558 in
3266 2519 3447 2569 auras.

2494 2587 2581 2643 60.
2624 2574 2817 2651 Serra;
3068 2576 3073 2579 ἠ
3234 2576 3241 2583 ”
3402 2578 3407 2585 ’

1854 2669 2113 2727 Dentibus
2138 2672 2436 2730 innumeris
2464 2686 2575 2757 toto
2602 2693 2723 2753 sum
2750 2696 2984 2754 corpore
3009 2685 3167 2753 plena
3199 2705 3215 2741 τ

1851 2764 2268 2824 Frondicotnam
2295 2768 2542 2829 sobolem
2576 2788 2759 2839 morsu
2787 2775 3051 2848 depascor
3080 2790 3239 2835 acuto
3270 2799 3284 2835 :

1849 2857 2043 2914 Mando
2068 2868 2245 2916 tamen
2279 2862 2495 2929 frustra,
2529 2880 2649 2934 quae
2682 2881 2880 2939 respuo
2906 2871 3127 2940 prmmia
3155 2871 3354 2927 dentis.

2513 2953 2602 3010 61.
2646 2954 2807 3013 Pons.

1853 3042 1972 3098 Stat
1994 3056 2189 3099 nemus
2216 3043 2270 3099 in
2298 3045 2555 3129 lymphis,
2586 3057 2688 3123 stat
2720 3049 2772 3121 in
2807 3051 2914 3104 alto
2942 3053 3153 3124 gurgite
3176 3054 3336 3121 silva,

156 3143 255 3201 Nec
281 3147 404 3203 mihi
434 3119 664 3219 germen
696 3119 851 3203 habet
892 3165 1088 3209 noxam
1108 3193 1123 3212 .
1149 3166 1250 3208 nec
1266 3119 1443 3222 'culpa'
1464 3153 1743 3209 ruborem.
1768 3119 1817 3206 9
1851 3137 1919 3191 Ει
1949 3148 2130 3193 manci
2158 3141 2209 3194 ίη
2239 3140 2434 3196 mediis
2462 3120 2620 3197 "nilis
2654 3144 2928 3225 inlIP‘OI’ile
2957 3149 3144 3204 1'01""-

796 3241 888 3296 47.
934 3239 1095 3297 Thus.

159 3331 322 3388 Dulcis
341 3333 475 3389 odor
503 3332 750 3390 nemoris
777 3334 990 3390 ﬂamma
1023 3332 1276 3411 fumoque
1305 3334 1538 3409 fatigor:

159 3424 218 3479 Et
240 3426 405 3497 placet
434 3428 541 3483 hoc
570 3428 788 3501 superis
809 3469 824 3493 ,
857 3427 1067 3483 medios
1095 3427 1237 3498 quod
1270 3429 1456 3505 mittor
1482 3428 1534 3483 in
1564 3426 1743 3505 ignes,

156 3516 277 3573 Cum
307 3519 435 3574 mihi
464 3520 730 3591 peccandi
760 3521 1012 3575 meritum
1044 3530 1233 3599 natura
1262 3521 1490 3597 negarit.

763 3614 851 3670 48.
898 3613 1134 3687 Myrrha.
1380 3680 1383 3683 _

159 3702 227 3759 De
251 3705 499 3777 lacrymis
525 3715 585 3760 et
615 3722 713 3775 pro
737 3700 983 3777 lacrymis
1014 3721 1130 3760 mea
1156 3704 1321 3779 cmpit
1348 3706 1521 3778 origo.

157 3792 225 3849 Ex
253 3799 419 3854 oculis
449 3798 606 3861 ﬂuxi,
637 3798 731 3859 sed
767 3813 909 3852 nunc
934 3814 1000 3852 ex
1028 3798 1224 3863 arbore
1256 3813 1471 3862 nascor,

142 3884 319 3942 Achtus
343 3888 518 3945 honos
545 3889 749 3955 frondi,
781 3890 953 3943 tristis
981 3889 1074 3943 sed
1106 3889 1283 3966 imago
1310 3888 1537 3945 doloris.

799 3982 892 4039 49.
935 3982 1099 4036 Ebur.

158 4073 284 4130 Deus
306 4091 403 4147 ego
428 4092 553 4132 sum
585 4091 834 4147 magnus,
861 4077 1075 4148 populis
1103 4087 1366 4148 cognatus
1388 4077 1542 4133 Eois.

155 4166 292 4224 Nunc
314 4185 414 4243 ego
440 4187 539 4241 per
564 4180 748 4243 patres
778 4169 830 4224 in
862 4184 1089 4239 corpora
1118 4171 1283 4224 multa
1313 4169 1541 4237 recessi,

155 4260 252 4318 Nec
275 4242 753 4329 remanentvires,
783 4261 878 4317 sed
907 4261 1094 4315 formae
1121 4263 1290 4333 gratia
1321 4261 1539 4317 mansit.

746 4353 839 4411 50.
884 4352 1122 4408 Famam.

154 4442 314 4500 llcrha
344 4446 417 4501 fui
449 4445 725 4518 quondam
752 4444 909 4499 viridi
936 4445 1006 4500 de
1028 4443 1273 4515 gramine
1303 4453 1497 4512 terra);

151 4534 246 4590 Sed
271 4537 511 4610 chalybis
540 4537 680 4591 duro
711 4535 886 4590 mollis
918 4535 1140 4605 prtecisa
1169 4535 1410 4599 metallo,

152 4628 279 4687 Mole
306 4646 522 4703 premor
547 4631 765 4702 propria
790 4672 805 4697 ,
836 4639 980 4686 tecto
1009 4629 1263 4685 conclusa
1294 4629 1396 4686 sub
1422 4629 1553 4686 alto.

796 4725 888 4780 51.
935 4722 1098 4777 Mala.

153 4815 315 4873 Amho
338 4833 528 4873 sumus
552 4816 779 4889 lapides,
812 4826 917 4870 una‘
949 4830 1159 4882 sumus,
1191 4812 1351 4869 ambo
1378 4813 1660 4885 jacemns;

151 4910 307 4975 Quam
334 4913 485 4983 piger
511 4922 596 4967 est
624 4928 780 4977 unus,
810 4918 1017 4964 tantum
1046 4925 1152 4964 non
1183 4909 1366 4978 segnis
1396 4909 1436 4964 it
1464 4908 1622 4963 alter.

154 5002 242 5058 llic
265 5016 442 5060 manet
470 5006 755 5071 immotus,
787 5018 893 5057 non
919 5002 1123 5056 desinit
1149 5001 1240 5056 ille
1266 5001 1495 5056 moveri.

758 5092 852 5150 52.
896 5091 1114 5147 Farina.

152 5185 285 5242 Inter
308 5203 435 5245 saxa
464 5190 563 5251 fui.
594 5205 713 5259 qua:
738 5202 826 5247 me
850 5187 1086 5255 contrita
1120 5183 1444 5257 premebant
1472 5199 1485 5233 :

151 5275 244 5334 Vix
274 5289 450 5335 tamen
479 5278 640 5349 βαιιεὶ
662 5281 795 5341 totis
818 5277 1008 5349 collisa
1034 5274 1287 5346 medullis
1312 5290 1326 5331 :

150 5368 213 5425 Ει
235 5388 372 5437 nunc
392 5373 566 5439 [arma
593 5370 726 5437 mihi
756 5370 934 5431 minor
963 5377 1066 5432 est.
1099 5366 1194 5424 sed
1218 5366 1375 5436 copia
1402 5362 1601 5439 maior-

792 5463 880 5521 55.
931 5461 1082 5529 Vilis.

150 5551 274 5611 Nolo
302 5557 460 5612 thoro
483 5556 637 5629 iungi
655 5600 671 5623 ,
694 5556 938 5627 quamvis
966 5556 1145 5627 placet
1173 5568 1295 5609 esse
1323 5552 1595 5609 maritam.

146 5643 273 5704 Nolo
300 5649 475 5706 virum
508 5649 752 5704 thalamo
782 5667 796 5703 :
826 5662 921 5720 per
949 5662 1038 5703 me
1070 5662 1185 5702 mea
1216 5658 1341 5701 nata
1370 5660 1610 5716 propago
1632 5650 1741 5701 est.

148 5738 276 5799 Nolo
300 5744 547 5816 sepulcra
580 5742 725 5815 pati;
748 5743 859 5800 scio
886 5759 973 5800 me
996 5743 1348 5815 submergere
1377 5750 1557 5798 teme.
1585 5741 1600 5815 ἶ

1850 3229 2017 3307 Terra
2049 3240 2228 3287 tamen
2259 3233 2442 3298 mittit,
2474 3234 2618 3305 quod
2650 3245 2811 3292 terra:
2843 3255 3065 3317 munera
3098 3237 3340 3309 prtestat.

2463 3325 2550 3381 62.
2584 3326 2838 3402 Spongia.
2940 3312 2945 3317 Ι
3036 3312 3105 3333 Η

1847 3411 1966 3484 Ipsa
1990 3415 2167 3486 gravis
2192 3430 2299 3471 non
2327 3432 2467 3483 sum,
2493 3418 2587 3473 sed
2615 3433 2768 3493 aqua:
2800 3422 2929 3478 mihi
2959 3423 3168 3494 pondus
3190 3425 3449 3495 inhaeret;

1850 3506 2070 3564 Viscera
2103 3519 2212 3564 tota
2244 3520 2450 3579 tument
2477 3513 2673 3580 patulis
2705 3513 2895 3570 diffusa
2925 3519 3193 3573 cavernis.

1848 3596 1999 3657 Intus
2025 3602 2242 3673 lympha
2276 3602 2424 3671 latet,
2458 3603 2551 3657 sed
2576 3619 2685 3660 non
2711 3621 2771 3661 se
2787 3618 2989 3678 sponte
3018 3609 3277 3681 refundit.

2178 3702 2187 3709 '
2465 3694 2555 3751 63.
2612 3694 2846 3751 Tridens.

1847 3783 1984 3840 Tres
2010 3785 2138 3841 mihi
2168 3795 2292 3841 sunt
2318 3787 2510 3843 dentes
2544 3805 2559 3842 :
2585 3804 2722 3858 quos
2761 3806 2900 3846 unus
2919 3793 3161 3849 continet
3185 3794 3320 3850 ordo
3354 3813 3368 3851 :

1848 3876 2001 3933 Unus
2030 3888 2291 3949 praeterea
2322 3879 2456 3934 deus
2481 3889 2565 3935 est
2593 3888 2647 3936 et
2672 3882 2824 3937 solus
2853 3883 2906 3938 in
2933 3884 3077 3949 imo;

1847 3967 2041 4040 Meque
2064 3978 2208 4024 tenet
2232 3985 2452 4037 numen,
2477 3981 2668 4028 ventus
2690 3973 2864 4040 timet,
2896 3990 3114 4047 :equora
3136 3987 3348 4034 curant.

2463 4061 2556 4118 64.
2592 4063 2817 4136 Sagitta.

1844 4149 2011 4222 Septa
2034 4154 2183 4221 gravi
2214 4153 2383 4220 ferro,
2414 4144 2623 4212 levibus
2652 4157 2981 4214 circumdata
3013 4161 3231 4231 pennis,

1848 4244 1988 4300 Aera
2020 4260 2115 4315 per
2145 4246 2382 4302 medium
2404 4249 2614 4304 volucri
2642 4253 2915 4307 contendo
2942 4261 3144 4319 meatu,

1847 4337 2117 4409 Missaque
2141 4337 2429 4396 discedens
2454 4341 2606 4396 nullo
2637 4343 2887 4400 mittente
2917 4354 3182 4400 revertor.
3220 4398 3227 4407 ,

1816 4424 1819 4425 ⁷
2424 4435 2515 4490 65.
2534 4418 2862 4507 Flagellum.

1768 4501 1824 4590 Ξ)
1850 4523 1925 4579 De
1957 4523 2174 4593 pecudis
2202 4524 2366 4579 dorso
2392 4525 2624 4594 pecudes
2650 4501 2953 4596 ego‘terreo
2975 4535 3218 4595 arrectas,
3252 4574 3255 4577 .
3308 4585 3334 4601 -

1846 4618 2173 4689 Obsequium
2200 4620 2435 4674 reddens
2466 4620 2731 4675 moderati
2760 4621 2880 4690 lege
2905 4619 3111 4675 doloris
3142 4638 3158 4676 :

1844 4710 1957 4766 Nec
1985 4711 2107 4765 volo
2136 4711 2431 4778 contemni,
2466 4694 2566 4766 sed
2595 4719 2781 4766 contra
2805 4712 2931 4766 nolo
2960 4726 3176 4766 nocere.

2452 4800 2544 4856 66.
2587 4799 2835 4856 Laterna.

1843 4891 2112 4948 Cornibus
2137 4901 2259 4960 apta
2285 4890 2455 4957 cavis,
2491 4891 2644 4945 tereti
2677 4890 2950 4960 perlucida
2982 4904 3137 4961 gyro,

1846 4985 2052 5041 Lumen
2083 4984 2291 5040 habens
2319 4984 2461 5039 intus
2488 4983 2654 5038 divini
2686 4982 2883 5039 sideris
2911 4982 3102 5047 instar,

1845 5078 2104 5134 Noctibus
2129 5078 2181 5132 in
2207 5077 2403 5134 mediis
2430 5077 2622 5134 faciem
2655 5093 2761 5132 non
2793 5076 2962 5147 perdo
2985 5077 3217 5134 dierum.

2020 5237 2030 5246 _
2433 5172 2525 5227 67.
2569 5171 2844 5240 Specular.

1842 5266 2151 5339 Perspicior
2178 5267 2411 5339 penitus,
2442 5280 2543 5323 nec
2566 5266 2788 5322 luminis
2807 5280 2971 5322 arceo
3003 5268 3169 5334 visus,

1845 5357 2240 5416 Transmittens
2263 5360 2451 5416 oculos
2475 5360 2614 5415 intra
2643 5374 2761 5415 mea
2791 5358 3033 5415 membra
3064 5366 3340 5415 meanter

1842 5449 1955 5507 Nec
1997 5468 2084 5506 me
2111 5451 2307 5508 transit
2335 5452 2531 5517 hiems,
2560 5449 2655 5505 sed
2686 5449 2769 5505 sol
2802 5458 2983 5506 tamen
3012 5450 3207 5505 emicat
3234 5450 3285 5504 in
3322 5464 3432 5507 me.

2421 5541 2510 5599 68.
2558 5541 2858 5611 Speculum.

1842 5633 1998 5691 Nulla
2022 5635 2156 5692 mihi
2186 5645 2334 5692 certa
2361 5644 2463 5701 est,
2490 5635 2632 5690 nulla
2660 5643 2743 5690 est
2772 5633 3056 5705 peregrina
3081 5633 3270 5706 figura.

1845 5728 2043 5802 Fulgor
2070 5730 2212 5784 inest
2236 5727 2381 5784 intus
2406 5727 2638 5783 radianti
2662 5726 2783 5783 luce
2808 5740 3132 5795 coruscans,
