3960 6328
438 313 549 374 295

440 432 545 501 Qui
573 430 705 488 nihil
735 428 989 494 ostendit,
1019 424 1121 481 nisi
1144 424 1188 478 si
1220 420 1348 495 quid
1376 418 1569 477 viderit
1595 425 1738 474 ante.

1023 517 1113 574 69.
1157 514 1455 586 Clepsydra.

447 615 559 673 Lex
584 618 722 673 bona
746 611 980 680 dicendi,
1007 611 1093 667 lex
1119 623 1237 665 sum
1266 620 1479 679 quoque
1505 603 1637 659 dura
1667 598 1901 657 tacendi.

445 710 542 765 .lns
565 706 737 763 avida:
764 705 983 775 linguae,
1018 702 1138 756 linis
1161 700 1280 757 sine
1310 698 1416 753 fine
1446 693 1719 766 loquendi.

443 800 561 872 Ipsa
584 800 776 866 ﬂuens,
808 796 936 853 dum
962 795 1125 851 verba
1151 794 1306 851 llnnt.
1335 798 1393 845 ut
1417 790 1593 859 lingua
1625 785 1884 857 quiescat.
1962 804 1967 813 ·

1062 884 1154 939 70.
1200 874 1418 937 Puleus.

443 983 614 1039 Mersa
640 979 824 1053 procul
852 981 1011 1036 terris
1040 977 1095 1032 in
1122 976 1328 1045 cespite
1357 971 1574 1044 lympha
1606 966 1905 1039 profundo,

445 1075 670 1132 Nonnisi
696 1072 957 1145 perfossis
983 1083 1201 1141 possum
1230 1063 1525 1137 procedere
1555 1062 1729 1126 venis,

450 1168 522 1224 Et
551 1169 736 1223 trahor
762 1164 831 1221 ad
855 1178 1082 1235 superos
1108 1160 1284 1215 alieno
1313 1158 1473 1212 ducta
1501 1156 1704 1210 labore.

1077 1246 1164 1308 7i.
1207 1250 1400 1306 Tubus.

448 1352 722 1409 Truncum
753 1359 893 1405 terra
921 1347 1070 1417 tegit,
1101 1344 1314 1400 latitant
1344 1342 1395 1396 in
1421 1339 1627 1409 ccepite
1656 1334 1891 1408 lympha:
1920 1348 1936 1387 :

452 1446 650 1501 Alveus
678 1451 764 1499 est
789 1440 1050 1503 modicus,
1080 1436 1171 1507 qui
1203 1435 1481 1504 ripas-non
1511 1430 1673 1485 habet
1698 1428 1857 1483 ullas.

452 1535 511 1593 In
537 1536 681 1608 ligno
705 1528 919 1588 vehitu’r
944 1528 1144 1594 medio,
1167 1526 1309 1597 quod
1335 1524 1474 1595 ligna
1505 1521 1754 1578 vehebat.

1098 1620 1187 1675 72.
1214 1617 1399 1673 Follis.

454 1723 574 1779 Non
600 1736 700 1794 ego
726 1718 985 1777 continuo
1011 1716 1237 1777 morior,
1268 1710 1395 1765 dum
1429 1707 1649 1778 spiritus
1678 1704 1824 1770 exit;

449 1815 584 1871 Nam
608 1814 745 1869 redit
769 1811 1005 1875 assidue,
1039 1804 1280 1876 quamvis
1301 1813 1355 1857 et
1376 1816 1520 1869 saepe
1540 1796 1778 1854 recedat.

458 1905 529 1962 Et
552 1902 684 1961 mibi
710 1916 854 1958 nunc
880 1912 1072 1970 magna
1095 1904 1178 1950 est
1202 1894 1415 1958 animm,
1442 1904 1587 1946 nunc
1611 1887 1758 1943 nulla
1783 1883 2038 1941 facultas.

1100 1989 1188 2045 73.
1231 1985 1406 2055 Lapis.

467 2084 808 2144 Deucalionis
833 2097 933 2155 ego
958 2079 1166 2138 crudeli
1195 2089 1382 2147 s05pes
1408 2073 1477 2128 ab
1503 2072 1663 2139 unda,

461 2179 654 2236 Aftinis
685 2188 867 2244 terrae,
892 2173 988 2231 sed
1016 2173 1173 2242 longe
1202 2168 1386 2224 durior
1414 2166 1523 2221 illa.

465 2273 666 2329 Littera
693 2267 921 2326 decedat
955 2283 968 2320 :
999 2263 1230 2320 volucris
1258 2273 1472 2343 quoque
1497 2271 1694 2313 nomen
1727 2252 1954 2310 habebo.

1117 2357 1206 2431 74.
1257 2354 1406 2409 Calx.

473 2457 632 2516 Evasi
663 2456 925 2518 ﬂammas,
955 2449 1091 2519 ignis
1119 2453 1383 2501 tormenta
1415 2440 1644 2513 profugi.

481 2550 597 2622 lpsa
626 2546 832 2603 medela
859 2557 981 2598 meo
1007 2546 1204 2611 pugnat
1231 2534 1499 2591 contraria
1524 2533 1651 2585 fato.

475 2620 656 2700 hrdeo
684 2640 753 2695 de
775 2634 1045 2711 lymphis;
1075 2630 1264 2687 mediis
1294 2625 1551 2682 incendor
1576 2624 1644 2679 ab
1670 2620 1845 2677 undis.

1114 2721 1203 2778 75.
1233 2719 1397 2775 Silex.

418 2799 437 2817 ⁸
468 2830 694 2900 Semper
715 2827 853 2881 inest
882 2824 933 2878 in
959 2834 1066 2886 me,
1098 2816 1191 2872 sed
1217 2829 1339 2870 raro
1368 2811 1606 2868 cernitur
1629 2808 1787 2878 ignis.

471 2923 617 2978 Intus
646 2918 791 2974 enim
819 2916 1010 2979 latitat,
1040 2911 1133 2965 sed
1159 2908 1305 2964 solos
1334 2905 1512 2974 prodit
1540 2906 1605 2957 ad
1636 2905 1810 2965 ictus;

470 3015 579 3072 Nec
605 3012 788 3084 lignis,
816 3017 875 3064 ut
897 3008 1063 3073 vivat,
1087 3012 1229 3073 eget,
1255 3015 1374 3067 nec,
1403 3011 1459 3054 ut
1487 2997 1717 3064 occidat,
1752 2994 1930 3050 undis.

736 3150 741 3153 .
1120 3096 1210 3151 76.
1254 3094 1421 3149 Rotas.

471 3200 732 3268 Quattuor
761 3190 994 3262 aequales
1024 3196 1247 3244 currunt
1273 3201 1340 3241 ex
1370 3193 1485 3239 arte
1514 3195 1752 3245 sorores,

469 3292 561 3349 Sic
580 3288 730 3361 quasi
755 3293 1044 3348 certantes,
1075 3295 1196 3335 cum
1219 3279 1290 3333 sit
1314 3277 1468 3332 labor
1490 3275 1740 3331 omnibus
1768 3283 1930 3335 unus,

472 3383 542 3440 Et
566 3394 733 3453 prope
760 3386 884 3434 sunt
909 3373 1131 3445 pariter,
1164 3385 1264 3426 nec
1294 3385 1355 3425 se
1385 3366 1698 3436 contingere
1733 3368 1973 3435 possunt.

1115 3463 1204 3517 77.
1230 3461 1417 3517 Scala.

471 3567 582 3624 Nos
610 3580 819 3632 sumus,
849 3562 916 3618 ad
941 3561 1137 3618 coelum
1167 3574 1286 3629 qua:
1315 3554 1592 3610 tendimus
1621 3551 1727 3606 alta
1754 3557 2022 3621 petentes,

473 3657 741 3716 Concordi
769 3656 967 3711 fabrica
997 3639 1131 3724 quas
1162 3665 1300 3706 unus
1319 3646 1566 3702 continet
1597 3643 1754 3707 ordo,

477 3750 547 3809 Ut
567 3748 728 3806 simul
755 3748 1022 3803 haerentes
1050 3758 1147 3815 per
1172 3755 1271 3796 nos
1295 3735 1583 3794 scandatur
1607 3734 1674 3789 ad
1702 3747 1881 3787 auras.

1103 3843 1191 3898 78.
1235 3842 1426 3911 Scopa.

477 3944 660 4003 Mundi
687 3956 876 4013 magna
899 3925 1110 4011 parens,
1141 3936 1334 4004 laqueo
1362 3944 1603 3987 connexa
1629 3925 1823 3992 tenaci,

479 4039 670 4095 Juncta
693 4035 810 4089 solo
836 4032 995 4102 plano
1020 4027 1261 4084 manibus
1288 4036 1602 4094 comprensa
1632 4019 1861 4085 duabus,

486 4132 662 4187 Ducor
677 4125 875 4196 ubique
890 4136 1138 4193 sequens,
1157 4127 1211 4173 et
1223 4132 1308 4172 me
1321 4130 1533 4186 quoque
1546 4123 1735 4168 cuncta
1748 4118 2063 4181 sequuntur.

1003 4211 1093 4266 79.
1123 4207 1565 4264 Tintinnabnlum.

487 4316 619 4372 {Ere
642 4314 823 4383 rigens
847 4322 1013 4365 curvo
1042 4304 1279 4376 patulum
1308 4313 1605 4369 componor
1632 4297 1685 4352 in
1717 4295 1923 4352 orbem.

491 4379 811 4464 Mobilis'est
839 4402 983 4457 intus
1010 4398 1203 4469 lingua:
1227 4392 1537 4464 crepitantis
1565 4391 1740 4461 imago
1760 4388 1794 4459 ;|

491 4501 605 4555 Non
632 4504 850 4553 resonat
875 4493 1100 4565 positus,
1131 4498 1309 4545 motus
1337 4499 1552 4556 quoque
1579 4498 1724 4553 szepe
1752 4480 1995 4536 resultat.

916 4624 967 4657 ι,
987 4584 1077 4640 80.
1128 4580 1372 4637 Conditus
1409 4589 1575 4651 potus.

493 4682 627 4739 Tres
655 4679 782 4735 olim
808 4676 1027 4743 fuimus,
1059 4674 1147 4745 qui
1178 4671 1396 4727 nomine
1418 4668 1690 4740 iungimur
1714 4682 1843 4722 uno.

492 4775 567 4829 Ex
602 4772 771 4827 tribus
801 4777 883 4824 est
912 4782 1067 4833 unus,
1101 4774 1155 4821 et
1182 4774 1291 4819 tres
1319 4764 1611 4818 miscentur
1638 4760 1690 4815 in
1719 4773 1861 4823 uno;

495 4864 731 4933 Quisque
755 4861 928 4916 bonus
956 4873 1049 4927 per
1076 4872 1135 4911 se
1166 4874 1180 4911 :
1210 4854 1418 4917 melior,
1451 4852 1541 4923 qui
1562 4851 1801 4907 continet
1824 4862 2033 4904 omnes.

779 4950 869 5007 81.
929 4948 1113 5004 Vinum
1145 4962 1440 5000 conversum
1480 4946 1533 4997 in
1575 4954 1791 4997 acetum.

498 5048 779 5104 Snblatum
802 5041 932 5097 nihil
960 5051 1063 5106 est,
1094 5037 1226 5095 nihil
1247 5048 1329 5092 est
1349 5037 1959 5098 extrinsecusanctum;

496 5137 606 5194 Nec
636 5146 814 5191 tamen
839 5131 1070 5196 invenio,
1093 5128 1350 5199 quidquid
1379 5128 1523 5198 prius
1548 5128 1660 5197 ipse
1688 5124 1900 5196 reliqui.

498 5231 651 5300 Quod
681 5226 878 5292 fuerat,
909 5240 1015 5279 non
1040 5232 1122 5278 est
1149 5220 1368 5289 :cozpit.
1398 5220 1559 5289 quod,
1594 5235 1712 5273 non
1737 5227 1873 5283 erat,
1902 5229 2042 5271 esse.

1107 5314 1213 5381 .82.
1247 5310 1464 5365 Malum.

502 5414 704 5471 Nomen
733 5411 935 5467 habens
959 5422 1215 5478 graecum,
1245 5404 1518 5461 contentio
1546 5418 1734 5475 magna
1762 5402 1982 5458 dearum
2000 5442 2018 5470 ,

506 5506 671 5560 Fraus
696 5502 907 5573 juvenis
933 5499 1166 5571 pulchri,
1190 5497 1473 5552 multarum
1497 5483 1629 5551 cura.
1652 5510 1925 5561 sororum,

509 5596 786 5654 Excidium
814 5593 1013 5664 Trojar,
1040 5591 1166 5648 dum
1199 5590 1335 5646 bella
1365 5596 1585 5644 cruenta
1617 5587 1818 5660 peregi.

1129 5684 1217 5743 85.
1272 5681 1465 5738 Perna.

515 5783 700 5843 Nobile
726 5787 864 5843 duco
884 5803 1051 5859 genus
1080 5786 1258 5858 magni
1282 5785 1349 5841 de
1374 5794 1536 5856 gente
1558 5780 1795 5838 Catonis.

1876 290 2277 355 ᾹΞΝΙΟΜΑΤΑ.

2049 414 2101 474 Α
2131 413 2243 499 Una
2276 408 2405 471 mihi
2443 430 2602 474 soror
2630 429 2735 485 est,
2765 417 2947 489 plures
2967 419 3093 476 licet
3121 435 3243 477 esse
3275 429 3560 490 putentur.

2128 508 2206 564 De
2237 509 2381 565 fumo
2407 507 2593 580 facies,
2618 512 2877 583 sapientia
2909 513 2976 569 de
2999 518 3146 570 mare
3167 523 3291 570 nata
3320 521 3432 571 est.

2026 1826 2036 1843 ο
2063 1791 2114 1856 Β
2143 1795 2245 1850 Per
2267 1804 2403 1851 totas
2427 1796 2570 1852 aedes
2597 1798 2845 1853 innoxius
2868 1800 3054 1855 introit
3082 1799 3253 1871 ignis:
3593 1871 3603 1878 ~

2144 1887 2240 1942 Est
2267 1887 2417 1943 calor
2437 1889 2490 1943 in
2513 1889 2688 1944 medio
2711 1906 2931 1961 magnus
2960 1906 3121 1959 quem
3154 1904 3315 1945 nemo
3335 1899 3588 1946 veretur.

2145 1978 2262 2035 Non
2282 1988 2368 2037 est
2387 1979 2528 2036 nuda
2554 1979 2767 2047 domus,
2799 1982 2896 2037 sed
2927 1982 3101 2038 nudus
3120 1983 3375 2040 convenit
3396 1982 3642 2055 hospes.

2080 3168 2131 3233 C

3642 274 3773 365 eos

2737 605 2827 661 84.
2870 604 3111 661 Malleus.

2129 696 2246 752 Non
2275 711 2375 767 ego
2396 698 2465 753 de
2492 706 2604 752 toto
2629 697 2760 753 mihi
2788 712 3016 770 corpore
3043 699 3253 755 vindico
3277 699 3448 768 vires,

2133 787 2238 844 Sed
2269 790 2461 860 capitis
2490 804 2665 861 pugna
2687 790 2817 845 nulli
2858 800 3065 846 certare
3090 806 3301 847 recuso.

2132 881 2349 938 Grande
2375 882 2503 937 mihi
2526 892 2685 954 caput
2704 893 2820 939 est:
2852 894 3018 939 totum
3045 900 3258 957 quoque
3281 884 3497 957 pondus
3522 884 3580 940 in
3610 882 3773 955 ipso.

2736 975 2827 1031 85.
2874 974 3131 1031 Pistillus.

2134 1061 2367 1120 Contero
2390 1074 2582 1120 cuncta
2612 1067 2774 1122 simul
2804 1068 3013 1122 virtutis
3041 1069 3239 1124 robore
3262 1083 3488 1139 magno.

2137 1152 2251 1209 Una
2282 1155 2410 1210 mihi
2441 1157 2641 1220 cervix,
2663 1158 2895 1226 capitum
2917 1158 3010 1213 sed
3034 1158 3203 1213 forma
3224 1159 3483 1215 duorum.

2142 1244 2244 1300 Pro
2272 1245 2497 1315 pedibus
2525 1257 2685 1318 caput
2707 1258 2819 1304 est:
2859 1264 2983 1304 nam
3022 1259 3217 1306 caetera
3246 1249 3499 1321 corporis
3529 1251 3782 1307 absunt.

2746 1341 2834 1396 86.
2881 1341 3128 1413 Slrigilis.

2139 1428 2345 1497 Rnbea,
2376 1445 2560 1497 curva,
2588 1445 2774 1502 capax,
2807 1432 2995 1487 alienis
3022 1432 3238 1488 humida
3265 1432 3456 1505 guttis,

2142 1520 2455 1578 Luminibus
2481 1522 2632 1578 falsis
2658 1524 2772 1579 auri
2803 1526 3023 1579 mentita
3049 1525 3308 1590 colorem,

2148 1614 2329 1669 Dedita
2357 1613 2562 1683 sudori,
2591 1614 2801 1670 modico
2825 1617 3114 1672 succumbo
3136 1614 3331 1671 labori.

2736 1706 2825 1761 87.
2871 1706 3141 1761 Balneum.

2764 2075 2853 2131 88.
2899 2074 3129 2132 Tessera.

2152 2165 2336 2221 Dedita
2363 2181 2481 2222 sum
2507 2181 2722 2239 semper
2750 2179 2896 2237 voto,
2920 2184 3027 2225 non
3055 2180 3206 2225 certa
3236 2169 3435 2226 futuri:

2149 2257 2333 2314 Jactor
2359 2258 2414 2314 in
2442 2258 2701 2328 ancipites
2729 2260 2873 2314 varia
2898 2261 3157 2331 vertigine
3177 2277 3356 2329 casus,

2150 2350 2305 2407 Nunc
2330 2366 2432 2423 ego
2460 2360 2651 2408 maesta
2682 2353 2858 2421 malis,
2885 2369 3027 2409 nunc
3053 2356 3213 2411 rebus
3240 2356 3360 2411 laeta
3384 2354 3693 2412 secundis.

2763 2445 2851 2501 89.
2897 2444 3146 2505 Pecunia.

2151 2535 2324 2592 Terra
2345 2536 2418 2592 fui
2442 2536 2617 2607 primo
2645 2536 2864 2593 latebris
2886 2537 3200 2594 abscondita
3234 2547 3421 2595 terrm:

2152 2629 2304 2685 Nunc
2332 2631 2473 2685 aliud
2502 2632 2728 2701 pretium
2754 2629 2984 2685 ﬂammae
3015 2647 3319 2703 nomenque
3339 2632 3655 2689 dederunt.

2154 2722 2263 2778 Nec
2288 2724 2397 2794 jam
2424 2732 2561 2783 terra
2589 2739 2770 2789 vocor,
2796 2724 2919 2779 licet
2948 2740 3014 2779 ex
3037 2739 3123 2780 me
3144 2733 3285 2780 terra
3314 2735 3569 2795 paretur.

2538 2814 2625 2868 9t).
2674 2812 2864 2868 Mulier
2891 2817 3118 2885 geminos
3147 2816 3370 2886 pariens.

2158 2903 2287 2959 Plus
2316 2919 2415 2974 ego
2439 2904 2666 2962 sustinui
2703 2921 2864 2974 quam
2895 2921 3090 2976 corpus
3115 2906 3303 2962 debuit
3330 2923 3523 2963 unum.

2156 2995 2293 3054 Tres
2320 2999 2526 3053 animas
2548 2998 2728 3065 habui,
2751 3014 2884 3069 quas
2904 3014 3091 3056 omnes
3118 2999 3262 3055 intus
3284 2999 3596 3058 habebam:

2164 3089 2471 3146 Discessere
2499 3090 2639 3155 duae,
2673 3088 2767 3145 sed
2794 3090 2952 3145 tertia
2984 3106 3129 3161 pene
3158 3100 3344 3147 secuta
3374 3101 3480 3149 est.

2599 3177 2602 3180 ’
2654 3180 2743 3236 91.
2764 3179 2914 3246 Miles
2935 3182 3260 3253 podagricus.

2163 3274 2496 3345 Bellipotens
2522 3272 2676 3338 olim,
2701 3272 2863 3327 saevis
2893 3272 3214 3329 metuendus
3236 3274 3289 3328 in
3317 3273 3490 3329 armis

2162 3365 2408 3435 Quinque
2430 3364 2591 3434 pedes
2615 3363 2797 3430 habui,
2822 3378 2957 3434 quos
2985 3379 3216 3434 unquam
3242 3378 3401 3419 nemo
3422 3368 3666 3437 negavit
3689 3386 3709 3437 ;

2162 3458 2316 3514 Nunc
2345 3458 2474 3513 mihi
2499 3457 2583 3513 vix
2613 3456 2721 3511 duo
2743 3468 2898 3511 sunt:
2933 3458 3142 3528 inopem
3167 3473 3253 3513 me
3286 3458 3441 3528 copia
3475 3458 3641 3516 fecit.

2555 3546 2647 3603 9:2.
2690 3545 2890 3602 Luscus
2917 3548 3099 3601 allium
3126 3547 3365 3602 vendens.

2165 3638 2399 3696 Cernere
2414 3639 2523 3709 jam
2542 3638 2624 3696 fas
2652 3648 2755 3705 est,
2788 3638 2929 3708 quod
2953 3640 3039 3693 vix
3071 3637 3162 3693 tibi
3194 3639 3418 3695 credere
3440 3638 3525 3695 fas
3563 3651 3696 3697 est.

2167 3729 2316 3785 Unus
2332 3732 2469 3785 inest
2493 3729 2698 3797 oculos,
2729 3731 2961 3801 capitum
2982 3731 3076 3785 sed
3097 3729 3262 3785 millia
3292 3730 3482 3785 multa.

2166 3820 2269 3888 Qui
2286 3820 2426 3891 quod
2446 3820 2610 3877 habet
2626 3820 2828 3889 vendit,
2852 3822 2993 3892 quod
3015 3838 3120 3878 non
3146 3820 3327 3888 habet,
3358 3822 3504 3880 unde
3526 3826 3833 3894 parabit?

2708 3927 2798 3984 95.
2842 3926 3213 3982 Funambulus.

2169 4021 2313 4077 Inter
2332 4021 2610 4077 luciferum
2640 4023 2835 4076 caelum
2861 4029 3132 4089 terrasque
3151 4018 3393 4088 jacentes

2169 4121 2307 4173 Aera
2337 4131 2433 4187 per
2460 4115 2690 4170 medium
2721 4116 2877 4168 docta
2907 4122 3048 4167 meat
3077 4121 3192 4167 arte
3220 4112 3425 4168 viator:

2170 4210 2378 4266 Semita
2400 4204 2494 4264 sed
2518 4207 2696 4263 brevis
2716 4214 2818 4271 est,
2852 4204 3072 4274 pedibus
3107 4220 3205 4260 nec
3228 4203 3427 4260 sufficit
3461 4205 3626 4277 ipsis.

2792 4297 2883 4353 94.
2929 4297 3142 4354 Umbra.

2172 4398 2396 4456 Insidias
2426 4397 2596 4451 nullas
2627 4409 2817 4450 vereor
2836 4393 2905 4449 de
2936 4393 3122 4449 fraude
3152 4393 3360 4458 latenti,

2176 4494 2308 4549 Nam
2342 4494 2480 4549 Deus
2508 4491 2750 4545 attribuit
2780 4488 2934 4543 nobis
2956 4489 3070 4544 haec
3093 4502 3317 4543 munera
3338 4485 3558 4553 formas,

2180 4585 2250 4645 Ut
2272 4600 2430 4643 nemo
2458 4592 2690 4649 moveat,
2720 4582 2824 4638 nisi
2846 4581 2934 4651 qni
2968 4582 3114 4650 prius
3138 4580 3253 4651 ipse
3279 4588 3558 4636 movetur.

2818 4674 2907 4729 95.
2952 4670 3115 4727 Eclio.
3178 4726 3181 4731 .

2182 4770 2339 4841 Virgo
2370 4767 2611 4825 modesta
2635 4765 2794 4823 nimis
2823 4765 2994 4836 legem
3022 4764 3158 4819 bene
3179 4779 3341 4819 servo
3364 4763 3617 4833 pudoris.

2177 4864 2283 4919 Ore
2312 4878 2507 4934 procax
2532 4878 2636 4916 non
2664 4876 2805 4924 sum,
2840 4874 2938 4915 nec
2957 4874 3076 4914 sum
3100 4858 3381 4913 temeraria
3413 4858 3605 4929 lingua
3634 4875 3655 4931 ;

2179 4952 2333 5008 Ultro
2361 4952 2486 5009 nolo
2510 4952 2675 5023 loqui,
2704 4950 2798 5006 sed
2820 4950 2890 5005 do
2921 4963 3179 5019 responsa
3206 4948 3467 5020 loquenti.

2787 5060 2878 5116 96.
2928 5060 3172 5118 Somnus.

2185 5176 2387 5246 Sponte
2416 5190 2535 5230 mea
2559 5173 2778 5228 veniens
2799 5173 2974 5226 varias
2995 5173 3222 5227 ostendo
3253 5172 3476 5241 figuras.

2187 5268 2355 5339 Flngo
2387 5279 2559 5321 metus
2590 5280 2755 5321 vanos
2778 5264 2923 5318 nullo
2948 5264 3257 5318 discrimine
3285 5278 3439 5321 vero.
3498 5280 3503 5283 '

2186 5360 2291 5416 Sed
2322 5375 2408 5414 me
2431 5372 2588 5413 nemo
2615 5355 2781 5423 videt,
2807 5353 2906 5408 nisi
2933 5354 3022 5424 qui
3041 5368 3135 5409 sua
3161 5354 3358 5409 lumina
3380 5354 3620 5413 claudit.

2706 5467 2795 5521 97.
2853 5465 3259 5521 Monumentum.

2193 5586 2396 5644 Nomen
2429 5583 2630 5638 habens
2658 5582 2887 5636 hominis
2914 5590 3028 5650 post
3060 5582 3242 5635 ultima
3277 5580 3381 5635 fata
3410 5585 3707 5643 remansi:

2194 5680 2396 5735 Nomen
2420 5676 2576 5732 inane
2606 5683 2805 5739 manet,
2828 5672 2921 5727 sed
2955 5672 3124 5729 dulcis
3154 5674 3258 5726 vita
3287 5672 3553 5742 profugit.

2154 5840 2163 5851 .
2197 5771 2315 5831 Vita
2345 5779 2523 5828 tamen
2552 5776 2799 5841 superest
2826 5763 2982 5823 morti
3008 5774 3127 5854 post
3158 5772 3402 5839 tempora
3427 5766 3585 5826 vitae.
