3960 6360
159 283 241 340 ξθῗ

234 380 236 384 ’
733 398 820 455 98.
866 402 1087 457 Ancora.

151 491 300 547 Mucro
323 489 438 544 mihi
464 490 721 558 geminus
745 492 890 548 ferro
919 497 1258 568 conjungitur
1280 517 1437 556 ttuco.

147 581 256 636 Cum
283 588 422 635 vento
441 582 641 649 luctor,
666 597 787 639 cum
809 587 1017 656 gurgite
1047 604 1223 660 pugno
1247 591 1544 660 profundo;

147 671 331 729 Scrutor
348 686 508 743 aquas
536 673 746 731 medias
765 717 780 741 ,
806 676 951 746 ipsas
977 694 1192 750 quoque
1223 681 1446 738 mordeo
1478 692 1666 738 terras.

750 766 838 822 99.
874 767 1102 839 Lagena.

143 854 282 913 Mater
298 865 403 913 erat
431 857 613 928 tellus,
648 860 862 931 genitor
889 860 988 918 fuit
1010 863 1125 935 ipse
1145 864 1526 933 Prometheus,

790 282 1032 343 STEPH.
1076 289 1319 348 BALUZ.
1361 271 1519 347 NOT.
1561 288 1627 346 lN
1669 286 1795 345 LIB.
1842 286 1927 343 DE
1968 287 2312 346 MORTIBUS
2353 288 2733 345 PERSECUT.

3314 295 3421 350 Q98

1741 415 1792 475 Α
1822 405 2196 476 Auriculaeque
2227 415 2421 475 regunt
2442 405 2706 460 redimita:
2731 413 2919 460 ventre
2947 414 3154 460 cavato.

1815 498 1950 552 Dum
1977 498 2141 554 cecidi
2170 499 2376 566 infelix,
2406 508 2578 553 mater
2603 512 2719 552 mea
2750 512 2835 553 me
2864 497 3063 554 divisit.

2549 589 2672 648 100.

1810 681 1962 738 Nunc
1982 682 2110 738 mihi
2136 683 2246 753 jam
2278 681 2489 751 credas,
2517 683 2632 738 ﬁeri
2659 682 2799 753 quod
2832 697 2989 753 posse
3014 691 3258 754 negatur.

1809 776 1943 832 Octo
1965 785 2116 833 tenes
2143 777 2412 844 manibus,
2432 776 2527 831 sed
2551 790 2638 832 me
2665 784 3000 831 monstrante
3026 775 3305 846 magistro,

1808 867 2043 925 Sublatis
2073 878 2282 939 septem
2315 868 2506 938 reliqui
2539 868 2631 923 tibi
2655 881 2748 922 sex
2773 865 3236 937 remanebunt(‘)-.

1459 1005 1818 1064 VARIORUM
1859 1007 2093 1066 NOTAE.

201 1139 457 1216 (inlunis
514 1141 694 1196 verbis
749 1141 816 1216 de
873 1140 976 1216 hoc
1029 1143 1314 1216 :enigmate
1362 1145 1697 1216 explanaodo

135 1211 246 1267 dixit
280 1211 637 1284 lleumannus,
681 1215 772 1284 qui
818 1215 992 1268 varias
1034 1231 1080 1268 ν.
1135 1211 1190 1269 d.
1233 1211 1700 1284 interpretationes

135 1284 298 1338 attulit.
329 1283 644 1356 Alleyuazius
671 1284 742 1338 ita
773 1285 1002 1352 explicat
1027 1303 1040 1339 :
1088 1304 1107 1338 ι
1133 1285 1353 1340 Veteres
1378 1283 1479 1355 per
1506 1287 1701 1356 digitos

1801 1148 1946 1230 tione
1975 1147 2206 1230 Perionii
2240 1163 2414 1230 neque
2454 1149 2576 1230 hoc,
2607 1160 2795 1230 hcque
2810 1135 2960 1230 “illud
3003 1148 3230 1229 aenigma
3247 1147 3420 1230 'i‘nve-

1803 1227 1968 1285 nitur,

1804 1304 1970 1344 nerus

2040 1220 2140 1273 uod
2169 1220 2219 1273 in
2257 1220 2344 1274 ed.
2389 1218 2639 1275 Lemairii
2681 1235 2734 1273 n.
2770 1219 2876 1274 100
2916 1219 3126 1287 legitur,
3161 1226 3218 1272 ut
3247 1218 3422 1273 Reus-

2065 1306 2127 1345 oc
2173 1305 2238 1344 ex
2284 1291 2373 1345 illa
2422 1290 2511 1346 ed.
2567 1289 2970 1359 trauscripsisse
3009 1289 3142 1344 falso
3183 1289 3414 1344 dicatur.

133 1353 450 1408 numerabant
473 1374 500 1432 _:
558 1369 652 1409 sex
718 1355 1091 1432 signiﬁcabant
1157 1353 1406 1432 omnibus
1471 1353 1704 1432 sinistrae
1807 1359 2192 1432 )Enigmahoe
2219 1369 2336 1417 est:

133 1434 302 1493 prmter
328 1425 661 1498 annularem,
707 1441 803 1498 seu
829 1427 1050 1481 minimo
1085 1429 1384 1496 proximum
1417 1430 1699 1498 expansis:

131 1505 306 1565 septem
327 1496 436 1549 solo
463 1495 690 1550 minimo
715 1496 1003 1566 depresso;
1032 1508 1153 1553 octo
1183 1498 1439 1566 depresso
1459 1495 1704 1555 annulari

127 1579 169 1620 et
191 1567 408 1639 minimo,
431 1581 534 1621 seu
560 1569 864 1639 auriculari.
892 1567 948 1623 Si
969 1583 1098 1639 ergo
1119 1568 1472 1624 auriculztrem
1493 1580 1698 1638 septem

128 1636 484 1710 exprimentem
515 1637 812 1707 erigebant,
858 1636 1077 1693 relictus
1105 1648 1188 1694 est
1213 1640 1483 1694 annularis
1503 1636 1701 1710 digitus

127 1707 396 1778 depressus,
427 1723 566 1778 ergo
593 1724 848 1764 numerus
873 1710 1138 1766 senarius.
1179 1729 1198 1762 ›
1231 1711 1478 1766 Ceterum
1510 1707 1699 1767 in'edi-

474 1935 1270 1946 .———.—_——_—_—-———_—————-
1287 1938 1466 1947 ~————

1591 1898 2479 1910 .—.—7—-7.——._._.____.___
2493 1904 2498 1908 ,
2516 1906 2517 1909 η
2532 1903 2610 1908 ___.-

309 2075 1202 2206 STEPHANI
1298 2079 2025 2209 BALUZII
2119 2085 3164 2215 TUTELENSIS

2491 1472 2722 1525 Cuculus.

1897 1556 2106 1620 Frigore
2126 1558 2396 1619 digredior,
2421 1557 2673 1607 redeunte
2696 1555 2860 1606 calore
2883 1561 3132 1606 revertor.

1897 1639 2092 1690 Desero
2115 1643 2243 1705 quod
2263 1642 2464 1705 peperi;
2483 1641 2584 1691 hoc
2601 1649 2770 1690 tamen
2791 1638 2971 1689 educat
2993 1640 3147 1689 altera
3168 1647 3343 1689 mater.

1897 1724 2019 1783 Quid
2039 1725 2126 1776 tibi
2152 1726 2226 1775 vis
2245 1725 2376 1774 aliud
2399 1724 2593 1774 dicam?
2618 1737 2700 1774 me
2725 1737 2820 1773 vox
2841 1735 2950 1773 mea
2970 1725 3148 1786 prodit.

285 1894 1775 1908 ————.—____.—___———.——
1789 1899 2967 1910 .——.———_.—.———..._—-.._—_____—
3011 1903 3110 1910 __

158 1893 180 1936 Ε
211 1905 812 1944 ——g—-.———.—_—
825 1937 1270 1946 _—-———_—————-
1287 1937 2023 1948 ~————————~—.———_—.—
2041 1940 2765 1950 ~‘——.---—_———————-—--——-
3065 1899 3401 1952 σ--ο-σ-.-ηοςενὲ

3164 1899 3404 1916 ﬁ

2611 1901 2967 1910 .-—_————-_——

3011 1903 3110 1910 -

2041 1941 2694 1950 —.—-—-——----—__——————-—--—
2703 1940 2765 1949 η-
2779 1941 3052 1950 _————-—
3065 1941 3324 1951 σ--ο-σ-.-ηοσυι

1394 2350 2132 2511 NOTAE

548 2638 666 2713 IN
725 2641 1168 2714 LIBRUM
1228 2641 1374 2714 DE
1431 2639 1983 2714 MORTIBUS
2038 2639 2983 2717 PERSECUTOBUM.
3072 2618 3076 2622 ν

1127 2892 2378 2938 ψ’·-

193 3109 325 3187 luter
344 3111 553 3167 multos
581 3125 648 3187 ac
671 3112 853 3168 varios
882 3112 1100 3169 codices
1128 3116 1547 3187 manuscriptos,
1580 3131 1717 3187 quos
1746 3123 1794 3182 Β
1825 3116 1974 3173 heret
2007 3118 2059 3172 in
2088 3119 2267 3174 medio
2290 3117 2644 3187 atrocissima:
2665 3116 3096 3186 persecutionis?
3122 3116 3265 3172 Sane
3289 3117 3424 3174 Laco

135 3181 207 3233 vir
221 3181 504 3238 litterarum
528 3197 598 3238 ac
615 3183 975 3239 litteratorum
988 3181 1480 3252 amantissimus,'et
1500 3181 1552 3242 in
1571 3181 1718 3244 omni

132 3265 306 3328 genere
331 3252 504 3328 laudis
535 3255 1029 3328 excellentissimus
1049 3295 1063 3321 ,
1087 3255 1314 3328 Joannes
1340 3257 1576 3328 Baptista
1603 3259 1722 3314 Col-

135 3324 303 3392 bertus,
336 3327 388 3378 in
416 3325 698 3395 publicam
724 3325 1022 3381 studiorum
1047 3327 1329 3381 utilitatem
1359 3324 1430 3383 ex'
1447 3331 1591 3383 omni
1616 3331 1723 3385 Eu-

135 3408 267 3462 ropa,
324 3397 472 3463 Asia,
531 3397 721 3452 Africa
768 3398 1122 3466 comparavit,
1169 3407 1414 3467 repertus
1453 3409 1534 3454 est
1584 3416 1722 3458 unus

133 3477 249 3537 auro
269 3475 455 3537 contra
482 3468 864 3534 aestimandus,
889 3470 944 3521 in
968 3483 1076 3537 quo
1095 3471 1404 3524 continetur
1424 3470 1574 3525 Lucii
1601 3472 1720 3528 Cae-

133 3535 226 3589 cilii
263 3535 515 3608 Firmiani
548 3537 815 3592 Lactantii
840 3535 1066 3593 liber—de
1090 3540 1484 3608 persecutione,
1517 3543 1632 3596 sive
1654 3545 1720 3599 de

135 3606 377 3678 mortibus
403 3618 844 3678 persecutorum,
877 3623 984 3678 quo
1015 3606 1276 3664 hactenus
1324 3623 1573 3667 caruerat
1616 3614 1720 3670 Ec-

132 3676 294 3757 clesia.
321 3676 436 3757 Non
457 3679 606 3757 facit
637 3680 728 3757 ille
745 3676 1158 3757 quod—plerique
1200 3682 1408 3757 solent;
1439 3682 1531 3750 qui
1555 3685 1600 3739 si
1628 3700 1724 3741 ve-

134 3750 244 3825 teris
266 3750 574 3825 cuiuspiam
621 3751 907 3820 scriptoris
929 3765 1072 3825 opus
1092 3751 1396 3825 _inedi_t_um,
1429 3763 1719 3823 quantum-

131 3819 199 3870 vis
227 3819 338 3875 leve
378 3823 450 3874 sit
479 3837 556 3876 ac
588 3819 770 3888 tenue,
803 3822 943 3875 nacti
971 3819 1188 3886 fuerint,
1220 3819 1508 3892 diligenter
1541 3827 1721 3881 occul-

131 3897 249 3956 tant,
277 3901 558 3964 tamquam
591 3893 642 3946 in
673 3892 912 3964 tenebris
940 3893 1110 3964 magis
1135 3893 1368 3959 eluceat,
1400 3905 1457 3949 ut
1498 3897 1717 3964 gloriari

132 3963 319 4025 possint
331 3978 389 4016 se
405 3963 568 4018 solos
587 3963 886 4032 possidere,
904 3963 1047 4032 quod
1061 3978 1250 4019 omnes
1268 3964 1464 4019 habere
1481 3963 1682 4022 vellent
1701 3984 1715 4033 ;

127 4043 410 4102 caveutque
433 4048 814 4104 summopere,
849 4049 917 4088 ne
948 4035 999 4087 in
1031 4049 1222 4088 manus
1260 4035 1485 4090 aliorum
1534 4039 1720 4092 venire

133 4105 303 4174 possit.
337 4104 650 4159 Liberalior
677 4105 1049 4174 excelsiorque
1093 4114 1179 4161 est
1216 4107 1429 4160 animus
1471 4107 1718 4162 illustris-

134 4173 242 4226 simi
273 4175 394 4240 viri,
417 4191 586 4246 quam
616 4185 678 4228 ut
706 4174 838 4247 falsa
870 4173 971 4228 illa
992 4175 1161 4244 gloria
1191 4177 1361 4231 teneri
1391 4179 1577 4247 possit.
1612 4178 1719 4235 Ita-

132 4257 224 4320 que
242 4247 768 4320 cum_intellexis_set
818 4246 959 4300 hunc
993 4246 1492 4320 Lactantiiqlibrum
1532 4258 1720 4306 extare

136 4317 259 4386 inter
277 4317 534 4386 antiquos
557 4317 777 4371 codices
795 4318 1190 4386 manuscriptos
1216 4317 1554 4374 bibliothecae
1583 4337 1716 4386 suae,

1828 3189 2025 3244 lautius
2051 3189 2218 3245 libros
2235 3183 2539 3245 divinarum
2569 3183 2964 3242 lnstitutionum
2985 3189 3426 3258 scripsitfurente

1825 3262 2224 3329 persecutione,
2281 3261 2334 3315 in
2387 3262 2517 3330 ipsis
2562 3261 2679 3329 eius
2725 3259 2920 3327 initiis,
2955 3268 3011 3314 ut
3039 3274 3102 3314 ex
3131 3262 3305 3329 capite
3333 3275 3426 3316 se-

1824 3331 2006 3385 cundo
2036 3343 2091 3385 et
2118 3341 2308 3400 quarto
2332 3332 2452 3387 libri
2485 3331 2653 3400 quinti
2682 3331 2954 3399 colligitur
2983 3347 2994 3381 :
3028 3332 3122 3384 sed
3154 3346 3258 3384 non
3289 3333 3426 3385 emi-

1823 3403 1913 3461 sit.
1952 3404 2240 3471 impeditus
2283 3403 2538 3457 videlicet
2581 3402 2659 3456 rei
2705 3410 2758 3454 et
2789 3401 3420 3471 temporisinecessitate,

1824 3470 2038 3540 ut'ipse’
2055 3474 2292 3542 loquitur
2317 3474 2370 3527 in
2404 3472 2666 3542 principio
2697 3471 2819 3526 libri
2850 3471 2916 3525 de
2944 3470 3170 3540 Opificio
3208 3471 3424 3542 l)ei.iAt

1823 3557 1944 3596 cum
1977 3543 2098 3596 data
2127 3541 2282 3598 esset
2331 3541 2454 3613 pax,
2503 3542 2787 3610 omnisque
2825 3551 3001 3613 metus
3045 3555 3074 3593 a
3114 3541 3426 3613 pectoribus

1822 3613 2253 3668 Christianorum
2282 3611 2541 3683 depulsus
2567 3613 2831 3683 beneﬁcio
2852 3611 3190 3683 Constantini
3214 3611 3288 3683 _M.
3321 3611 3424 3664 im-

1820 3685 2109 3754 peratoris,
2139 3694 2250 3739 tum
2280 3681 2410 3739 vero
2439 3681 2798 3754 Ecclesiastici
2823 3683 3115 3754 scriptores
3141 3681 3425 3752 indulgen-

1824 3752 1894 3807 tia
1926 3755 2294 3824 benignissimi
2325 3755 2585 3825 principis
2625 3753 2728 3819 usi,
2761 3752 2996 3806 animum
3039 3761 3424 3825 converterunt

1821 3826 1886 3878 ad
1917 3821 2256 3896 scribendum
2289 3821 2472 3896 :quod
2504 3821 2814 3896 antea_non
2861 3829 3016 3896 erant
3065 3823 3200 3896 ausi.
3239 3821 3425 3896 Itaque

1823 3904 1935 3949 tum
1967 3895 2276 3950 Lactantius
2325 3892 2627 3949 divinarum
2680 3892 3081 3946 institutionum
3125 3893 3312 3958 libros,
3365 3893 3423 3949 in

1820 3966 2013 4036 quibus
2037 3967 2150 4019 loca
2183 3966 2425 4036 qutedam
2459 3966 2687 4035 sparsim
2715 3963 3082 4036 reperiuntur,
3100 3978 3220 4033 quae
3250 3964 3425 4018 mani-

1822 4033 1960 4091 festo
1986 4033 2420 4106 constat'scripta
2449 4033 2570 4091 esse
2596 4043 2715 4103 post
2745 4035 2942 4106 bellqu
2973 4033 3220 4106 sedatum
3261 4043 3424 4106 atque

1821 4108 2138 4174 extinctum,
2194 4104 2486 4176 recensuit,
2552 4107 2811 4176 pleraque
2881 4104 3108 4176 addidit,
3159 4105 3425 4174 imprimis

1821 4191 1954 4232 vero
1982 4193 2202 4248 ea,qum
2230 4179 2281 4232 in
2311 4179 2478 4232 initiis
2512 4175 2771 4231 librorum
2800 4184 2855 4229 et
2897 4176 2948 4228 in
2986 4175 3423 4248 epilogodicun-

1823 4257 1908 4302 tur
1935 4249 2001 4302 ad
2021 4246 2472 4312 Constantinum;
2506 4265 2625 4318 qua:
2656 4261 2940 4318 perperam
2989 4246 3232 4301 nonnulli
3275 4246 3423 4316 judi-

1822 4327 1946 4373 cant
1974 4321 2134 4374 notha
2165 4336 2314 4384 esse,
2342 4336 2405 4374 ac
2426 4316 2788 4389 supposititia,
2815 4316 2952 4371 adeo
2983 4327 3040 4370 ut
3067 4331 3254 4371 eorum
3283 4331 3422 4389 pra-

131 4384 350 4459 satisque
375 4384 724 4458 compertum
769 4387 991 4459 haberet
1021 4384 1280 4458 quantum
1310 4388 1434 4444 hinc
1476 4384 1719 4446 utilitatis
1817 4389 2020 4457 judicio
2047 4390 2214 4446 fretus
2241 4384 2742 4459 Josephus'lsarus,
2791 4389 2881 4458 qui
2933 4397 3258 4456 postremam
3282 4384 3427 4459 Lac-

131 4455 400 4555 accederet
426 4455 714 4555 Ecclesiae,
764 4458 813 4555 si
858 4455 1180 4555 vulgaretur,
1232 4474 1536 4555 unanquaOn}
1561 4473 1716 4555 antea
1744 4493 1790 4555 Ο

134 4525 436 4598 frequenter
457 4525 818 4584 mandaverat
841 4539 920 4596 ut,
945 4525 988 4582 si
1019 4529 1146 4598 quid
1168 4525 1422 4585 irteditum
1447 4529 1721 4588 videretur

133 4597 190 4670 in,
227 4599 432 4655 eisdem
488 4600 733 4670 antiquis
774 4597 1069 4665 codicibus,
1102 4600 1152 4653 id
1184 4609 1352 4655 totum
1383 4604 1547 4670 praalo
1573 4617 1723 4658 com-

134 4669 444 4744 mitteretur,
479 4669 665 4726 tamen
693 4685 756 4725 ea
783 4671 1070 4744 occasione
1093 4671 1403 4744 mandatum
1428 4671 1576 4744 dedit
1601 4689 1726 4744 spe-

132 4739 273 4811 ciale,
310 4752 362 4796 et
384 4744 552 4797 solita
583 4742 952 4810 magnitudine
969 4741 1132 4794 animi
1161 4745 1338 4795 statim
1353 4743 1532 4811 jussit,
1560 4739 1724 4801 ut'hic

135 4809 386 4866 Lactantii
414 4814 563 4869 liber
591 4813 644 4866 in
671 4809 1023 4867 clarissimam
1057 4813 1229 4866 lucem
1253 4809 1520 4868 ederetur.

201 4881 399 4955 Damus
417 4885 590 4955 igitur
616 4884 763 4955 illum
782 4897 848 4955 ex
871 4883 1212 4938 codice1297
1239 4883 1583 4955 Bibliotheca:
1598 4883 1723 4942 Col-

133 4950 347 5026 hcrtiua:
378 4950 567 5024 (tt'nnc
598 4955 651 5007 in
683 4951 926 5026 Bibliotlt.
957 4955 1120 5026 regia,
1150 4954 1312 5021 ὑπῆν,
1342 4971 1483 5008 num.
1514 4955 1651 5010 2627
1682 4957 1724 5026 ),

132 5024 213 5090 qui
239 5027 707 5096 octingentorum,
739 5033 831 5096 aut
857 5025 1090 5096 circiter.
1132 5039 1394 5079 annorum
1420 5040 1540 5080 esse
1581 5024 1730 5081 vide-

135 5103 232 5167 tur.
306 5095 591 5167 integrum
652 5095 904 5167 quidem,
979 5095 1073 5149 sed
1140 5096 1511 5167 abiimperita
1569 5113 1730 5152 manu

131 5166 384 5235 scriptum
403 5165 710 5236 {adeoque
740 5166 981 5236 pluribus
1005 5165 1214 5238 mendis
1232 5165 1511 5238 infectum.
1557 5166 1733 5238 Atque

133 5249 191 5288 ca
254 5240 480 5307 quidem
556 5235 786 5305 quorum
844 5236 1151 5291 emendatio
1223 5235 1396 5292 facilis
1455 5248 1511 5293 et
1577 5235 1732 5294 obvia

132 5316 242 5360 erat
312 5310 489 5365 libere
557 5324 660 5362 nos
720 5307 1127 5362 etnendavimus
1179 5325 1192 5360 :
1252 5308 1345 5362 sed
1412 5323 1474 5364 ea
1538 5309 1734 5363 intacta

134 5378 471 5448 reliquimus,
499 5381 555 5433 in
585 5379 782 5448 quibus
800 5377 1018 5432 audacia
1045 5377 1347 5447 corrigendi
1377 5395 1484 5433 non
1507 5381 1730 5434 vacabat

135 5449 389 5514 periculo.
429 5450 710 5504 Fortassis
734 5450 822 5503 alii
863 5448 1133 5504 feliciores
1178 5458 1351 5502 erunt.
1385 5451 1730 5518 Cotnpositus

132 5527 183 5572 ct
208 5520 494 5576 absolutus
524 5521 780 5575 estliber
817 5534 883 5574 eo
929 5535 1095 5583 anno,
1138 5535 1245 5588 quo
1300 5531 1419 5588 post
1467 5522 1732 5575 extinctos

133 5602 513 5656 persecutores
571 5590 945 5661 dulcissimum
1004 5599 1059 5644 et
1095 5589 1530 5661 pulcherrimum
1587 5592 1734 5661 pacis

133 5677 321 5732 nomen
375 5661 636 5717 auditum
684 5669 767 5732 est
808 5662 861 5714 in
903 5657 1138 5716 Ecclesia
1165 5657 1387 5732 Christi,
1429 5657 1736 5732 nostrisque

130 5730 444 5790 hominibus
518 5730 885 5798 tranquillitas
932 5745 997 5802 ac
1050 5731 1302 5802 loquendi
1355 5730 1738 5802 scribendique

133 5802 351 5861 libertas
375 5804 664 5860 restituta.
681 5802 810 5869 Quis
830 5802 973 5856 enim
990 5800 1267 5859 historiam
1283 5800 1585 5860 istiusmodi
1602 5800 1741 5860 scri-

512 5895 797 5958 Panos.
845 5891 982 5954 νη.

1821 4461 1975 4515 tantii
2006 4461 2297 4516 editionem
2331 4457 2628 4516 Romanam
2669 4457 2881 4525 emisit,
2915 4459 3165 4512 universa
3209 4457 3425 4514 deleve-

1824 4534 1916 4595 rit,
1939 4548 2060 4601 qua:
2092 4535 2142 4587 in
2175 4533 2293 4587 aliis
2321 4532 2643 4588 editionibus
2691 4529 2756 4584 ad
2793 4528 3424 4601 Constantionmscripta

1823 4599 2090 4672 leguntur.
2139 4603 2206 4656 Et
2257 4613 2432 4658 tamen
2482 4612 2610 4671 puto
2661 4613 2977 4672 nonposse
3027 4613 3156 4672 vere
3191 4599 3425 4672 dubitari

1824 4669 1954 4743 quin
1984 4687 2046 4727 ea
2079 4675 2187 4727 sint
2216 4669 2651 4735 Lactantii',cum
2675 4680 2729 4726 et
2753 4670 2994 4740 ejusdem
3017 4669 3269 4743 sint‘styli
3296 4683 3424 4723 cum

1826 4739 2036 4799 creteris
2062 4744 2302 4812 ejusdem
2333 4743 2615 4812 aperibus,
2643 4751 2698 4796 et
2739 4739 2963 4812 phrases
2990 4739 3258 4812 quaedam,
3288 4754 3423 4812 qua:

1829 4815 1942 4870 illic
1972 4809 2255 4877 habentur,
2288 4809 2492 4869 eaedem
2516 4813 2696 4866 sintin
2720 4809 2884 4864 variis
2905 4809 3036 4862 locis
3070 4810 3221 4862 istius
3245 4809 3423 4862 histo-

1831 4885 1947 4951 riae,
1999 4895 2053 4940 et
2107 4885 2430 4954 reliquarum
2481 4883 2738 4954 Lactantii
2803 4878 3255 4954 lucubrationum.
3311 4879 3418 4954 Sed

1833 4949 1973 5010 haud
1998 4956 2158 5009 dubie
2187 4949 2308 5010 duce
2336 4954 2627 5024 antiquitus
2671 4950 3153 5024 fuerediviuurum
3206 4949 3422 5024 lnsti_tu-

1833 5027 2039 5081 tionum
2065 5027 2350 5092 editiones,
2381 5020 2679 5084 una'l'erme
2725 5023 2901 5078 statim
2951 5031 3069 5090 post
3109 5021 3285 5074 datam
3317 5020 3421 5092 Ec-

1836 5098 2015 5151 clesia:
2043 5113 2226 5168 pacem
2255 5091 2473 5160 emissa,
2506 5111 2628 5168 cum
2659 5095 2833 5168 adhuc
2848 5092 3172 5168 Lactantius
3199 5099 3342 5168 esset
3366 5091 3422 5145 in

1838 5161 2108 5240 Bithynia,
2133 5169 2298 5240 altera
2326 5167 2669 5240 postibcllum
2715 5163 2997 5240 Cibaleuse
3019 5173 3072 5216 et
3094 5161 3422 5240 Mardiense,

1839 5231 1983 5293 cum'
2001 5231 2234 5293 venisset
2262 5231 2533 5293 iuCallias
2560 5246 2777 5305 propter
2798 5236 3046 5303 Crispum
3087 5231 3428 5287 Constantini

1841 5310 2029 5363 lilium.
2054 5312 2150 5375 Qui
2181 5325 2307 5378 ergo
2333 5308 2511 5378 priore
2539 5307 2774 5362 editione
2795 5308 2893 5378 usi
2909 5313 3051 5366 sunt,
3085 5319 3145 5378 ea
3187 5305 3431 5378 proiecto

1843 5395 1947 5434 non
2001 5372 2302 5454 habuerunt
2336 5372 2468 5454 ’ψιῴ
2508 5388 2695 5448 postea
2745 5378 2810 5431 de
2855 5375 3210 5454 Constantino
3247 5372 3432 5454 addita

1840 5460 1996 5514 sunt;
2029 5460 2187 5520 atque
2225 5445 2583 5503 atleo’mirum
2627 5463 2731 5502 non
2788 5457 2872 5502 est
2909 5462 2983 5520 _ca
3025 5445 3319 5520 desiderari
3377 5446 3432 5497 in

1840 5515 2158 5595 quibusdam
2187 5521 2605 5590 exemplaribus.
2624 5520 2730 5574 Sed
2751 5528 2808 5572 ut
2832 5517 3120 5595 redeamus
3143 5515 3212 5595 ad
3229 5515 3434 5595 librum

1843 5592 1911 5664 de
1943 5591 2203 5664 mortibus
2221 5587 2656 5664 persecuturum,
2689 5606 2716 5642 a
2747 5603 2852 5658 quo
2879 5600 2976 5664 nos
3008 5587 3436 5664 abduxithocca-

1843 5663 1926 5716 sio
1953 5655 2255 5716 disserendi
2287 5662 2354 5716 de
2396 5655 2650 5729 tempore,
2679 5655 2786 5728 quo
2837 5659 3020 5726 scripti
3055 5667 3178 5729 sunt
3210 5655 3329 5729 libri
3360 5655 3449 5708 di-

1846 5733 2093 5786 vinarum
2146 5725 2573 5798 Iustitutionum,
2615 5725 2822 5784 certum
2851 5738 2934 5782 est
2950 5725 3460 5798 ’eum‘abAuctore‘

1847 5805 2108 5874 scriptum
2138 5803 2473 5860 Nicomediae
2495 5796 2828 5870 in'Bithynia
2850 5842 2865 5863 ,
2897 5800 2986 5854 ubi
3015 5798 3062 5854 is
3090 5796 3350 5854 habitavit
3365 5810 3465 5874 per

2790 5887 2868 5951 10
