  <div class='ocr_page' id='page_1' title='image "/cluster/home/n/w/nwhite01/storage/ocr_20150623/7/umn.31951002477301e/167.png"; bbox 0 0 3960 6338; ppageno 0'>
   <div class='ocr_carea' id='block_1_1' title="bbox 511 285 618 353">
    <p class='ocr_par' dir='ltr' id='par_1_1' title="bbox 511 285 618 353">
     <span class='ocr_line' id='line_1_1' title="bbox 511 285 618 353; baseline -0.028 0"><span class='ocrx_word' id='word_1_1' title='bbox 511 285 618 353; x_wconf 71' lang='lat'><strong>519</strong></span> 
     </span>
    </p>
   </div>
   <div class='ocr_carea' id='block_1_2' title="bbox 518 482 1000 554">
    <p class='ocr_par' dir='ltr' id='par_1_2' title="bbox 518 482 1000 554">
     <span class='ocr_line' id='line_1_2' title="bbox 518 482 1000 554; baseline -0.002 -18"><span class='ocrx_word' id='word_1_2' title='bbox 518 494 617 554; x_wconf 85' lang='lat' dir='ltr'><strong>pro</strong></span> <span class='ocrx_word' id='word_1_3' title='bbox 648 482 753 538; x_wconf 85' lang='lat' dir='ltr'><strong>ﬁde</strong></span> <span class='ocrx_word' id='word_1_4' title='bbox 780 482 1000 554; x_wconf 83' lang='lat' dir='ltr'><strong>Christi.</strong></span> 
     </span>
    </p>
   </div>
   <div class='ocr_carea' id='block_1_3' title="bbox 605 551 2104 622">
    <p class='ocr_par' dir='ltr' id='par_1_3' title="bbox 605 551 2104 622">
     <span class='ocr_line' id='line_1_3' title="bbox 605 551 2104 622; baseline 0.003 -16"><span class='ocrx_word' id='word_1_5' title='bbox 605 553 849 607; x_wconf 86' lang='lat' dir='ltr'><strong>Victorias</strong></span> <span class='ocrx_word' id='word_1_6' title='bbox 872 552 1084 608; x_wconf 79' lang='lat' dir='ltr'><strong>Gather.</strong></span> <span class='ocrx_word' id='word_1_7' title='bbox 1116 561 1164 605; x_wconf 89' lang='lat' dir='ltr'><strong>et</strong></span> <span class='ocrx_word' id='word_1_8' title='bbox 1207 551 1434 607; x_wconf 87' lang='lat' dir='ltr'><strong>Sarmat.</strong></span> <span class='ocrx_word' id='word_1_9' title='bbox 1468 552 1602 619; x_wconf 84' lang='lat' dir='ltr'><strong>Quia</strong></span> <span class='ocrx_word' id='word_1_10' title='bbox 1647 552 2000 622; x_wconf 76' lang='lat' dir='ltr'><strong>imperatores</strong></span> <span class='ocrx_word' id='word_1_11' title='bbox 2044 569 2104 610; x_wconf 89' lang='lat' dir='ltr'><strong>se</strong></span> 
     </span>
    </p>
   </div>
   <div class='ocr_carea' id='block_1_4' title="bbox 520 621 2106 689">
    <p class='ocr_par' dir='ltr' id='par_1_4' title="bbox 520 621 2106 689">
     <span class='ocr_line' id='line_1_4' title="bbox 520 621 2106 689; baseline 0 -9"><span class='ocrx_word' id='word_1_12' title='bbox 520 624 574 680; x_wconf 88' lang='lat' dir='ltr'><strong>in</strong></span> <span class='ocrx_word' id='word_1_13' title='bbox 607 624 759 677; x_wconf 89' lang='lat' dir='ltr'><strong>titulo</strong></span> <span class='ocrx_word' id='word_1_14' title='bbox 796 621 952 676; x_wconf 92' lang='lat' dir='ltr'><strong>edicti</strong></span> <span class='ocrx_word' id='word_1_15' title='bbox 984 624 1248 677; x_wconf 88' lang='lat' dir='ltr'><strong>vocabant</strong></span> <span class='ocrx_word' id='word_1_16' title='bbox 1273 623 1533 679; x_wconf 87' lang='lat' dir='ltr'><strong>Gotlticos</strong></span> <span class='ocrx_word' id='word_1_17' title='bbox 1561 633 1616 678; x_wconf 86' lang='lat' dir='ltr'><strong>et</strong></span> <span class='ocrx_word' id='word_1_18' title='bbox 1661 621 2013 689; x_wconf 86' lang='lat' dir='ltr'><strong>Sarmaticos,</strong></span> <span class='ocrx_word' id='word_1_19' title='bbox 2046 634 2106 680; x_wconf 87' lang='lat' dir='ltr'><strong>ut</strong></span> 
     </span>
    </p>
   </div>
   <div class='ocr_carea' id='block_1_5' title="bbox 519 693 2105 763">
    <p class='ocr_par' dir='ltr' id='par_1_5' title="bbox 519 693 2105 763">
     <span class='ocr_line' id='line_1_5' title="bbox 519 693 2105 763; baseline -0.001 -13"><span class='ocrx_word' id='word_1_20' title='bbox 519 695 574 750; x_wconf 89' lang='lat' dir='ltr'><strong>in</strong></span> <span class='ocrx_word' id='word_1_21' title='bbox 597 694 759 748; x_wconf 87' lang='lat' dir='ltr'><strong>veteri</strong></span> <span class='ocrx_word' id='word_1_22' title='bbox 787 693 1158 763; x_wconf 83' lang='lat' dir='ltr'><strong>Inscriptione,</strong></span> <span class='ocrx_word' id='word_1_23' title='bbox 1179 710 1337 763; x_wconf 92' lang='lat' dir='ltr'><strong>quam</strong></span> <span class='ocrx_word' id='word_1_24' title='bbox 1382 695 1547 749; x_wconf 80' lang='lat' dir='ltr'><strong>refert</strong></span> <span class='ocrx_word' id='word_1_25' title='bbox 1571 694 1926 763; x_wconf 78' lang='lat' dir='ltr'><strong>Cuspinianus</strong></span> <span class='ocrx_word' id='word_1_26' title='bbox 1954 695 2007 749; x_wconf 92' lang='lat' dir='ltr'><strong>in</strong></span> <span class='ocrx_word' id='word_1_27' title='bbox 2041 695 2105 749; x_wconf 84' lang='lat' dir='ltr'><strong>li—</strong></span> 
     </span>
    </p>
   </div>
   <div class='ocr_carea' id='block_1_6' title="bbox 518 763 2102 834">
    <p class='ocr_par' dir='ltr' id='par_1_6' title="bbox 518 763 2102 834">
     <span class='ocr_line' id='line_1_6' title="bbox 518 763 2102 834; baseline 0 -15"><span class='ocrx_word' id='word_1_28' title='bbox 518 764 617 819; x_wconf 88' lang='lat' dir='ltr'><strong>bro</strong></span> <span class='ocrx_word' id='word_1_29' title='bbox 646 763 714 819; x_wconf 91' lang='lat' dir='ltr'><strong>de</strong></span> <span class='ocrx_word' id='word_1_30' title='bbox 739 765 1062 832; x_wconf 64' lang='lat' dir='ltr'><strong>Caesaribus,</strong></span> <span class='ocrx_word' id='word_1_31' title='bbox 1113 779 1233 834; x_wconf 91' lang='lat' dir='ltr'><strong>pag.</strong></span> <span class='ocrx_word' id='word_1_32' title='bbox 1268 765 1369 822; x_wconf 80' lang='grc'><strong>155</strong></span> <span class='ocrx_word' id='word_1_33' title='bbox 1395 805 1408 818; x_wconf 94' lang='grc'><strong>.</strong></span> <span class='ocrx_word' id='word_1_34' title='bbox 1439 766 1496 820; x_wconf 87' lang='lat' dir='ltr'><strong>In</strong></span> <span class='ocrx_word' id='word_1_35' title='bbox 1530 766 1682 819; x_wconf 90' lang='lat' dir='ltr'><strong>titulo</strong></span> <span class='ocrx_word' id='word_1_36' title='bbox 1731 776 1910 819; x_wconf 88' lang='lat' dir='ltr'><strong>autem</strong></span> <span class='ocrx_word' id='word_1_37' title='bbox 1942 765 2102 819; x_wconf 86' lang='lat' dir='ltr'><strong>edicti</strong></span> 
     </span>
    </p>
   </div>
   <div class='ocr_carea' id='block_1_7' title="bbox 519 834 2103 907">
    <p class='ocr_par' dir='ltr' id='par_1_7' title="bbox 519 834 2103 907">
     <span class='ocr_line' id='line_1_7' title="bbox 519 834 2103 907; baseline 0.001 -20"><span class='ocrx_word' id='word_1_38' title='bbox 519 834 691 907; x_wconf 81' lang='lat' dir='ltr'><strong>posita</strong></span> <span class='ocrx_word' id='word_1_39' title='bbox 725 834 936 907; x_wconf 84' lang='lat' dir='ltr'><strong>fuerunt</strong></span> <span class='ocrx_word' id='word_1_40' title='bbox 958 851 1064 889; x_wconf 89' lang='lat' dir='ltr'><strong>non</strong></span> <span class='ocrx_word' id='word_1_41' title='bbox 1095 836 1271 907; x_wconf 86' lang='lat' dir='ltr'><strong>solum</strong></span> <span class='ocrx_word' id='word_1_42' title='bbox 1291 838 1513 907; x_wconf 74' lang='lat' dir='ltr'><strong>nomina</strong></span> <span class='ocrx_word' id='word_1_43' title='bbox 1529 835 1841 891; x_wconf 83' lang='lat' dir='ltr'><strong>Diocletiani</strong></span> <span class='ocrx_word' id='word_1_44' title='bbox 1868 835 2103 907; x_wconf 9' lang='lat' dir='ltr'><strong>etMaxi-r-</strong></span> 
     </span>
    </p>
   </div>
   <div class='ocr_carea' id='block_1_8' title="bbox 519 904 2103 974">
    <p class='ocr_par' dir='ltr' id='par_1_8' title="bbox 519 904 2103 974">
     <span class='ocr_line' id='line_1_8' title="bbox 519 904 2103 974; baseline 0.001 -15"><span class='ocrx_word' id='word_1_45' title='bbox 519 904 681 959; x_wconf 84' lang='lat' dir='ltr'><strong>iniani</strong></span> <span class='ocrx_word' id='word_1_46' title='bbox 730 905 1134 974; x_wconf 87' lang='lat' dir='ltr'><strong>imperatorum,</strong></span> <span class='ocrx_word' id='word_1_47' title='bbox 1164 906 1256 960; x_wconf 88' lang='lat' dir='ltr'><strong>sed</strong></span> <span class='ocrx_word' id='word_1_48' title='bbox 1287 908 1448 961; x_wconf 90' lang='lat' dir='ltr'><strong>etiam</strong></span> <span class='ocrx_word' id='word_1_49' title='bbox 1475 904 1774 962; x_wconf 86' lang='lat' dir='ltr'><strong>Constantii</strong></span> <span class='ocrx_word' id='word_1_50' title='bbox 1803 915 1858 962; x_wconf 90' lang='lat' dir='ltr'><strong>et</strong></span> <span class='ocrx_word' id='word_1_51' title='bbox 1899 906 2103 961; x_wconf 85' lang='lat' dir='ltr'><strong>Galerii</strong></span> 
     </span>
    </p>
   </div>
   <div class='ocr_carea' id='block_1_9' title="bbox 518 975 2104 1047">
    <p class='ocr_par' dir='ltr' id='par_1_9' title="bbox 518 975 2104 1047">
     <span class='ocr_line' id='line_1_9' title="bbox 518 975 2104 1047; baseline -0.001 -15"><span class='ocrx_word' id='word_1_52' title='bbox 518 975 824 1032; x_wconf 79' lang='lat' dir='ltr'><strong>Maximiani</strong></span> <span class='ocrx_word' id='word_1_53' title='bbox 845 975 1140 1044; x_wconf 59' lang='lat' dir='ltr'><strong>Caesarum,</strong></span> <span class='ocrx_word' id='word_1_54' title='bbox 1174 984 1231 1031; x_wconf 93' lang='lat' dir='ltr'><strong>ut</strong></span> <span class='ocrx_word' id='word_1_55' title='bbox 1252 975 1408 1033; x_wconf 80' lang='lat' dir='ltr'><strong>facile</strong></span> <span class='ocrx_word' id='word_1_56' title='bbox 1430 977 1608 1047; x_wconf 76' lang='lat' dir='ltr'><strong>colligi</strong></span> <span class='ocrx_word' id='word_1_57' title='bbox 1642 985 1817 1046; x_wconf 87' lang='lat' dir='ltr'><strong>potest</strong></span> <span class='ocrx_word' id='word_1_58' title='bbox 1837 993 1900 1032; x_wconf 81' lang='lat' dir='ltr'><strong>ex</strong></span> <span class='ocrx_word' id='word_1_59' title='bbox 1930 977 2104 1031; x_wconf 88' lang='lat' dir='ltr'><strong>histo-</strong></span> 
     </span>
    </p>
   </div>
   <div class='ocr_carea' id='block_1_10' title="bbox 520 1047 2102 1120">
    <p class='ocr_par' dir='ltr' id='par_1_10' title="bbox 520 1047 2102 1120">
     <span class='ocr_line' id='line_1_10' title="bbox 520 1047 2102 1120; baseline 0.001 -21"><span class='ocrx_word' id='word_1_60' title='bbox 520 1049 612 1120; x_wconf 55' lang='lat' dir='ltr'><strong>[ia</strong></span> <span class='ocrx_word' id='word_1_61' title='bbox 624 1047 893 1120; x_wconf 81' lang='lat' dir='ltr'><strong>passionis</strong></span> <span class='ocrx_word' id='word_1_62' title='bbox 922 1058 1229 1120; x_wconf 86' lang='lat' dir='ltr'><strong>sanctorum</strong></span> <span class='ocrx_word' id='word_1_63' title='bbox 1256 1056 1560 1120; x_wconf 82' lang='lat' dir='ltr'><strong>martyrum</strong></span> <span class='ocrx_word' id='word_1_64' title='bbox 1584 1048 1878 1114; x_wconf 82' lang='lat' dir='ltr'><strong>Saturnini,</strong></span> <span class='ocrx_word' id='word_1_65' title='bbox 1907 1047 2102 1120; x_wconf 83' lang='lat' dir='ltr'><strong>Dativi,</strong></span> 
     </span>
    </p>
   </div>
   <div class='ocr_carea' id='block_1_11' title="bbox 521 1115 2107 1190">
    <p class='ocr_par' dir='ltr' id='par_1_11' title="bbox 521 1115 2107 1190">
     <span class='ocr_line' id='line_1_11' title="bbox 521 1115 2107 1190; baseline 0 -19"><span class='ocrx_word' id='word_1_66' title='bbox 521 1115 723 1190; x_wconf 70' lang='lat' dir='ltr'><strong>Felicis</strong></span> <span class='ocrx_word' id='word_1_67' title='bbox 744 1125 799 1190; x_wconf 85' lang='lat' dir='ltr'><strong>et</strong></span> <span class='ocrx_word' id='word_1_68' title='bbox 824 1118 1095 1190; x_wconf 80' lang='lat' dir='ltr'><strong>sociorum</strong></span> <span class='ocrx_word' id='word_1_69' title='bbox 1113 1159 1128 1182; x_wconf 92' lang='lat'><strong>,</strong></span> <span class='ocrx_word' id='word_1_70' title='bbox 1157 1126 1211 1174; x_wconf 90' lang='lat' dir='ltr'><strong>et</strong></span> <span class='ocrx_word' id='word_1_71' title='bbox 1236 1134 1301 1174; x_wconf 81' lang='lat' dir='ltr'><strong>ex</strong></span> <span class='ocrx_word' id='word_1_72' title='bbox 1343 1115 1602 1190; x_wconf 75' lang='lat' dir='ltr'><strong>martyrio</strong></span> <span class='ocrx_word' id='word_1_73' title='bbox 1627 1127 1933 1174; x_wconf 89' lang='lat' dir='ltr'><strong>sanctarum</strong></span> <span class='ocrx_word' id='word_1_74' title='bbox 1964 1117 2107 1188; x_wconf 83' lang='lat' dir='ltr'><strong>Aga-</strong></span> 
     </span>
    </p>
   </div>
   <div class='ocr_carea' id='block_1_12' title="bbox 522 1186 1211 1263">
    <p class='ocr_par' dir='ltr' id='par_1_12' title="bbox 522 1186 1211 1263">
     <span class='ocr_line' id='line_1_12' title="bbox 522 1186 1211 1263; baseline 0.003 -22"><span class='ocrx_word' id='word_1_75' title='bbox 522 1201 638 1263; x_wconf 89' lang='lat' dir='ltr'><strong>pes,</strong></span> <span class='ocrx_word' id='word_1_76' title='bbox 665 1186 905 1244; x_wconf 78' lang='lat' dir='ltr'><strong>Cbionize</strong></span> <span class='ocrx_word' id='word_1_77' title='bbox 928 1198 985 1244; x_wconf 92' lang='lat' dir='ltr'><strong>et</strong></span> <span class='ocrx_word' id='word_1_78' title='bbox 1009 1189 1211 1246; x_wconf 86' lang='lat' dir='ltr'><strong>lrenes.</strong></span> 
     </span>
    </p>
   </div>
   <div class='ocr_carea' id='block_1_13' title="bbox 594 1277 2107 1349">
    <p class='ocr_par' dir='ltr' id='par_1_13' title="bbox 594 1277 2107 1349">
     <span class='ocr_line' id='line_1_13' title="bbox 594 1277 2107 1349; baseline 0.001 -17"><span class='ocrx_word' id='word_1_79' title='bbox 594 1277 840 1349; x_wconf 89' lang='lat' dir='ltr'><strong>Legitime</strong></span> <span class='ocrx_word' id='word_1_80' title='bbox 864 1289 1054 1335; x_wconf 86' lang='lat' dir='ltr'><strong>coctus.</strong></span> <span class='ocrx_word' id='word_1_81' title='bbox 1081 1281 1267 1336; x_wconf 81' lang='lat' dir='ltr'><strong>Modus</strong></span> <span class='ocrx_word' id='word_1_82' title='bbox 1292 1281 1553 1347; x_wconf 86' lang='lat' dir='ltr'><strong>coquendi</strong></span> <span class='ocrx_word' id='word_1_83' title='bbox 1599 1280 1935 1335; x_wconf 84' lang='lat' dir='ltr'><strong>Christianos</strong></span> <span class='ocrx_word' id='word_1_84' title='bbox 1957 1279 2107 1334; x_wconf 91' lang='lat' dir='ltr'><strong>vivos</strong></span> 
     </span>
    </p>
   </div>
   <div class='ocr_carea' id='block_1_14' title="bbox 523 1350 2109 1422">
    <p class='ocr_par' dir='ltr' id='par_1_14' title="bbox 523 1350 2109 1422">
     <span class='ocr_line' id='line_1_14' title="bbox 523 1350 2109 1422; baseline 0 -20"><span class='ocrx_word' id='word_1_85' title='bbox 523 1350 823 1422; x_wconf 62' lang='lat' dir='ltr'><strong>explicatur</strong></span> <span class='ocrx_word' id='word_1_86' title='bbox 863 1351 1032 1416; x_wconf 89' lang='lat' dir='ltr'><strong>infra,</strong></span> <span class='ocrx_word' id='word_1_87' title='bbox 1073 1366 1191 1422; x_wconf 86' lang='lat' dir='ltr'><strong>cap.</strong></span> <span class='ocrx_word' id='word_1_88' title='bbox 1234 1352 1319 1405; x_wconf 70' lang='grc'><strong>21.</strong></span> <span class='ocrx_word' id='word_1_89' title='bbox 1375 1352 1633 1421; x_wconf 88' lang='lat' dir='ltr'><strong>Legitime</strong></span> <span class='ocrx_word' id='word_1_90' title='bbox 1670 1361 1849 1406; x_wconf 89' lang='lat' dir='ltr'><strong>autem</strong></span> <span class='ocrx_word' id='word_1_91' title='bbox 1896 1361 2109 1422; x_wconf 81' lang='lat' dir='ltr'><strong>coctum</strong></span> 
     </span>
    </p>
   </div>
   <div class='ocr_carea' id='block_1_15' title="bbox 524 1419 2111 1491">
    <p class='ocr_par' dir='ltr' id='par_1_15' title="bbox 524 1419 2111 1491">
     <span class='ocr_line' id='line_1_15' title="bbox 524 1419 2111 1491; baseline 0 -15"><span class='ocrx_word' id='word_1_92' title='bbox 524 1419 686 1482; x_wconf 82' lang='lat' dir='ltr'><strong>dixit,</strong></span> <span class='ocrx_word' id='word_1_93' title='bbox 715 1421 840 1489; x_wconf 87' lang='lat' dir='ltr'><strong>quia</strong></span> <span class='ocrx_word' id='word_1_94' title='bbox 865 1432 1050 1476; x_wconf 89' lang='lat' dir='ltr'><strong>coctus</strong></span> <span class='ocrx_word' id='word_1_95' title='bbox 1073 1419 1190 1476; x_wconf 83' lang='lat' dir='ltr'><strong>erat</strong></span> <span class='ocrx_word' id='word_1_96' title='bbox 1218 1419 1511 1476; x_wconf 79' lang='lat' dir='ltr'><strong>secundum</strong></span> <span class='ocrx_word' id='word_1_97' title='bbox 1544 1423 1691 1491; x_wconf 85' lang='lat' dir='ltr'><strong>leges</strong></span> <span class='ocrx_word' id='word_1_98' title='bbox 1720 1435 1853 1490; x_wconf 89' lang='lat' dir='ltr'><strong>quas</strong></span> <span class='ocrx_word' id='word_1_99' title='bbox 1883 1419 2111 1491; x_wconf 81' lang='lat' dir='ltr'><strong>Augusti</strong></span> 
     </span>
    </p>
   </div>
   <div class='ocr_carea' id='block_1_16' title="bbox 525 1491 2111 1561">
    <p class='ocr_par' dir='ltr' id='par_1_16' title="bbox 525 1491 2111 1561">
     <span class='ocr_line' id='line_1_16' title="bbox 525 1491 2111 1561; baseline 0 -17"><span class='ocrx_word' id='word_1_100' title='bbox 525 1491 793 1555; x_wconf 83' lang='lat' dir='ltr'><strong>tulerant;</strong></span> <span class='ocrx_word' id='word_1_101' title='bbox 834 1494 973 1548; x_wconf 82' lang='lat' dir='ltr'><strong>sicut</strong></span> <span class='ocrx_word' id='word_1_102' title='bbox 999 1493 1090 1547; x_wconf 88' lang='lat' dir='ltr'><strong>lib.</strong></span> <span class='ocrx_word' id='word_1_103' title='bbox 1123 1508 1158 1546; x_wconf 91' lang='lat' dir='ltr'><strong>v</strong></span> <span class='ocrx_word' id='word_1_104' title='bbox 1186 1492 1444 1558; x_wconf 90' lang='lat' dir='ltr'><strong>lnstitut.,</strong></span> <span class='ocrx_word' id='word_1_105' title='bbox 1471 1507 1590 1560; x_wconf 90' lang='lat' dir='ltr'><strong>cap.</strong></span> <span class='ocrx_word' id='word_1_106' title='bbox 1627 1493 1725 1555; x_wconf 83' lang='grc'><strong>11,</strong></span> <span class='ocrx_word' id='word_1_107' title='bbox 1756 1491 1994 1561; x_wconf 86' lang='lat' dir='ltr'><strong>legitima</strong></span> <span class='ocrx_word' id='word_1_108' title='bbox 2024 1505 2111 1545; x_wconf 87' lang='lat' dir='ltr'><strong>sa-</strong></span> 
     </span>
    </p>
   </div>
   <div class='ocr_carea' id='block_1_17' title="bbox 523 1562 2108 1632">
    <p class='ocr_par' dir='ltr' id='par_1_17' title="bbox 523 1562 2108 1632">
     <span class='ocr_line' id='line_1_17' title="bbox 523 1562 2108 1632; baseline -0.003 -14"><span class='ocrx_word' id='word_1_109' title='bbox 523 1575 610 1632; x_wconf 78' lang='lat' dir='ltr'><strong>cra</strong></span> <span class='ocrx_word' id='word_1_110' title='bbox 642 1572 795 1617; x_wconf 91' lang='lat' dir='ltr'><strong>vocat</strong></span> <span class='ocrx_word' id='word_1_111' title='bbox 818 1577 903 1627; x_wconf 88' lang='lat' dir='ltr'><strong>ea,</strong></span> <span class='ocrx_word' id='word_1_112' title='bbox 930 1578 1051 1632; x_wconf 70' lang='lat' dir='ltr'><strong>qua:</strong></span> <span class='ocrx_word' id='word_1_113' title='bbox 1074 1563 1368 1618; x_wconf 90' lang='lat' dir='ltr'><strong>secundum</strong></span> <span class='ocrx_word' id='word_1_114' title='bbox 1392 1572 1631 1617; x_wconf 85' lang='lat' dir='ltr'><strong>veterem</strong></span> <span class='ocrx_word' id='word_1_115' title='bbox 1655 1576 1858 1616; x_wconf 90' lang='lat' dir='ltr'><strong>morem</strong></span> <span class='ocrx_word' id='word_1_116' title='bbox 1889 1562 2108 1632; x_wconf 84' lang='lat' dir='ltr'><strong>liebant,</strong></span> 
     </span>
    </p>
   </div>
   <div class='ocr_carea' id='block_1_18' title="bbox 524 1630 2105 1701">
    <p class='ocr_par' dir='ltr' id='par_1_18' title="bbox 524 1630 2105 1701">
     <span class='ocr_line' id='line_1_18' title="bbox 524 1630 2105 1701; baseline -0.003 -15"><span class='ocrx_word' id='word_1_117' title='bbox 524 1631 648 1701; x_wconf 85' lang='lat' dir='ltr'><strong>quia</strong></span> <span class='ocrx_word' id='word_1_118' title='bbox 678 1648 796 1688; x_wconf 89' lang='lat' dir='ltr'><strong>mos</strong></span> <span class='ocrx_word' id='word_1_119' title='bbox 821 1634 928 1688; x_wconf 91' lang='lat' dir='ltr'><strong>vim</strong></span> <span class='ocrx_word' id='word_1_120' title='bbox 950 1630 1101 1700; x_wconf 76' lang='lat' dir='ltr'><strong>legis</strong></span> <span class='ocrx_word' id='word_1_121' title='bbox 1126 1634 1353 1689; x_wconf 87' lang='lat' dir='ltr'><strong>obtinet.</strong></span> <span class='ocrx_word' id='word_1_122' title='bbox 1384 1634 1581 1688; x_wconf 88' lang='lat' dir='ltr'><strong>Eadem</strong></span> <span class='ocrx_word' id='word_1_123' title='bbox 1605 1633 1815 1687; x_wconf 89' lang='lat' dir='ltr'><strong>ratione</strong></span> <span class='ocrx_word' id='word_1_124' title='bbox 1837 1632 1993 1693; x_wconf 79' lang='lat' dir='ltr'><strong>dixit,</strong></span> <span class='ocrx_word' id='word_1_125' title='bbox 2008 1630 2105 1701; x_wconf 87' lang='lat' dir='ltr'><strong>lib.</strong></span> 
     </span>
    </p>
   </div>
   <div class='ocr_carea' id='block_1_19' title="bbox 527 1700 2111 1774">
    <p class='ocr_par' dir='ltr' id='par_1_19' title="bbox 527 1700 2111 1774">
     <span class='ocr_line' id='line_1_19' title="bbox 527 1700 2111 1774; baseline 0 -19"><span class='ocrx_word' id='word_1_126' title='bbox 527 1700 602 1767; x_wconf 82' lang='lat' dir='ltr'><strong>vi,</strong></span> <span class='ocrx_word' id='word_1_127' title='bbox 631 1718 748 1773; x_wconf 87' lang='lat' dir='ltr'><strong>cap.</strong></span> <span class='ocrx_word' id='word_1_128' title='bbox 780 1704 833 1769; x_wconf 92' lang='lat'><strong>9,</strong></span> <span class='ocrx_word' id='word_1_129' title='bbox 859 1704 1080 1774; x_wconf 85' lang='lat' dir='ltr'><strong>injurias</strong></span> <span class='ocrx_word' id='word_1_130' title='bbox 1109 1703 1353 1759; x_wconf 85' lang='lat' dir='ltr'><strong>hostibus</strong></span> <span class='ocrx_word' id='word_1_131' title='bbox 1389 1704 1625 1773; x_wconf 77' lang='lat' dir='ltr'><strong>legitime</strong></span> <span class='ocrx_word' id='word_1_132' title='bbox 1650 1702 1871 1774; x_wconf 89' lang='lat' dir='ltr'><strong>inferri,</strong></span> <span class='ocrx_word' id='word_1_133' title='bbox 1901 1700 2111 1774; x_wconf 80' lang='lat' dir='ltr'><strong>scilicet</strong></span> 
     </span>
    </p>
   </div>
   <div class='ocr_carea' id='block_1_20' title="bbox 525 1770 2187 1851">
    <p class='ocr_par' dir='ltr' id='par_1_20' title="bbox 525 1770 2187 1851">
     <span class='ocr_line' id='line_1_20' title="bbox 525 1770 2187 1851; baseline -0.003 -22"><span class='ocrx_word' id='word_1_134' title='bbox 525 1770 826 1851; x_wconf 76' lang='lat' dir='ltr'><strong>postquam,</strong></span> <span class='ocrx_word' id='word_1_135' title='bbox 858 1770 1075 1851; x_wconf 72' lang='lat' dir='ltr'><strong>servato</strong></span> <span class='ocrx_word' id='word_1_136' title='bbox 1102 1775 1227 1829; x_wconf 89' lang='lat' dir='ltr'><strong>belli</strong></span> <span class='ocrx_word' id='word_1_137' title='bbox 1251 1774 1412 1851; x_wconf 90' lang='lat' dir='ltr'><strong>jure,_</strong></span> <span class='ocrx_word' id='word_1_138' title='bbox 1426 1770 1623 1851; x_wconf 72' lang='lat' dir='ltr'><strong>bellum</strong></span> <span class='ocrx_word' id='word_1_139' title='bbox 1648 1788 1744 1851; x_wconf 82' lang='lat' dir='ltr'><strong>per</strong></span> <span class='ocrx_word' id='word_1_140' title='bbox 1778 1773 1979 1851; x_wconf 75' lang='lat' dir='ltr'><strong>legatos</strong></span> <span class='ocrx_word' id='word_1_141' title='bbox 2007 1770 2105 1851; x_wconf 79' lang='lat' dir='ltr'><strong>de-</strong></span> <span class='ocrx_word' id='word_1_142' title='bbox 2138 1792 2187 1851; x_wconf 78' lang='grc' dir='ltr'>Β</span> 
     </span>
    </p>
   </div>
   <div class='ocr_carea' id='block_1_21' title="bbox 526 1841 2110 1899">
    <p class='ocr_par' dir='ltr' id='par_1_21' title="bbox 526 1841 2110 1899">
     <span class='ocr_line' id='line_1_21' title="bbox 526 1841 2110 1899; baseline -0.001 -2"><span class='ocrx_word' id='word_1_143' title='bbox 526 1841 827 1899; x_wconf 79' lang='lat' dir='ltr'><strong>nuntiatum</strong></span> <span class='ocrx_word' id='word_1_144' title='bbox 854 1854 907 1899; x_wconf 92' lang='lat' dir='ltr'><strong>et</strong></span> <span class='ocrx_word' id='word_1_145' title='bbox 953 1844 1208 1899; x_wconf 90' lang='lat' dir='ltr'><strong>indictum</strong></span> <span class='ocrx_word' id='word_1_146' title='bbox 1236 1841 1337 1899; x_wconf 85' lang='lat' dir='ltr'><strong>est.</strong></span> <span class='ocrx_word' id='word_1_147' title='bbox 1374 1844 1602 1899; x_wconf 85' lang='lat' dir='ltr'><strong>Fallitur</strong></span> <span class='ocrx_word' id='word_1_148' title='bbox 1627 1841 1770 1898; x_wconf 87' lang='lat' dir='ltr'><strong>enim</strong></span> <span class='ocrx_word' id='word_1_149' title='bbox 1802 1842 1922 1898; x_wconf 91' lang='lat' dir='ltr'><strong>beic</strong></span> <span class='ocrx_word' id='word_1_150' title='bbox 1945 1841 2110 1895; x_wconf 90' lang='lat' dir='ltr'><strong>vehe-</strong></span> 
     </span>
    </p>
   </div>
   <div class='ocr_carea' id='block_1_22' title="bbox 525 1912 2112 1992">
    <p class='ocr_par' dir='ltr' id='par_1_22' title="bbox 525 1912 2112 1992">
     <span class='ocr_line' id='line_1_22' title="bbox 525 1912 2112 1992; baseline -0.004 -21"><span class='ocrx_word' id='word_1_151' title='bbox 525 1925 735 1992; x_wconf 83' lang='lat' dir='ltr'><strong>menter</strong></span> <span class='ocrx_word' id='word_1_152' title='bbox 761 1914 1030 1992; x_wconf 81' lang='lat' dir='ltr'><strong>Josephus</strong></span> <span class='ocrx_word' id='word_1_153' title='bbox 1062 1915 1245 1992; x_wconf 64' lang='lat' dir='ltr'><strong>Isaeus,</strong></span> <span class='ocrx_word' id='word_1_154' title='bbox 1272 1917 1361 1984; x_wconf 92' lang='lat' dir='ltr'><strong>qui</strong></span> <span class='ocrx_word' id='word_1_155' title='bbox 1411 1930 1598 1992; x_wconf 81' lang='lat' dir='ltr'><strong>vocem</strong></span> <span class='ocrx_word' id='word_1_156' title='bbox 1624 1914 1863 1992; x_wconf 66' lang='lat' dir='ltr'><strong>legitime</strong></span> <span class='ocrx_word' id='word_1_157' title='bbox 1908 1912 2112 1992; x_wconf 75' lang='lat' dir='ltr'><strong>ironice</strong></span> 
     </span>
    </p>
   </div>
   <div class='ocr_carea' id='block_1_23' title="bbox 527 1983 2111 2056">
    <p class='ocr_par' dir='ltr' id='par_1_23' title="bbox 527 1983 2111 2056">
     <span class='ocr_line' id='line_1_23' title="bbox 527 1983 2111 2056; baseline -0.002 -17"><span class='ocrx_word' id='word_1_158' title='bbox 527 1987 754 2056; x_wconf 86' lang='lat' dir='ltr'><strong>positam</strong></span> <span class='ocrx_word' id='word_1_159' title='bbox 788 1983 936 2054; x_wconf 82' lang='lat' dir='ltr'><strong>putat</strong></span> <span class='ocrx_word' id='word_1_160' title='bbox 982 1986 1085 2040; x_wconf 91' lang='lat' dir='ltr'><strong>hoc</strong></span> <span class='ocrx_word' id='word_1_161' title='bbox 1115 1987 1233 2040; x_wconf 93' lang='lat' dir='ltr'><strong>loco</strong></span> <span class='ocrx_word' id='word_1_162' title='bbox 1262 1983 1404 2052; x_wconf 85' lang='lat' dir='ltr'><strong>esse,</strong></span> <span class='ocrx_word' id='word_1_163' title='bbox 1433 1986 1557 2056; x_wconf 87' lang='lat' dir='ltr'><strong>quia</strong></span> <span class='ocrx_word' id='word_1_164' title='bbox 1589 1983 1841 2040; x_wconf 83' lang='lat' dir='ltr'><strong>videlicet</strong></span> <span class='ocrx_word' id='word_1_165' title='bbox 1888 1997 1994 2037; x_wconf 93' lang='lat' dir='ltr'><strong>non</strong></span> <span class='ocrx_word' id='word_1_166' title='bbox 2023 1983 2111 2037; x_wconf 88' lang='lat' dir='ltr'><strong>in-</strong></span> 
     </span>
    </p>
   </div>
   <div class='ocr_carea' id='block_1_24' title="bbox 528 2055 1574 2127">
    <p class='ocr_par' dir='ltr' id='par_1_24' title="bbox 528 2055 1574 2127">
     <span class='ocr_line' id='line_1_24' title="bbox 528 2055 1574 2127; baseline -0.003 -14"><span class='ocrx_word' id='word_1_167' title='bbox 528 2055 735 2113; x_wconf 84' lang='lat' dir='ltr'><strong>tellexit</strong></span> <span class='ocrx_word' id='word_1_168' title='bbox 755 2070 934 2112; x_wconf 88' lang='lat' dir='ltr'><strong>veram</strong></span> <span class='ocrx_word' id='word_1_169' title='bbox 962 2056 1080 2127; x_wconf 87' lang='lat' dir='ltr'><strong>ejus</strong></span> <span class='ocrx_word' id='word_1_170' title='bbox 1109 2055 1574 2127; x_wconf 79' lang='lat' dir='ltr'><strong>significationem.</strong></span> 
     </span>
    </p>
   </div>
   <div class='ocr_carea' id='block_1_25' title="bbox 598 2145 2110 2217">
    <p class='ocr_par' dir='ltr' id='par_1_25' title="bbox 598 2145 2110 2217">
     <span class='ocr_line' id='line_1_25' title="bbox 598 2145 2110 2217; baseline -0.001 -17"><span class='ocrx_word' id='word_1_171' title='bbox 598 2146 726 2202; x_wconf 85' lang='lat' dir='ltr'><strong>Cum</strong></span> <span class='ocrx_word' id='word_1_172' title='bbox 753 2148 1041 2203; x_wconf 80' lang='lat' dir='ltr'><strong>admirabili</strong></span> <span class='ocrx_word' id='word_1_173' title='bbox 1065 2149 1327 2217; x_wconf 76' lang='lat' dir='ltr'><strong>patientia.</strong></span> <span class='ocrx_word' id='word_1_174' title='bbox 1361 2149 1532 2204; x_wconf 90' lang='lat' dir='ltr'><strong>Verba</strong></span> <span class='ocrx_word' id='word_1_175' title='bbox 1559 2158 1680 2204; x_wconf 91' lang='lat' dir='ltr'><strong>sunt</strong></span> <span class='ocrx_word' id='word_1_176' title='bbox 1712 2145 1911 2201; x_wconf 84' lang='lat' dir='ltr'><strong>Ruffini</strong></span> <span class='ocrx_word' id='word_1_177' title='bbox 1942 2146 2110 2200; x_wconf 91' lang='lat' dir='ltr'><strong>inter-</strong></span> 
     </span>
    </p>
   </div>
   <div class='ocr_carea' id='block_1_26' title="bbox 527 2217 2111 2287">
    <p class='ocr_par' dir='ltr' id='par_1_26' title="bbox 527 2217 2111 2287">
     <span class='ocr_line' id='line_1_26' title="bbox 527 2217 2111 2287; baseline 0 -16"><span class='ocrx_word' id='word_1_178' title='bbox 527 2220 793 2287; x_wconf 89' lang='lat' dir='ltr'><strong>pretantis</strong></span> <span class='ocrx_word' id='word_1_179' title='bbox 813 2228 867 2273; x_wconf 92' lang='lat' dir='ltr'><strong>et</strong></span> <span class='ocrx_word' id='word_1_180' title='bbox 892 2219 1209 2287; x_wconf 73' lang='lat' dir='ltr'><strong>explicantis</strong></span> <span class='ocrx_word' id='word_1_181' title='bbox 1256 2219 1563 2274; x_wconf 89' lang='lat' dir='ltr'><strong>Eusebium.</strong></span> <span class='ocrx_word' id='word_1_182' title='bbox 1611 2219 1865 2272; x_wconf 84' lang='lat' dir='ltr'><strong>Continuo</strong></span> <span class='ocrx_word' id='word_1_183' title='bbox 1894 2218 2031 2270; x_wconf 91' lang='lat' dir='ltr'><strong>omni</strong></span> <span class='ocrx_word' id='word_1_184' title='bbox 2060 2217 2111 2271; x_wconf 90' lang='lat' dir='ltr'><strong>in</strong></span> 
     </span>
    </p>
   </div>
   <div class='ocr_carea' id='block_1_27' title="bbox 528 2289 2110 2360">
    <p class='ocr_par' dir='ltr' id='par_1_27' title="bbox 528 2289 2110 2360">
     <span class='ocr_line' id='line_1_27' title="bbox 528 2289 2110 2360; baseline -0.003 -17"><span class='ocrx_word' id='word_1_185' title='bbox 528 2304 643 2343; x_wconf 89' lang='lat' dir='ltr'><strong>eum</strong></span> <span class='ocrx_word' id='word_1_186' title='bbox 660 2289 972 2344; x_wconf 78' lang='lat' dir='ltr'><strong>crudelitatis</strong></span> <span class='ocrx_word' id='word_1_187' title='bbox 997 2306 1176 2360; x_wconf 80' lang='lat' dir='ltr'><strong>genere</strong></span> <span class='ocrx_word' id='word_1_188' title='bbox 1202 2290 1540 2352; x_wconf 77' lang='lat' dir='ltr'><strong>desterientcs,</strong></span> <span class='ocrx_word' id='word_1_189' title='bbox 1570 2305 1633 2343; x_wconf 90' lang='lat' dir='ltr'><strong>ne</strong></span> <span class='ocrx_word' id='word_1_190' title='bbox 1658 2289 1752 2360; x_wconf 84' lang='lat' dir='ltr'><strong>hoc</strong></span> <span class='ocrx_word' id='word_1_191' title='bbox 1798 2289 2008 2360; x_wconf 80' lang='lat' dir='ltr'><strong>quidem</strong></span> <span class='ocrx_word' id='word_1_192' title='bbox 2026 2304 2110 2339; x_wconf 81' lang='lat' dir='ltr'><strong>so-</strong></span> 
     </span>
    </p>
   </div>
   <div class='ocr_carea' id='block_1_28' title="bbox 529 2357 2114 2430">
    <p class='ocr_par' dir='ltr' id='par_1_28' title="bbox 529 2357 2114 2430">
     <span class='ocr_line' id='line_1_28' title="bbox 529 2357 2114 2430; baseline -0.002 -17"><span class='ocrx_word' id='word_1_193' title='bbox 529 2361 635 2413; x_wconf 85' lang='lat' dir='ltr'><strong>lum</strong></span> <span class='ocrx_word' id='word_1_194' title='bbox 666 2361 855 2430; x_wconf 81' lang='lat' dir='ltr'><strong>e/jicere</strong></span> <span class='ocrx_word' id='word_1_195' title='bbox 882 2357 1179 2428; x_wconf 75' lang='lat' dir='ltr'><strong>quiverunt,</strong></span> <span class='ocrx_word' id='word_1_196' title='bbox 1209 2369 1261 2413; x_wconf 90' lang='lat' dir='ltr'><strong>ut</strong></span> <span class='ocrx_word' id='word_1_197' title='bbox 1289 2376 1405 2413; x_wconf 90' lang='lat' dir='ltr'><strong>eum</strong></span> <span class='ocrx_word' id='word_1_198' title='bbox 1442 2369 1674 2413; x_wconf 69' lang='lat' dir='ltr'><strong>minatum</strong></span> <span class='ocrx_word' id='word_1_199' title='bbox 1702 2358 1888 2427; x_wconf 80' lang='lat' dir='ltr'><strong>aliquis</strong></span> <span class='ocrx_word' id='word_1_200' title='bbox 1926 2357 2114 2430; x_wconf 82' lang='lat' dir='ltr'><strong>videret</strong></span> 
     </span>
    </p>
   </div>
   <div class='ocr_carea' id='block_1_29' title="bbox 527 2429 2114 2501">
    <p class='ocr_par' dir='ltr' id='par_1_29' title="bbox 527 2429 2114 2501">
     <span class='ocr_line' id='line_1_29' title="bbox 527 2429 2114 2501; baseline -0.002 -19"><span class='ocrx_word' id='word_1_201' title='bbox 527 2431 582 2501; x_wconf 85' lang='lat' dir='ltr'><strong>in</strong></span> <span class='ocrx_word' id='word_1_202' title='bbox 604 2431 763 2499; x_wconf 72' lang='lat' dir='ltr'><strong>paenis</strong></span> <span class='ocrx_word' id='word_1_203' title='bbox 786 2469 800 2492; x_wconf 91' lang='lat'><strong>,</strong></span> <span class='ocrx_word' id='word_1_204' title='bbox 833 2431 922 2484; x_wconf 89' lang='lat' dir='ltr'><strong>sed</strong></span> <span class='ocrx_word' id='word_1_205' title='bbox 942 2431 1057 2484; x_wconf 62' lang='lat' dir='ltr'><strong>(atto</strong></span> <span class='ocrx_word' id='word_1_206' title='bbox 1085 2442 1235 2500; x_wconf 89' lang='lat' dir='ltr'><strong>atque</strong></span> <span class='ocrx_word' id='word_1_207' title='bbox 1256 2431 1411 2484; x_wconf 80' lang='lat' dir='ltr'><strong>hilari</strong></span> <span class='ocrx_word' id='word_1_208' title='bbox 1439 2430 1603 2496; x_wconf 79' lang='lat' dir='ltr'><strong>vultu,</strong></span> <span class='ocrx_word' id='word_1_209' title='bbox 1635 2445 1750 2482; x_wconf 82' lang='lat' dir='ltr'><strong>cum</strong></span> <span class='ocrx_word' id='word_1_210' title='bbox 1767 2432 1883 2501; x_wconf 85' lang='lat' dir='ltr'><strong>jam</strong></span> <span class='ocrx_word' id='word_1_211' title='bbox 1922 2429 2114 2501; x_wconf 78' lang='lat' dir='ltr'><strong>viscera</strong></span> 
     </span>
    </p>
   </div>
   <div class='ocr_carea' id='block_1_30' title="bbox 527 2498 2115 2570">
    <p class='ocr_par' dir='ltr' id='par_1_30' title="bbox 527 2498 2115 2570">
     <span class='ocr_line' id='line_1_30' title="bbox 527 2498 2115 2570; baseline -0.003 -17"><span class='ocrx_word' id='word_1_212' title='bbox 527 2500 583 2554; x_wconf 87' lang='lat' dir='ltr'><strong>in</strong></span> <span class='ocrx_word' id='word_1_213' title='bbox 616 2501 881 2569; x_wconf 77' lang='lat' dir='ltr'><strong>suppliciis</strong></span> <span class='ocrx_word' id='word_1_214' title='bbox 925 2498 1257 2570; x_wconf 80' lang='lat' dir='ltr'><strong>defecissent,</strong></span> <span class='ocrx_word' id='word_1_215' title='bbox 1301 2502 1509 2569; x_wconf 80' lang='lat' dir='ltr'><strong>spiritus</strong></span> <span class='ocrx_word' id='word_1_216' title='bbox 1550 2509 1715 2552; x_wconf 90' lang='lat' dir='ltr'><strong>tamen</strong></span> <span class='ocrx_word' id='word_1_217' title='bbox 1746 2498 2012 2553; x_wconf 76' lang='lat' dir='ltr'><strong>Iietabatur</strong></span> <span class='ocrx_word' id='word_1_218' title='bbox 2062 2498 2115 2570; x_wconf 80' lang='lat' dir='ltr'><strong>in</strong></span> 
     </span>
    </p>
   </div>
   <div class='ocr_carea' id='block_1_31' title="bbox 527 2566 2116 2642">
    <p class='ocr_par' dir='ltr' id='par_1_31' title="bbox 527 2566 2116 2642">
     <span class='ocr_line' id='line_1_31' title="bbox 527 2566 2116 2642; baseline -0.004 -17"><span class='ocrx_word' id='word_1_219' title='bbox 527 2566 690 2625; x_wconf 76' lang='lat' dir='ltr'><strong>vultu.</strong></span> <span class='ocrx_word' id='word_1_220' title='bbox 717 2566 805 2624; x_wconf 77' lang='lat' dir='ltr'><strong>Ea:</strong></span> <span class='ocrx_word' id='word_1_221' title='bbox 842 2588 941 2642; x_wconf 87' lang='lat' dir='ltr'><strong>qua</strong></span> <span class='ocrx_word' id='word_1_222' title='bbox 970 2566 1183 2626; x_wconf 82' lang='lat' dir='ltr'><strong>tortores</strong></span> <span class='ocrx_word' id='word_1_223' title='bbox 1221 2572 1302 2626; x_wconf 88' lang='lat' dir='ltr'><strong>sui</strong></span> <span class='ocrx_word' id='word_1_224' title='bbox 1330 2566 1542 2642; x_wconf 85' lang='lat' dir='ltr'><strong>gravius</strong></span> <span class='ocrx_word' id='word_1_225' title='bbox 1570 2570 1947 2629; x_wconf 86' lang='lat' dir='ltr'><strong>cruciabantur,</strong></span> <span class='ocrx_word' id='word_1_226' title='bbox 1978 2566 2116 2637; x_wconf 84' lang='lat' dir='ltr'><strong>quod</strong></span> 
     </span>
    </p>
   </div>
   <div class='ocr_carea' id='block_1_32' title="bbox 526 2641 2115 2711">
    <p class='ocr_par' dir='ltr' id='par_1_32' title="bbox 526 2641 2115 2711">
     <span class='ocr_line' id='line_1_32' title="bbox 526 2641 2115 2711; baseline -0.003 -16"><span class='ocrx_word' id='word_1_227' title='bbox 526 2642 698 2695; x_wconf 87' lang='lat' dir='ltr'><strong>omnia</strong></span> <span class='ocrx_word' id='word_1_228' title='bbox 725 2641 1092 2710; x_wconf 75' lang='lat' dir='ltr'><strong>suppliciorum</strong></span> <span class='ocrx_word' id='word_1_229' title='bbox 1116 2658 1300 2711; x_wconf 90' lang='lat' dir='ltr'><strong>genera</strong></span> <span class='ocrx_word' id='word_1_230' title='bbox 1340 2641 1697 2696; x_wconf 83' lang='lat' dir='ltr'><strong>consumebant</strong></span> <span class='ocrx_word' id='word_1_231' title='bbox 1724 2642 1776 2693; x_wconf 90' lang='lat' dir='ltr'><strong>in</strong></span> <span class='ocrx_word' id='word_1_232' title='bbox 1810 2655 1927 2694; x_wconf 87' lang='lat' dir='ltr'><strong>eum</strong></span> <span class='ocrx_word' id='word_1_233' title='bbox 1964 2654 2115 2709; x_wconf 84' lang='lat' dir='ltr'><strong>quem</strong></span> 
     </span>
    </p>
   </div>
   <div class='ocr_carea' id='block_1_33' title="bbox 528 2711 1735 2783">
    <p class='ocr_par' dir='ltr' id='par_1_33' title="bbox 528 2711 1735 2783">
     <span class='ocr_line' id='line_1_33' title="bbox 528 2711 1735 2783; baseline -0.003 -16"><span class='ocrx_word' id='word_1_234' title='bbox 528 2727 591 2767; x_wconf 85' lang='lat' dir='ltr'><strong>ne</strong></span> <span class='ocrx_word' id='word_1_235' title='bbox 614 2713 804 2766; x_wconf 78' lang='lat' dir='ltr'><strong>tristem</strong></span> <span class='ocrx_word' id='word_1_236' title='bbox 827 2711 1030 2783; x_wconf 85' lang='lat' dir='ltr'><strong>quidem</strong></span> <span class='ocrx_word' id='word_1_237' title='bbox 1059 2729 1122 2767; x_wconf 80' lang='lat' dir='ltr'><strong>ea:</strong></span> <span class='ocrx_word' id='word_1_238' title='bbox 1142 2713 1221 2768; x_wconf 88' lang='lat' dir='ltr'><strong>his</strong></span> <span class='ocrx_word' id='word_1_239' title='bbox 1244 2712 1455 2767; x_wconf 81' lang='lat' dir='ltr'><strong>reddere</strong></span> <span class='ocrx_word' id='word_1_240' title='bbox 1484 2721 1735 2781; x_wconf 84' lang='lat' dir='ltr'><strong>poterant.</strong></span> 
     </span>
    </p>
   </div>
   <div class='ocr_carea' id='block_1_34' title="bbox 1100 2824 1543 2882">
    <p class='ocr_par' dir='ltr' id='par_1_34' title="bbox 1100 2824 1543 2882">
     <span class='ocr_line' id='line_1_34' title="bbox 1100 2824 1543 2882; baseline -0.002 -1"><span class='ocrx_word' id='word_1_241' title='bbox 1100 2824 1328 2882; x_wconf 79' lang='lat' dir='ltr'><strong>CAPUT</strong></span> <span class='ocrx_word' id='word_1_242' title='bbox 1400 2824 1543 2881; x_wconf 82' lang='lat' dir='ltr'><strong>XIV.</strong></span> 
     </span>
    </p>
   </div>
   <div class='ocr_carea' id='block_1_35' title="bbox 602 2937 2117 3011">
    <p class='ocr_par' dir='ltr' id='par_1_35' title="bbox 602 2937 2117 3011">
     <span class='ocr_line' id='line_1_35' title="bbox 602 2937 2117 3011; baseline 0.005 -21"><span class='ocrx_word' id='word_1_243' title='bbox 602 2937 829 3011; x_wconf 69' lang='lat' dir='ltr'><strong>Subje_cit</strong></span> <span class='ocrx_word' id='word_1_244' title='bbox 848 2938 1159 3011; x_wconf 78' lang='lat' dir='ltr'><strong>incendium.</strong></span> <span class='ocrx_word' id='word_1_245' title='bbox 1178 2938 1459 3005; x_wconf 84' lang='lat' dir='ltr'><strong>Eusebius,</strong></span> <span class='ocrx_word' id='word_1_246' title='bbox 1486 2942 1581 2997; x_wconf 93' lang='lat' dir='ltr'><strong>lib.</strong></span> <span class='ocrx_word' id='word_1_247' title='bbox 1596 2957 1712 3009; x_wconf 81' lang='lat' dir='ltr'><strong>vin,</strong></span> <span class='ocrx_word' id='word_1_248' title='bbox 1736 2956 1855 3011; x_wconf 88' lang='lat' dir='ltr'><strong>cap.</strong></span> <span class='ocrx_word' id='word_1_249' title='bbox 1874 2940 1927 3005; x_wconf 87' lang='lat'><strong>6,</strong></span> <span class='ocrx_word' id='word_1_250' title='bbox 1951 2955 2117 3011; x_wconf 87' lang='lat' dir='ltr'><strong>agens</strong></span> 
     </span>
    </p>
   </div>
   <div class='ocr_carea' id='block_1_36' title="bbox 527 3006 2116 3082">
    <p class='ocr_par' dir='ltr' id='par_1_36' title="bbox 527 3006 2116 3082">
     <span class='ocr_line' id='line_1_36' title="bbox 527 3006 2116 3082; baseline 0.001 -19"><span class='ocrx_word' id='word_1_251' title='bbox 527 3006 597 3063; x_wconf 90' lang='lat' dir='ltr'><strong>de</strong></span> <span class='ocrx_word' id='word_1_252' title='bbox 623 3007 723 3082; x_wconf 78' lang='lat' dir='ltr'><strong>hoc</strong></span> <span class='ocrx_word' id='word_1_253' title='bbox 755 3009 1021 3082; x_wconf 84' lang='lat' dir='ltr'><strong>incendio,</strong></span> <span class='ocrx_word' id='word_1_254' title='bbox 1060 3012 1270 3082; x_wconf 87' lang='lat' dir='ltr'><strong>nescire</strong></span> <span class='ocrx_word' id='word_1_255' title='bbox 1296 3027 1355 3082; x_wconf 84' lang='lat' dir='ltr'><strong>se</strong></span> <span class='ocrx_word' id='word_1_256' title='bbox 1394 3012 1588 3066; x_wconf 90' lang='lat' dir='ltr'><strong>fatetur</strong></span> <span class='ocrx_word' id='word_1_257' title='bbox 1608 3006 1716 3082; x_wconf 87' lang='lat' dir='ltr'><strong>quo</strong></span> <span class='ocrx_word' id='word_1_258' title='bbox 1744 3006 1871 3067; x_wconf 76' lang='lat' dir='ltr'><strong>casu</strong></span> <span class='ocrx_word' id='word_1_259' title='bbox 1909 3006 2116 3066; x_wconf 75' lang='lat' dir='ltr'><strong>excita-</strong></span> 
     </span>
    </p>
   </div>
   <div class='ocr_carea' id='block_1_37' title="bbox 529 3077 2117 3151">
    <p class='ocr_par' dir='ltr' id='par_1_37' title="bbox 529 3077 2117 3151">
     <span class='ocr_line' id='line_1_37' title="bbox 529 3077 2117 3151; baseline 0.002 -19"><span class='ocrx_word' id='word_1_260' title='bbox 529 3088 653 3151; x_wconf 85' lang='lat' dir='ltr'><strong>tum</strong></span> <span class='ocrx_word' id='word_1_261' title='bbox 685 3077 864 3134; x_wconf 84' lang='lat' dir='ltr'><strong>fuerit.</strong></span> <span class='ocrx_word' id='word_1_262' title='bbox 901 3081 1000 3151; x_wconf 82' lang='lat' dir='ltr'><strong>Alii</strong></span> <span class='ocrx_word' id='word_1_263' title='bbox 1032 3081 1282 3149; x_wconf 85' lang='lat' dir='ltr'><strong>palatium</strong></span> <span class='ocrx_word' id='word_1_264' title='bbox 1306 3080 1528 3138; x_wconf 87' lang='lat' dir='ltr'><strong>fulmine</strong></span> <span class='ocrx_word' id='word_1_265' title='bbox 1567 3077 1729 3137; x_wconf 79' lang='lat' dir='ltr'><strong>ictum</strong></span> <span class='ocrx_word' id='word_1_266' title='bbox 1755 3082 2117 3151; x_wconf 84' lang='lat' dir='ltr'><strong>conﬂagrasse</strong></span> 
     </span>
    </p>
   </div>
   <div class='ocr_carea' id='block_1_38' title="bbox 1823 294 2471 357">
    <p class='ocr_par' dir='ltr' id='par_1_38' title="bbox 1823 294 2471 357">
     <span class='ocr_line' id='line_1_38' title="bbox 1823 294 2471 357; baseline 0.002 -4"><span class='ocrx_word' id='word_1_267' title='bbox 1823 294 2163 353; x_wconf 83' lang='lat' dir='ltr'><strong>STEPHANI</strong></span> <span class='ocrx_word' id='word_1_268' title='bbox 2198 297 2471 357; x_wconf 79' lang='lat' dir='ltr'><strong>BALUZII</strong></span> 
     </span>
    </p>
   </div>
   <div class='ocr_carea' id='block_1_39' title="bbox 516 408 2188 482">
    <p class='ocr_par' dir='ltr' id='par_1_39' title="bbox 516 408 2188 482">
     <span class='ocr_line' id='line_1_39' title="bbox 516 408 2188 482; baseline 0 -15"><span class='ocrx_word' id='word_1_269' title='bbox 516 408 671 467; x_wconf 86' lang='lat' dir='ltr'><strong>deret</strong></span> <span class='ocrx_word' id='word_1_270' title='bbox 707 410 1095 481; x_wconf 87' lang='lat' dir='ltr'><strong>imprudentem</strong></span> <span class='ocrx_word' id='word_1_271' title='bbox 1117 417 1172 468; x_wconf 91' lang='lat' dir='ltr'><strong>et</strong></span> <span class='ocrx_word' id='word_1_272' title='bbox 1199 408 1635 482; x_wconf 87' lang='lat' dir='ltr'><strong>intempestivum</strong></span> <span class='ocrx_word' id='word_1_273' title='bbox 1677 408 1821 466; x_wconf 90' lang='lat' dir='ltr'><strong>illius</strong></span> <span class='ocrx_word' id='word_1_274' title='bbox 1854 410 2103 467; x_wconf 89' lang='lat' dir='ltr'><strong>ardorem</strong></span> <span class='ocrx_word' id='word_1_275' title='bbox 2132 416 2188 475; x_wconf 80' lang='grc' dir='ltr'><strong>Α</strong></span> 
     </span>
    </p>
   </div>
   <div class='ocr_carea' id='block_1_40' title="bbox 3727 293 3845 355">
    <p class='ocr_par' dir='ltr' id='par_1_40' title="bbox 3727 293 3845 355">
     <span class='ocr_line' id='line_1_40' title="bbox 3727 293 3845 355; baseline 0 -5"><span class='ocrx_word' id='word_1_276' title='bbox 3727 293 3845 355; x_wconf 71' lang='lat'><strong>3&#39;20</strong></span> 
     </span>
    </p>
   </div>
   <div class='ocr_carea' id='block_1_41' title="bbox 2771 412 3185 474">
    <p class='ocr_par' dir='ltr' id='par_1_41' title="bbox 2771 412 3185 474">
     <span class='ocr_line' id='line_1_41' title="bbox 2771 412 3185 474; baseline 0.007 -3"><span class='ocrx_word' id='word_1_277' title='bbox 2771 413 3001 473; x_wconf 80' lang='lat' dir='ltr'><strong>CAPUT</strong></span> <span class='ocrx_word' id='word_1_278' title='bbox 3066 412 3185 474; x_wconf 77' lang='lat' dir='ltr'><strong>XV.</strong></span> 
     </span>
    </p>
   </div>
   <div class='ocr_carea' id='block_1_42' title="bbox 2278 549 3840 621">
    <p class='ocr_par' dir='ltr' id='par_1_42' title="bbox 2278 549 3840 621">
     <span class='ocr_line' id='line_1_42' title="bbox 2278 549 3840 621; baseline 0.004 -18"><span class='ocrx_word' id='word_1_279' title='bbox 2278 549 2469 604; x_wconf 80' lang='lat' dir='ltr'><strong>Filiam</strong></span> <span class='ocrx_word' id='word_1_280' title='bbox 2502 550 2774 605; x_wconf 83' lang='lat' dir='ltr'><strong>Valeriam.</strong></span> <span class='ocrx_word' id='word_1_281' title='bbox 2823 549 3051 621; x_wconf 90' lang='lat' dir='ltr'><strong>Nuptam</strong></span> <span class='ocrx_word' id='word_1_282' title='bbox 3082 550 3299 607; x_wconf 84' lang='lat' dir='ltr'><strong>Galerio</strong></span> <span class='ocrx_word' id='word_1_283' title='bbox 3328 550 3676 608; x_wconf 77' lang='lat' dir='ltr'><strong>Maximiano</strong></span> <span class='ocrx_word' id='word_1_284' title='bbox 3701 552 3840 609; x_wconf 65' lang='lat' dir='ltr'><strong>Cac-</strong></span> 
     </span>
    </p>
   </div>
   <div class='ocr_carea' id='block_1_43' title="bbox 2203 620 3837 692">
    <p class='ocr_par' dir='ltr' id='par_1_43' title="bbox 2203 620 3837 692">
     <span class='ocr_line' id='line_1_43' title="bbox 2203 620 3837 692; baseline 0.001 -15"><span class='ocrx_word' id='word_1_285' title='bbox 2203 623 2473 691; x_wconf 75' lang='lat' dir='ltr'><strong>sari,qua3</strong></span> <span class='ocrx_word' id='word_1_286' title='bbox 2501 622 2750 676; x_wconf 87' lang='lat' dir='ltr'><strong>miseram</strong></span> <span class='ocrx_word' id='word_1_287' title='bbox 2774 620 2936 675; x_wconf 85' lang='lat' dir='ltr'><strong>vitam</strong></span> <span class='ocrx_word' id='word_1_288' title='bbox 2965 620 3205 676; x_wconf 82' lang='lat' dir='ltr'><strong>traduxit</strong></span> <span class='ocrx_word' id='word_1_289' title='bbox 3254 632 3377 692; x_wconf 86' lang='lat' dir='ltr'><strong>post</strong></span> <span class='ocrx_word' id='word_1_290' title='bbox 3409 632 3655 678; x_wconf 89' lang='lat' dir='ltr'><strong>mortem</strong></span> <span class='ocrx_word' id='word_1_291' title='bbox 3712 641 3837 679; x_wconf 87' lang='lat' dir='ltr'><strong>ma-</strong></span> 
     </span>
    </p>
   </div>
   <div class='ocr_carea' id='block_1_44' title="bbox 2204 692 3841 762">
    <p class='ocr_par' dir='ltr' id='par_1_44' title="bbox 2204 692 3841 762">
     <span class='ocr_line' id='line_1_44' title="bbox 2204 692 3841 762; baseline 0.002 -16"><span class='ocrx_word' id='word_1_292' title='bbox 2204 692 2315 753; x_wconf 87' lang='lat' dir='ltr'><strong>riti,</strong></span> <span class='ocrx_word' id='word_1_293' title='bbox 2346 701 2401 762; x_wconf 83' lang='lat' dir='ltr'><strong>et</strong></span> <span class='ocrx_word' id='word_1_294' title='bbox 2447 692 2738 747; x_wconf 89' lang='lat' dir='ltr'><strong>miserabili</strong></span> <span class='ocrx_word' id='word_1_295' title='bbox 2768 701 2941 747; x_wconf 92' lang='lat' dir='ltr'><strong>morte</strong></span> <span class='ocrx_word' id='word_1_296' title='bbox 2963 708 3084 747; x_wconf 91' lang='lat' dir='ltr'><strong>cum</strong></span> <span class='ocrx_word' id='word_1_297' title='bbox 3115 705 3287 748; x_wconf 89' lang='lat' dir='ltr'><strong>matre</strong></span> <span class='ocrx_word' id='word_1_298' title='bbox 3316 693 3522 762; x_wconf 91' lang='lat' dir='ltr'><strong>periit,</strong></span> <span class='ocrx_word' id='word_1_299' title='bbox 3560 695 3673 748; x_wconf 88' lang='lat' dir='ltr'><strong>sub</strong></span> <span class='ocrx_word' id='word_1_300' title='bbox 3732 696 3841 749; x_wconf 80' lang='lat' dir='ltr'><strong>im-</strong></span> 
     </span>
    </p>
   </div>
   <div class='ocr_carea' id='block_1_45' title="bbox 2205 761 3843 834">
    <p class='ocr_par' dir='ltr' id='par_1_45' title="bbox 2205 761 3843 834">
     <span class='ocr_line' id='line_1_45' title="bbox 2205 761 3843 834; baseline 0.003 -19"><span class='ocrx_word' id='word_1_301' title='bbox 2205 763 2373 834; x_wconf 81' lang='lat' dir='ltr'><strong>perio_</strong></span> <span class='ocrx_word' id='word_1_302' title='bbox 2384 761 2570 816; x_wconf 88' lang='lat' dir='ltr'><strong>Licinii</strong></span> <span class='ocrx_word' id='word_1_303' title='bbox 2592 801 2607 826; x_wconf 93' lang='lat'><strong>,</strong></span> <span class='ocrx_word' id='word_1_304' title='bbox 2639 771 2695 815; x_wconf 92' lang='lat' dir='ltr'><strong>ut</strong></span> <span class='ocrx_word' id='word_1_305' title='bbox 2724 762 2881 817; x_wconf 89' lang='lat' dir='ltr'><strong>docet</strong></span> <span class='ocrx_word' id='word_1_306' title='bbox 2907 762 3219 818; x_wconf 88' lang='lat' dir='ltr'><strong>Lactantius</strong></span> <span class='ocrx_word' id='word_1_307' title='bbox 3245 761 3441 819; x_wconf 81' lang='lat' dir='ltr'><strong>influe</strong></span> <span class='ocrx_word' id='word_1_308' title='bbox 3496 764 3670 834; x_wconf 84' lang='lat' dir='ltr'><strong>hujus</strong></span> <span class='ocrx_word' id='word_1_309' title='bbox 3695 778 3843 833; x_wconf 88' lang='lat' dir='ltr'><strong>ope-</strong></span> 
     </span>
    </p>
   </div>
   <div class='ocr_carea' id='block_1_46' title="bbox 2205 832 3842 904">
    <p class='ocr_par' dir='ltr' id='par_1_46' title="bbox 2205 832 3842 904">
     <span class='ocr_line' id='line_1_46' title="bbox 2205 832 3842 904; baseline 0.002 -17"><span class='ocrx_word' id='word_1_310' title='bbox 2205 832 2301 887; x_wconf 88' lang='lat' dir='ltr'><strong>ris.</strong></span> <span class='ocrx_word' id='word_1_311' title='bbox 2333 832 2535 904; x_wconf 10' lang='lat' dir='ltr'><strong>ngiqua</strong></span> <span class='ocrx_word' id='word_1_312' title='bbox 2566 835 2872 904; x_wconf 85' lang='lat' dir='ltr'><strong>narratione</strong></span> <span class='ocrx_word' id='word_1_313' title='bbox 2901 835 3279 901; x_wconf 86' lang='lat' dir='ltr'><strong>pessumdatur</strong></span> <span class='ocrx_word' id='word_1_314' title='bbox 3325 832 3842 904; x_wconf 58' lang='lat' dir='ltr'><strong>omnino&#39;conji-c-</strong></span> 
     </span>
    </p>
   </div>
   <div class='ocr_carea' id='block_1_47' title="bbox 2206 902 3840 972">
    <p class='ocr_par' dir='ltr' id='par_1_47' title="bbox 2206 902 3840 972">
     <span class='ocr_line' id='line_1_47' title="bbox 2206 902 3840 972; baseline 0.001 -15"><span class='ocrx_word' id='word_1_315' title='bbox 2206 911 2325 957; x_wconf 90' lang='lat' dir='ltr'><strong>tura</strong></span> <span class='ocrx_word' id='word_1_316' title='bbox 2372 902 2719 957; x_wconf 86' lang='lat' dir='ltr'><strong>illustrissimi</strong></span> <span class='ocrx_word' id='word_1_317' title='bbox 2751 902 3036 960; x_wconf 89' lang='lat' dir='ltr'><strong>cardinalis</strong></span> <span class='ocrx_word' id='word_1_318' title='bbox 3082 904 3318 968; x_wconf 87' lang='lat' dir='ltr'><strong>Baronii,</strong></span> <span class='ocrx_word' id='word_1_319' title='bbox 3350 904 3443 972; x_wconf 91' lang='lat' dir='ltr'><strong>qni</strong></span> <span class='ocrx_word' id='word_1_320' title='bbox 3490 903 3562 959; x_wconf 90' lang='lat' dir='ltr'><strong>ad</strong></span> <span class='ocrx_word' id='word_1_321' title='bbox 3614 902 3840 959; x_wconf 81' lang='lat' dir='ltr'><strong>annum</strong></span> 
     </span>
    </p>
   </div>
   <div class='ocr_carea' id='block_1_48' title="bbox 2204 972 3843 1045">
    <p class='ocr_par' dir='ltr' id='par_1_48' title="bbox 2204 972 3843 1045">
     <span class='ocr_line' id='line_1_48' title="bbox 2204 972 3843 1045; baseline 0.002 -18"><span class='ocrx_word' id='word_1_322' title='bbox 2204 972 2311 1045; x_wconf 66' lang='lat'><strong>294</strong></span> <span class='ocrx_word' id='word_1_323' title='bbox 2340 973 2529 1045; x_wconf 79' lang='lat' dir='ltr'><strong>scribit</strong></span> <span class='ocrx_word' id='word_1_324' title='bbox 2579 974 2743 1045; x_wconf 71' lang='lat' dir='ltr'><strong>filiam</strong></span> <span class='ocrx_word' id='word_1_325' title='bbox 2776 974 3279 1045; x_wconf 72' lang='lat' dir='ltr'><strong>Diocletiani,_qu:e</strong></span> <span class='ocrx_word' id='word_1_326' title='bbox 3324 973 3586 1045; x_wconf 81' lang='lat' dir='ltr'><strong>conjugio</strong></span> <span class='ocrx_word' id='word_1_327' title='bbox 3633 977 3843 1045; x_wconf 85' lang='lat' dir='ltr'><strong>juncta</strong></span> 
     </span>
    </p>
   </div>
   <div class='ocr_carea' id='block_1_49' title="bbox 2206 1041 3842 1113">
    <p class='ocr_par' dir='ltr' id='par_1_49' title="bbox 2206 1041 3842 1113">
     <span class='ocr_line' id='line_1_49' title="bbox 2206 1041 3842 1113; baseline 0.001 -15"><span class='ocrx_word' id='word_1_328' title='bbox 2206 1041 2305 1098; x_wconf 83' lang='lat' dir='ltr'><strong>fuit</strong></span> <span class='ocrx_word' id='word_1_329' title='bbox 2333 1043 2549 1100; x_wconf 88' lang='lat' dir='ltr'><strong>Galerio</strong></span> <span class='ocrx_word' id='word_1_330' title='bbox 2575 1043 2915 1109; x_wconf 84' lang='lat' dir='ltr'><strong>Maximiano,</strong></span> <span class='ocrx_word' id='word_1_331' title='bbox 2950 1044 3092 1113; x_wconf 79' lang='lat' dir='ltr'><strong>haud</strong></span> <span class='ocrx_word' id='word_1_332' title='bbox 3121 1041 3216 1097; x_wconf 88' lang='lat' dir='ltr'><strong>diu</strong></span> <span class='ocrx_word' id='word_1_333' title='bbox 3245 1053 3368 1113; x_wconf 89' lang='lat' dir='ltr'><strong>post</strong></span> <span class='ocrx_word' id='word_1_334' title='bbox 3397 1041 3842 1112; x_wconf 40' lang='lat' dir='ltr'><strong>nuptias—fuisse</strong></span> 
     </span>
    </p>
   </div>
   <div class='ocr_carea' id='block_1_50' title="bbox 2208 1112 3839 1195">
    <p class='ocr_par' dir='ltr' id='par_1_50' title="bbox 2208 1112 3839 1195">
     <span class='ocr_line' id='line_1_50' title="bbox 2208 1112 3839 1195; baseline 0 -26"><span class='ocrx_word' id='word_1_335' title='bbox 2208 1116 2577 1195; x_wconf 74' lang='lat' dir='ltr'><strong>superstitem,</strong></span> <span class='ocrx_word' id='word_1_336' title='bbox 2601 1129 2722 1168; x_wconf 91' lang='lat' dir='ltr'><strong>cum</strong></span> <span class='ocrx_word' id='word_1_337' title='bbox 2751 1115 2895 1195; x_wconf 79' lang='lat' dir='ltr'><strong>nulla</strong></span> <span class='ocrx_word' id='word_1_338' title='bbox 2931 1112 3048 1195; x_wconf 83' lang='lat' dir='ltr'><strong>ejus</strong></span> <span class='ocrx_word' id='word_1_339' title='bbox 3092 1114 3351 1168; x_wconf 88' lang='lat' dir='ltr'><strong>memoria</strong></span> <span class='ocrx_word' id='word_1_340' title='bbox 3381 1123 3535 1195; x_wconf 76' lang='lat' dir='ltr'><strong>extet</strong></span> <span class='ocrx_word' id='word_1_341' title='bbox 3576 1115 3635 1170; x_wconf 91' lang='lat' dir='ltr'><strong>in</strong></span> <span class='ocrx_word' id='word_1_342' title='bbox 3683 1118 3839 1195; x_wconf 62' lang='lat' dir='ltr'><strong>unti-</strong></span> 
     </span>
    </p>
   </div>
   <div class='ocr_carea' id='block_1_51' title="bbox 2207 1182 3840 1253">
    <p class='ocr_par' dir='ltr' id='par_1_51' title="bbox 2207 1182 3840 1253">
     <span class='ocr_line' id='line_1_51' title="bbox 2207 1182 3840 1253; baseline 0.001 -15"><span class='ocrx_word' id='word_1_343' title='bbox 2207 1182 2487 1253; x_wconf 86' lang='lat' dir='ltr'><strong>quioribus</strong></span> <span class='ocrx_word' id='word_1_344' title='bbox 2529 1183 2913 1249; x_wconf 89' lang='lat' dir='ltr'><strong>monumentis,</strong></span> <span class='ocrx_word' id='word_1_345' title='bbox 2946 1182 3040 1237; x_wconf 90' lang='lat' dir='ltr'><strong>sed</strong></span> <span class='ocrx_word' id='word_1_346' title='bbox 3072 1198 3172 1238; x_wconf 92' lang='lat' dir='ltr'><strong>nec</strong></span> <span class='ocrx_word' id='word_1_347' title='bbox 3194 1199 3263 1238; x_wconf 83' lang='lat' dir='ltr'><strong>ex</strong></span> <span class='ocrx_word' id='word_1_348' title='bbox 3292 1199 3356 1239; x_wconf 89' lang='lat' dir='ltr'><strong>ea</strong></span> <span class='ocrx_word' id='word_1_349' title='bbox 3406 1185 3595 1251; x_wconf 88' lang='lat' dir='ltr'><strong>proles</strong></span> <span class='ocrx_word' id='word_1_350' title='bbox 3644 1186 3840 1253; x_wconf 89' lang='lat' dir='ltr'><strong>aliqua</strong></span> 
     </span>
    </p>
   </div>
   <div class='ocr_carea' id='block_1_52' title="bbox 2209 1252 3841 1323">
    <p class='ocr_par' dir='ltr' id='par_1_52' title="bbox 2209 1252 3841 1323">
     <span class='ocr_line' id='line_1_52' title="bbox 2209 1252 3841 1323; baseline 0.002 -15"><span class='ocrx_word' id='word_1_351' title='bbox 2209 1252 2415 1323; x_wconf 83' lang='lat' dir='ltr'><strong>legatur</strong></span> <span class='ocrx_word' id='word_1_352' title='bbox 2435 1268 2557 1309; x_wconf 88' lang='lat' dir='ltr'><strong>esse</strong></span> <span class='ocrx_word' id='word_1_353' title='bbox 2600 1261 2871 1323; x_wconf 90' lang='lat' dir='ltr'><strong>suscepta.</strong></span> <span class='ocrx_word' id='word_1_354' title='bbox 2902 1252 3064 1308; x_wconf 85' lang='lat' dir='ltr'><strong>Addit</strong></span> <span class='ocrx_word' id='word_1_355' title='bbox 3091 1254 3288 1309; x_wconf 87' lang='lat' dir='ltr'><strong>deinde</strong></span> <span class='ocrx_word' id='word_1_356' title='bbox 3320 1264 3555 1323; x_wconf 87' lang='lat' dir='ltr'><strong>patrem,</strong></span> <span class='ocrx_word' id='word_1_357' title='bbox 3588 1265 3654 1310; x_wconf 91' lang='lat' dir='ltr'><strong>ut</strong></span> <span class='ocrx_word' id='word_1_358' title='bbox 3703 1252 3841 1311; x_wconf 73' lang='lat' dir='ltr'><strong>lilia:</strong></span> 
     </span>
    </p>
   </div>
   <div class='ocr_carea' id='block_1_53' title="bbox 2207 1324 3838 1392">
    <p class='ocr_par' dir='ltr' id='par_1_53' title="bbox 2207 1324 3838 1392">
     <span class='ocr_line' id='line_1_53' title="bbox 2207 1324 3838 1392; baseline 0.001 -13"><span class='ocrx_word' id='word_1_359' title='bbox 2207 1324 2475 1379; x_wconf 66' lang='lat' dir='ltr'><strong>defunctae</strong></span> <span class='ocrx_word' id='word_1_360' title='bbox 2503 1324 2813 1379; x_wconf 89' lang='lat' dir='ltr'><strong>memoriam</strong></span> <span class='ocrx_word' id='word_1_361' title='bbox 2844 1333 3190 1379; x_wconf 89' lang='lat' dir='ltr'><strong>consecraret</strong></span> <span class='ocrx_word' id='word_1_362' title='bbox 3218 1325 3509 1379; x_wconf 74' lang='lat' dir='ltr'><strong>:cternitati</strong></span> <span class='ocrx_word' id='word_1_363' title='bbox 3530 1365 3547 1392; x_wconf 95' lang='lat'><strong>,</strong></span> <span class='ocrx_word' id='word_1_364' title='bbox 3599 1327 3838 1381; x_wconf 79' lang='lat' dir='ltr'><strong>Panno-</strong></span> 
     </span>
    </p>
   </div>
   <div class='ocr_carea' id='block_1_54' title="bbox 2210 1393 3839 1467">
    <p class='ocr_par' dir='ltr' id='par_1_54' title="bbox 2210 1393 3839 1467">
     <span class='ocr_line' id='line_1_54' title="bbox 2210 1393 3839 1467; baseline 0.002 -18"><span class='ocrx_word' id='word_1_365' title='bbox 2210 1395 2312 1467; x_wconf 80' lang='lat' dir='ltr'><strong>nia:</strong></span> <span class='ocrx_word' id='word_1_366' title='bbox 2332 1393 2680 1467; x_wconf 80' lang='lat' dir='ltr'><strong>partemejus</strong></span> <span class='ocrx_word' id='word_1_367' title='bbox 2719 1394 2936 1467; x_wconf 87' lang='lat' dir='ltr'><strong>nomine</strong></span> <span class='ocrx_word' id='word_1_368' title='bbox 2972 1395 3189 1467; x_wconf 82' lang='lat' dir='ltr'><strong>institui</strong></span> <span class='ocrx_word' id='word_1_369' title='bbox 3227 1404 3393 1466; x_wconf 90' lang='lat' dir='ltr'><strong>atque</strong></span> <span class='ocrx_word' id='word_1_370' title='bbox 3433 1398 3839 1467; x_wconf 78' lang='lat' dir='ltr'><strong>cognominati</strong></span> 
     </span>
    </p>
   </div>
   <div class='ocr_carea' id='block_1_55' title="bbox 2210 1465 3831 1533">
    <p class='ocr_par' dir='ltr' id='par_1_55' title="bbox 2210 1465 3831 1533">
     <span class='ocr_line' id='line_1_55' title="bbox 2210 1465 3831 1533; baseline 0.002 -15"><span class='ocrx_word' id='word_1_371' title='bbox 2210 1466 2478 1528; x_wconf 91' lang='lat' dir='ltr'><strong>voluisse;</strong></span> <span class='ocrx_word' id='word_1_372' title='bbox 2507 1465 2740 1533; x_wconf 90' lang='lat' dir='ltr'><strong>citatque</strong></span> <span class='ocrx_word' id='word_1_373' title='bbox 2768 1466 2821 1518; x_wconf 86' lang='lat' dir='ltr'><strong>in</strong></span> <span class='ocrx_word' id='word_1_374' title='bbox 2851 1479 2968 1519; x_wconf 86' lang='lat' dir='ltr'><strong>eam</strong></span> <span class='ocrx_word' id='word_1_375' title='bbox 2998 1479 3110 1519; x_wconf 92' lang='lat' dir='ltr'><strong>rem</strong></span> <span class='ocrx_word' id='word_1_376' title='bbox 3136 1465 3332 1519; x_wconf 87' lang='lat' dir='ltr'><strong>librum</strong></span> <span class='ocrx_word' id='word_1_377' title='bbox 3381 1480 3474 1520; x_wconf 76' lang='lat' dir='ltr'><strong>XI!</strong></span> <span class='ocrx_word' id='word_1_378' title='bbox 3508 1465 3831 1522; x_wconf 61' lang='lat' dir='ltr'><strong>&#39;Ammiaui</strong></span> 
     </span>
    </p>
   </div>
   <div class='ocr_carea' id='block_1_56' title="bbox 2209 1533 3843 1603">
    <p class='ocr_par' dir='ltr' id='par_1_56' title="bbox 2209 1533 3843 1603">
     <span class='ocr_line' id='line_1_56' title="bbox 2209 1533 3843 1603; baseline 0.003 -15"><span class='ocrx_word' id='word_1_379' title='bbox 2209 1533 2522 1589; x_wconf 86' lang='lat' dir='ltr'><strong>Marcellini.</strong></span> <span class='ocrx_word' id='word_1_380' title='bbox 2548 1533 2748 1589; x_wconf 80' lang='lat' dir='ltr'><strong>Verum</strong></span> <span class='ocrx_word' id='word_1_381' title='bbox 2786 1534 2838 1588; x_wconf 90' lang='lat' dir='ltr'><strong>id</strong></span> <span class='ocrx_word' id='word_1_382' title='bbox 2868 1549 2974 1589; x_wconf 93' lang='lat' dir='ltr'><strong>non</strong></span> <span class='ocrx_word' id='word_1_383' title='bbox 2999 1535 3128 1590; x_wconf 90' lang='lat' dir='ltr'><strong>dicit</strong></span> <span class='ocrx_word' id='word_1_384' title='bbox 3155 1534 3505 1591; x_wconf 80' lang='lat' dir='ltr'><strong>Marcellinus</strong></span> <span class='ocrx_word' id='word_1_385' title='bbox 3528 1579 3545 1603; x_wconf 91' lang='lat'><strong>,</strong></span> <span class='ocrx_word' id='word_1_386' title='bbox 3574 1538 3682 1593; x_wconf 79' lang='lat' dir='ltr'><strong>sed</strong></span> <span class='ocrx_word' id='word_1_387' title='bbox 3713 1548 3843 1593; x_wconf 80' lang='lat' dir='ltr'><strong>tan-</strong></span> 
     </span>
    </p>
   </div>
   <div class='ocr_carea' id='block_1_57' title="bbox 2210 1604 3843 1675">
    <p class='ocr_par' dir='ltr' id='par_1_57' title="bbox 2210 1604 3843 1675">
     <span class='ocr_line' id='line_1_57' title="bbox 2210 1604 3843 1675; baseline 0.002 -17"><span class='ocrx_word' id='word_1_388' title='bbox 2210 1613 2325 1658; x_wconf 92' lang='lat' dir='ltr'><strong>tum</strong></span> <span class='ocrx_word' id='word_1_389' title='bbox 2355 1620 2473 1675; x_wconf 84' lang='lat' dir='ltr'><strong>eam</strong></span> <span class='ocrx_word' id='word_1_390' title='bbox 2505 1604 2795 1660; x_wconf 67' lang='lat' dir='ltr'><strong>Pannoniae</strong></span> <span class='ocrx_word' id='word_1_391' title='bbox 2818 1615 3025 1675; x_wconf 90' lang='lat' dir='ltr'><strong>partem</strong></span> <span class='ocrx_word' id='word_1_392' title='bbox 3050 1605 3119 1659; x_wconf 89' lang='lat' dir='ltr'><strong>ad</strong></span> <span class='ocrx_word' id='word_1_393' title='bbox 3135 1607 3396 1660; x_wconf 86' lang='lat' dir='ltr'><strong>honorem</strong></span> <span class='ocrx_word' id='word_1_394' title='bbox 3427 1606 3675 1663; x_wconf 74' lang='lat' dir='ltr'><strong>Valeria:</strong></span> <span class='ocrx_word' id='word_1_395' title='bbox 3705 1608 3843 1662; x_wconf 89' lang='lat' dir='ltr'><strong>Dio-</strong></span> 
     </span>
    </p>
   </div>
   <div class='ocr_carea' id='block_1_58' title="bbox 2210 1674 3843 1746">
    <p class='ocr_par' dir='ltr' id='par_1_58' title="bbox 2210 1674 3843 1746">
     <span class='ocr_line' id='line_1_58' title="bbox 2210 1674 3843 1746; baseline 0.004 -18"><span class='ocrx_word' id='word_1_396' title='bbox 2210 1674 2424 1746; x_wconf 85' lang='lat' dir='ltr'><strong>cletiaui</strong></span> <span class='ocrx_word' id='word_1_397' title='bbox 2445 1674 2570 1729; x_wconf 72' lang='lat' dir='ltr'><strong>lilia:</strong></span> <span class='ocrx_word' id='word_1_398' title='bbox 2594 1684 2649 1730; x_wconf 91' lang='lat' dir='ltr'><strong>et</strong></span> <span class='ocrx_word' id='word_1_399' title='bbox 2675 1674 2992 1742; x_wconf 89' lang='lat' dir='ltr'><strong>institutam,</strong></span> <span class='ocrx_word' id='word_1_400' title='bbox 3020 1684 3076 1731; x_wconf 89' lang='lat' dir='ltr'><strong>et</strong></span> <span class='ocrx_word' id='word_1_401' title='bbox 3102 1676 3687 1746; x_wconf 33' lang='lat' dir='ltr'><strong>itaucognominatam.</strong></span> <span class='ocrx_word' id='word_1_402' title='bbox 3727 1679 3843 1733; x_wconf 77' lang='lat' dir='ltr'><strong>Re-</strong></span> 
     </span>
    </p>
   </div>
   <div class='ocr_carea' id='block_1_59' title="bbox 2212 1744 3841 1819">
    <p class='ocr_par' dir='ltr' id='par_1_59' title="bbox 2212 1744 3841 1819">
     <span class='ocr_line' id='line_1_59' title="bbox 2212 1744 3841 1819; baseline 0.004 -22"><span class='ocrx_word' id='word_1_403' title='bbox 2212 1744 2377 1800; x_wconf 89' lang='lat' dir='ltr'><strong>feram</strong></span> <span class='ocrx_word' id='word_1_404' title='bbox 2427 1754 2605 1819; x_wconf 80' lang='lat' dir='ltr'><strong>autem</strong></span> <span class='ocrx_word' id='word_1_405' title='bbox 2621 1746 2750 1819; x_wconf 90' lang='lat' dir='ltr'><strong>_ipsa</strong></span> <span class='ocrx_word' id='word_1_406' title='bbox 2776 1747 2893 1819; x_wconf 86' lang='lat' dir='ltr'><strong>ejus</strong></span> <span class='ocrx_word' id='word_1_407' title='bbox 2922 1750 3085 1800; x_wconf 89' lang='lat' dir='ltr'><strong>verba</strong></span> <span class='ocrx_word' id='word_1_408' title='bbox 3106 1763 3133 1819; x_wconf 61' lang='grc' dir='ltr'><strong>Δι</strong></span> <span class='ocrx_word' id='word_1_409' title='bbox 3154 1744 3600 1819; x_wconf 42' lang='grc' dir='ltr'><strong>Δνιιιέέήιιηζ-υεηίι</strong></span> <span class='ocrx_word' id='word_1_410' title='bbox 3626 1790 3643 1813; x_wconf 93' lang='grc'><strong>,</strong></span> <span class='ocrx_word' id='word_1_411' title='bbox 3706 1767 3841 1819; x_wconf 83' lang='lat' dir='ltr'><strong>par-</strong></span> 
     </span>
    </p>
   </div>
   <div class='ocr_carea' id='block_1_60' title="bbox 2212 1815 3846 1884">
    <p class='ocr_par' dir='ltr' id='par_1_60' title="bbox 2212 1815 3846 1884">
     <span class='ocr_line' id='line_1_60' title="bbox 2212 1815 3846 1884; baseline 0.002 -13"><span class='ocrx_word' id='word_1_412' title='bbox 2212 1825 2311 1871; x_wconf 85' lang='lat' dir='ltr'><strong>tem</strong></span> <span class='ocrx_word' id='word_1_413' title='bbox 2331 1816 2589 1884; x_wconf 83' lang='lat' dir='ltr'><strong>quondam</strong></span> <span class='ocrx_word' id='word_1_414' title='bbox 2610 1815 2911 1882; x_wconf 67' lang='lat' dir='ltr'><strong>Pannoniae,</strong></span> <span class='ocrx_word' id='word_1_415' title='bbox 2937 1818 3026 1870; x_wconf 83' lang='lat' dir='ltr'><strong>sed</strong></span> <span class='ocrx_word' id='word_1_416' title='bbox 3047 1816 3115 1869; x_wconf 82' lang='lat' dir='ltr'><strong>ad</strong></span> <span class='ocrx_word' id='word_1_417' title='bbox 3144 1816 3387 1871; x_wconf 80' lang='lat' dir='ltr'><strong>honorem</strong></span> <span class='ocrx_word' id='word_1_418' title='bbox 3422 1817 3656 1874; x_wconf 80' lang='lat' dir='ltr'><strong>Valeria:</strong></span> <span class='ocrx_word' id='word_1_419' title='bbox 3706 1815 3846 1875; x_wconf 84' lang='lat' dir='ltr'><strong>Dia-</strong></span> 
     </span>
    </p>
   </div>
   <div class='ocr_carea' id='block_1_61' title="bbox 2211 1886 3846 1956">
    <p class='ocr_par' dir='ltr' id='par_1_61' title="bbox 2211 1886 3846 1956">
     <span class='ocr_line' id='line_1_61' title="bbox 2211 1886 3846 1956; baseline 0.004 -16"><span class='ocrx_word' id='word_1_420' title='bbox 2211 1886 2418 1940; x_wconf 87' lang='lat' dir='ltr'><strong>cletiani</strong></span> <span class='ocrx_word' id='word_1_421' title='bbox 2442 1886 2565 1954; x_wconf 72' lang='lat' dir='ltr'><strong>ﬁlia:</strong></span> <span class='ocrx_word' id='word_1_422' title='bbox 2592 1896 2640 1940; x_wconf 89' lang='lat' dir='ltr'><strong>et</strong></span> <span class='ocrx_word' id='word_1_423' title='bbox 2665 1886 2969 1951; x_wconf 86' lang='lat' dir='ltr'><strong>institutam,</strong></span> <span class='ocrx_word' id='word_1_424' title='bbox 2993 1896 3039 1940; x_wconf 89' lang='lat' dir='ltr'><strong>et</strong></span> <span class='ocrx_word' id='word_1_425' title='bbox 3069 1887 3142 1941; x_wconf 90' lang='lat' dir='ltr'><strong>ita</strong></span> <span class='ocrx_word' id='word_1_426' title='bbox 3170 1888 3617 1956; x_wconf 85' lang='lat' dir='ltr'><strong>cognominatam.</strong></span> <span class='ocrx_word' id='word_1_427' title='bbox 3654 1889 3846 1946; x_wconf 85' lang='lat' dir='ltr'><strong>Porro</strong></span> 
     </span>
    </p>
   </div>
   <div class='ocr_carea' id='block_1_62' title="bbox 2213 1957 3845 2026">
    <p class='ocr_par' dir='ltr' id='par_1_62' title="bbox 2213 1957 3845 2026">
     <span class='ocr_line' id='line_1_62' title="bbox 2213 1957 3845 2026; baseline 0.002 -15"><span class='ocrx_word' id='word_1_428' title='bbox 2213 1972 2313 2011; x_wconf 87' lang='lat' dir='ltr'><strong>nec</strong></span> <span class='ocrx_word' id='word_1_429' title='bbox 2362 1957 2657 2011; x_wconf 88' lang='lat' dir='ltr'><strong>institutam</strong></span> <span class='ocrx_word' id='word_1_430' title='bbox 2700 1973 2728 2009; x_wconf 89' lang='lat' dir='ltr'><strong>a</strong></span> <span class='ocrx_word' id='word_1_431' title='bbox 2770 1957 3132 2021; x_wconf 86' lang='lat' dir='ltr'><strong>Diocletiano,</strong></span> <span class='ocrx_word' id='word_1_432' title='bbox 3193 1973 3295 2012; x_wconf 91' lang='lat' dir='ltr'><strong>nec</strong></span> <span class='ocrx_word' id='word_1_433' title='bbox 3341 1960 3845 2026; x_wconf 83' lang='lat' dir='ltr'><strong>cognominatam,</strong></span> 
     </span>
    </p>
   </div>
   <div class='ocr_carea' id='block_1_63' title="bbox 2213 2026 3845 2087">
    <p class='ocr_par' dir='ltr' id='par_1_63' title="bbox 2213 2026 3845 2087">
     <span class='ocr_line' id='line_1_63' title="bbox 2213 2026 3845 2087; baseline 0.003 -5"><span class='ocrx_word' id='word_1_434' title='bbox 2213 2027 2309 2082; x_wconf 87' lang='lat' dir='ltr'><strong>sed</strong></span> <span class='ocrx_word' id='word_1_435' title='bbox 2353 2042 2382 2079; x_wconf 94' lang='lat' dir='ltr'><strong>a</strong></span> <span class='ocrx_word' id='word_1_436' title='bbox 2424 2026 2639 2082; x_wconf 85' lang='lat' dir='ltr'><strong>Galerio</strong></span> <span class='ocrx_word' id='word_1_437' title='bbox 2693 2027 3015 2081; x_wconf 82' lang='lat' dir='ltr'><strong>Maximiano</strong></span> <span class='ocrx_word' id='word_1_438' title='bbox 3054 2027 3211 2083; x_wconf 90' lang='lat' dir='ltr'><strong>docet</strong></span> <span class='ocrx_word' id='word_1_439' title='bbox 3236 2027 3497 2083; x_wconf 84' lang='lat' dir='ltr'><strong>Aurelius</strong></span> <span class='ocrx_word' id='word_1_440' title='bbox 3532 2029 3736 2086; x_wconf 85' lang='lat' dir='ltr'><strong>Victor</strong></span> <span class='ocrx_word' id='word_1_441' title='bbox 3788 2033 3845 2087; x_wconf 89' lang='lat' dir='ltr'><strong>in</strong></span> 
     </span>
    </p>
   </div>
   <div class='ocr_carea' id='block_1_64' title="bbox 2211 2097 3847 2157">
    <p class='ocr_par' dir='ltr' id='par_1_64' title="bbox 2211 2097 3847 2157">
     <span class='ocr_line' id='line_1_64' title="bbox 2211 2097 3847 2157; baseline 0.002 -5"><span class='ocrx_word' id='word_1_442' title='bbox 2211 2098 2351 2152; x_wconf 88' lang='lat' dir='ltr'><strong>libro</strong></span> <span class='ocrx_word' id='word_1_443' title='bbox 2378 2097 2445 2152; x_wconf 90' lang='lat' dir='ltr'><strong>de</strong></span> <span class='ocrx_word' id='word_1_444' title='bbox 2471 2098 2772 2152; x_wconf 61' lang='lat' dir='ltr'><strong>Caesaribus</strong></span> <span class='ocrx_word' id='word_1_445' title='bbox 2802 2116 2814 2151; x_wconf 93' lang='lat'><strong>:</strong></span> <span class='ocrx_word' id='word_1_446' title='bbox 2852 2098 3183 2151; x_wconf 88' lang='lat' dir='ltr'><strong>Provinciam</strong></span> <span class='ocrx_word' id='word_1_447' title='bbox 3221 2099 3399 2153; x_wconf 73' lang='lat' dir='ltr'><strong>uxoris</strong></span> <span class='ocrx_word' id='word_1_448' title='bbox 3426 2101 3646 2155; x_wconf 83' lang='lat' dir='ltr'><strong>nomine</strong></span> <span class='ocrx_word' id='word_1_449' title='bbox 3680 2100 3847 2157; x_wconf 83' lang='lat' dir='ltr'><strong>Vale-</strong></span> 
     </span>
    </p>
   </div>
   <div class='ocr_carea' id='block_1_65' title="bbox 2213 2168 3850 2239">
    <p class='ocr_par' dir='ltr' id='par_1_65' title="bbox 2213 2168 3850 2239">
     <span class='ocr_line' id='line_1_65' title="bbox 2213 2168 3850 2239; baseline 0.004 -18"><span class='ocrx_word' id='word_1_450' title='bbox 2213 2169 2345 2221; x_wconf 88' lang='lat' dir='ltr'><strong>riam</strong></span> <span class='ocrx_word' id='word_1_451' title='bbox 2376 2169 2668 2239; x_wconf 79' lang='lat' dir='ltr'><strong>appellavit.</strong></span> <span class='ocrx_word' id='word_1_452' title='bbox 2692 2168 2784 2223; x_wconf 87' lang='lat' dir='ltr'><strong>His</strong></span> <span class='ocrx_word' id='word_1_453' title='bbox 2812 2169 2882 2222; x_wconf 89' lang='lat' dir='ltr'><strong>ita</strong></span> <span class='ocrx_word' id='word_1_454' title='bbox 2912 2169 3237 2233; x_wconf 87' lang='lat' dir='ltr'><strong>constitutis,</strong></span> <span class='ocrx_word' id='word_1_455' title='bbox 3270 2178 3534 2239; x_wconf 90' lang='lat' dir='ltr'><strong>tanquam</strong></span> <span class='ocrx_word' id='word_1_456' title='bbox 3566 2181 3728 2226; x_wconf 89' lang='lat' dir='ltr'><strong>certa</strong></span> <span class='ocrx_word' id='word_1_457' title='bbox 3754 2189 3850 2229; x_wconf 78' lang='lat' dir='ltr'><strong>es-</strong></span> 
     </span>
    </p>
   </div>
   <div class='ocr_carea' id='block_1_66' title="bbox 2214 2238 3845 2304">
    <p class='ocr_par' dir='ltr' id='par_1_66' title="bbox 2214 2238 3845 2304">
     <span class='ocr_line' id='line_1_66' title="bbox 2214 2238 3845 2304; baseline 0.004 -11"><span class='ocrx_word' id='word_1_458' title='bbox 2214 2248 2365 2304; x_wconf 90' lang='lat' dir='ltr'><strong>sent,</strong></span> <span class='ocrx_word' id='word_1_459' title='bbox 2414 2238 2566 2291; x_wconf 87' lang='lat' dir='ltr'><strong>addit</strong></span> <span class='ocrx_word' id='word_1_460' title='bbox 2619 2239 2876 2294; x_wconf 87' lang='lat' dir='ltr'><strong>Baronius</strong></span> <span class='ocrx_word' id='word_1_461' title='bbox 2923 2239 3314 2294; x_wconf 90' lang='lat' dir='ltr'><strong>Diocletianum</strong></span> <span class='ocrx_word' id='word_1_462' title='bbox 3342 2280 3355 2302; x_wconf 90' lang='lat'><strong>,</strong></span> <span class='ocrx_word' id='word_1_463' title='bbox 3384 2238 3532 2295; x_wconf 86' lang='lat' dir='ltr'><strong>cum</strong></span> <span class='ocrx_word' id='word_1_464' title='bbox 3595 2242 3845 2299; x_wconf 77' lang='lat' dir='ltr'><strong>Valeria:</strong></span> 
     </span>
    </p>
   </div>
   <div class='ocr_carea' id='block_1_67' title="bbox 2215 2307 3849 2378">
    <p class='ocr_par' dir='ltr' id='par_1_67' title="bbox 2215 2307 3849 2378">
     <span class='ocr_line' id='line_1_67' title="bbox 2215 2307 3849 2378; baseline 0.004 -15"><span class='ocrx_word' id='word_1_465' title='bbox 2215 2322 2388 2363; x_wconf 88' lang='lat' dir='ltr'><strong>morte</strong></span> <span class='ocrx_word' id='word_1_466' title='bbox 2415 2307 2646 2364; x_wconf 80' lang='lat' dir='ltr'><strong>resoluta</strong></span> <span class='ocrx_word' id='word_1_467' title='bbox 2688 2320 2830 2364; x_wconf 88' lang='lat' dir='ltr'><strong>esset</strong></span> <span class='ocrx_word' id='word_1_468' title='bbox 2854 2307 3090 2364; x_wconf 90' lang='lat' dir='ltr'><strong>aflinitas</strong></span> <span class='ocrx_word' id='word_1_469' title='bbox 3109 2325 3231 2378; x_wconf 76' lang='lat' dir='ltr'><strong>quae</strong></span> <span class='ocrx_word' id='word_1_470' title='bbox 3259 2310 3400 2365; x_wconf 90' lang='lat' dir='ltr'><strong>inter</strong></span> <span class='ocrx_word' id='word_1_471' title='bbox 3427 2325 3559 2366; x_wconf 91' lang='lat' dir='ltr'><strong>cum</strong></span> <span class='ocrx_word' id='word_1_472' title='bbox 3582 2322 3646 2365; x_wconf 87' lang='lat' dir='ltr'><strong>et</strong></span> <span class='ocrx_word' id='word_1_473' title='bbox 3674 2312 3849 2369; x_wconf 82' lang='lat' dir='ltr'><strong>Gale-</strong></span> 
     </span>
    </p>
   </div>
   <div class='ocr_carea' id='block_1_68' title="bbox 2215 2380 3848 2450">
    <p class='ocr_par' dir='ltr' id='par_1_68' title="bbox 2215 2380 3848 2450">
     <span class='ocr_line' id='line_1_68' title="bbox 2215 2380 3848 2450; baseline 0.004 -17"><span class='ocrx_word' id='word_1_474' title='bbox 2215 2380 2354 2450; x_wconf 87' lang='lat' dir='ltr'><strong>rium</strong></span> <span class='ocrx_word' id='word_1_475' title='bbox 2379 2389 2649 2433; x_wconf 89' lang='lat' dir='ltr'><strong>contracta</strong></span> <span class='ocrx_word' id='word_1_476' title='bbox 2672 2390 2808 2445; x_wconf 88' lang='lat' dir='ltr'><strong>erat,</strong></span> <span class='ocrx_word' id='word_1_477' title='bbox 2838 2395 2998 2449; x_wconf 87' lang='lat' dir='ltr'><strong>quam</strong></span> <span class='ocrx_word' id='word_1_478' title='bbox 3030 2383 3083 2434; x_wconf 91' lang='lat' dir='ltr'><strong>in</strong></span> <span class='ocrx_word' id='word_1_479' title='bbox 3114 2394 3207 2433; x_wconf 92' lang='lat' dir='ltr'><strong>sua</strong></span> <span class='ocrx_word' id='word_1_480' title='bbox 3239 2380 3574 2450; x_wconf 85' lang='lat' dir='ltr'><strong>cognatione</strong></span> <span class='ocrx_word' id='word_1_481' title='bbox 3601 2382 3848 2439; x_wconf 83' lang='lat' dir='ltr'><strong>haberet</strong></span> 
     </span>
    </p>
   </div>
   <div class='ocr_carea' id='block_1_69' title="bbox 2214 2448 3848 2523">
    <p class='ocr_par' dir='ltr' id='par_1_69' title="bbox 2214 2448 3848 2523">
     <span class='ocr_line' id='line_1_69' title="bbox 2214 2448 3848 2523; baseline 0.002 -21"><span class='ocrx_word' id='word_1_482' title='bbox 2214 2448 2382 2523; x_wconf 79' lang='lat' dir='ltr'><strong>gradu</strong></span> <span class='ocrx_word' id='word_1_483' title='bbox 2409 2448 3147 2523; x_wconf 81' lang='lat' dir='ltr'><strong>propinquioretn_virginem,</strong></span> <span class='ocrx_word' id='word_1_484' title='bbox 3169 2465 3290 2523; x_wconf 75' lang='lat' dir='ltr'><strong>eam</strong></span> <span class='ocrx_word' id='word_1_485' title='bbox 3314 2448 3413 2505; x_wconf 51' lang='lat' dir='ltr'><strong>&#39;illi</strong></span> <span class='ocrx_word' id='word_1_486' title='bbox 3441 2449 3659 2507; x_wconf 68' lang='lat' dir='ltr'><strong>findere</strong></span> <span class='ocrx_word' id='word_1_487' title='bbox 3695 2471 3848 2523; x_wconf 83' lang='lat' dir='ltr'><strong>nup-</strong></span> 
     </span>
    </p>
   </div>
   <div class='ocr_carea' id='block_1_70' title="bbox 2216 2520 3849 2589">
    <p class='ocr_par' dir='ltr' id='par_1_70' title="bbox 2216 2520 3849 2589">
     <span class='ocr_line' id='line_1_70' title="bbox 2216 2520 3849 2589; baseline 0.004 -16"><span class='ocrx_word' id='word_1_488' title='bbox 2216 2521 2410 2573; x_wconf 89' lang='lat' dir='ltr'><strong>tiarum</strong></span> <span class='ocrx_word' id='word_1_489' title='bbox 2461 2520 2785 2589; x_wconf 82' lang='lat' dir='ltr'><strong>conjungere</strong></span> <span class='ocrx_word' id='word_1_490' title='bbox 2840 2520 3121 2576; x_wconf 32' lang='lat' dir='ltr'><strong>fesu’nasse</strong></span> <span class='ocrx_word' id='word_1_491' title='bbox 3152 2538 3164 2573; x_wconf 96' lang='lat'><strong>:</strong></span> <span class='ocrx_word' id='word_1_492' title='bbox 3194 2520 3505 2575; x_wconf 89' lang='lat' dir='ltr'><strong>Susannam</strong></span> <span class='ocrx_word' id='word_1_493' title='bbox 3567 2520 3849 2579; x_wconf 76' lang='lat' dir='ltr'><strong>nimirum</strong></span> 
     </span>
    </p>
   </div>
   <div class='ocr_carea' id='block_1_71' title="bbox 2219 2589 3857 2661">
    <p class='ocr_par' dir='ltr' id='par_1_71' title="bbox 2219 2589 3857 2661">
     <span class='ocr_line' id='line_1_71' title="bbox 2219 2589 3857 2661; baseline 0.004 -18"><span class='ocrx_word' id='word_1_494' title='bbox 2219 2590 2379 2661; x_wconf 85' lang='lat' dir='ltr'><strong>filiam</strong></span> <span class='ocrx_word' id='word_1_495' title='bbox 2407 2589 2614 2645; x_wconf 87' lang='lat' dir='ltr'><strong>Gabinii</strong></span> <span class='ocrx_word' id='word_1_496' title='bbox 2646 2592 2884 2660; x_wconf 87' lang='lat' dir='ltr'><strong>germani</strong></span> <span class='ocrx_word' id='word_1_497' title='bbox 2913 2589 3025 2645; x_wconf 84' lang='lat' dir='ltr'><strong>Caii</strong></span> <span class='ocrx_word' id='word_1_498' title='bbox 3057 2606 3207 2660; x_wconf 73' lang='lat' dir='ltr'><strong>papae</strong></span> <span class='ocrx_word' id='word_1_499' title='bbox 3228 2632 3243 2656; x_wconf 92' lang='lat'><strong>,</strong></span> <span class='ocrx_word' id='word_1_500' title='bbox 3273 2591 3367 2661; x_wconf 87' lang='lat' dir='ltr'><strong>qui</strong></span> <span class='ocrx_word' id='word_1_501' title='bbox 3420 2596 3591 2648; x_wconf 89' lang='lat' dir='ltr'><strong>ambo</strong></span> <span class='ocrx_word' id='word_1_502' title='bbox 3623 2595 3857 2649; x_wconf 57' lang='lat' dir='ltr'><strong>Dioclco</strong></span> 
     </span>
    </p>
   </div>
   <div class='ocr_carea' id='block_1_72' title="bbox 2219 2660 3851 2731">
    <p class='ocr_par' dir='ltr' id='par_1_72' title="bbox 2219 2660 3851 2731">
     <span class='ocr_line' id='line_1_72' title="bbox 2219 2660 3851 2731; baseline 0.004 -17"><span class='ocrx_word' id='word_1_503' title='bbox 2219 2660 2366 2731; x_wconf 87' lang='lat' dir='ltr'><strong>liano</strong></span> <span class='ocrx_word' id='word_1_504' title='bbox 2391 2661 2649 2729; x_wconf 80' lang='lat' dir='ltr'><strong>sanguine</strong></span> <span class='ocrx_word' id='word_1_505' title='bbox 2676 2661 2946 2730; x_wconf 85' lang='lat' dir='ltr'><strong>conjuncti</strong></span> <span class='ocrx_word' id='word_1_506' title='bbox 2979 2672 3135 2717; x_wconf 88' lang='lat' dir='ltr'><strong>erant</strong></span> <span class='ocrx_word' id='word_1_507' title='bbox 3154 2702 3169 2728; x_wconf 94' lang='lat'><strong>,</strong></span> <span class='ocrx_word' id='word_1_508' title='bbox 3201 2660 3391 2731; x_wconf 76' lang='lat' dir='ltr'><strong>utpote</strong></span> <span class='ocrx_word' id='word_1_509' title='bbox 3421 2662 3538 2716; x_wconf 87' lang='lat' dir='ltr'><strong>nati</strong></span> <span class='ocrx_word' id='word_1_510' title='bbox 3566 2679 3637 2718; x_wconf 76' lang='lat' dir='ltr'><strong>ex</strong></span> <span class='ocrx_word' id='word_1_511' title='bbox 3671 2664 3851 2721; x_wconf 90' lang='lat' dir='ltr'><strong>fratre</strong></span> 
     </span>
    </p>
   </div>
   <div class='ocr_carea' id='block_1_73' title="bbox 2216 2730 3849 2801">
    <p class='ocr_par' dir='ltr' id='par_1_73' title="bbox 2216 2730 3849 2801">
     <span class='ocr_line' id='line_1_73' title="bbox 2216 2730 3849 2801; baseline 0.004 -18"><span class='ocrx_word' id='word_1_512' title='bbox 2216 2730 2456 2797; x_wconf 87' lang='lat' dir='ltr'><strong>ejusdem</strong></span> <span class='ocrx_word' id='word_1_513' title='bbox 2483 2732 2815 2793; x_wconf 86' lang='lat' dir='ltr'><strong>Diocletiani,</strong></span> <span class='ocrx_word' id='word_1_514' title='bbox 2837 2742 3057 2801; x_wconf 90' lang='lat' dir='ltr'><strong>utpatet</strong></span> <span class='ocrx_word' id='word_1_515' title='bbox 3075 2747 3143 2786; x_wconf 83' lang='lat' dir='ltr'><strong>ex</strong></span> <span class='ocrx_word' id='word_1_516' title='bbox 3170 2731 3321 2785; x_wconf 83' lang='lat' dir='ltr'><strong>Actis</strong></span> <span class='ocrx_word' id='word_1_517' title='bbox 3345 2732 3600 2799; x_wconf 89' lang='lat' dir='ltr'><strong>ejusdem</strong></span> <span class='ocrx_word' id='word_1_518' title='bbox 3626 2745 3849 2791; x_wconf 80' lang='lat' dir='ltr'><strong>saneta:</strong></span> 
     </span>
    </p>
   </div>
   <div class='ocr_carea' id='block_1_74' title="bbox 2220 2801 3851 2868">
    <p class='ocr_par' dir='ltr' id='par_1_74' title="bbox 2220 2801 3851 2868">
     <span class='ocr_line' id='line_1_74' title="bbox 2220 2801 3851 2868; baseline 0.002 -11"><span class='ocrx_word' id='word_1_519' title='bbox 2220 2802 2496 2857; x_wconf 75' lang='lat' dir='ltr'><strong>Susannrc.</strong></span> <span class='ocrx_word' id='word_1_520' title='bbox 2531 2801 2726 2855; x_wconf 88' lang='lat' dir='ltr'><strong>Verum</strong></span> <span class='ocrx_word' id='word_1_521' title='bbox 2760 2812 2867 2856; x_wconf 88' lang='lat' dir='ltr'><strong>tota</strong></span> <span class='ocrx_word' id='word_1_522' title='bbox 2895 2802 3010 2857; x_wconf 76' lang='lat' dir='ltr'><strong>[nec</strong></span> <span class='ocrx_word' id='word_1_523' title='bbox 3032 2802 3269 2856; x_wconf 80' lang='lat' dir='ltr'><strong>Historia</strong></span> <span class='ocrx_word' id='word_1_524' title='bbox 3301 2803 3431 2868; x_wconf 91' lang='lat' dir='ltr'><strong>ruit,</strong></span> <span class='ocrx_word' id='word_1_525' title='bbox 3469 2814 3677 2861; x_wconf 88' lang='lat' dir='ltr'><strong>ruente</strong></span> <span class='ocrx_word' id='word_1_526' title='bbox 3719 2808 3851 2861; x_wconf 85' lang='lat' dir='ltr'><strong>fun-</strong></span> 
     </span>
    </p>
   </div>
   <div class='ocr_carea' id='block_1_75' title="bbox 2217 2872 3851 2942">
    <p class='ocr_par' dir='ltr' id='par_1_75' title="bbox 2217 2872 3851 2942">
     <span class='ocr_line' id='line_1_75' title="bbox 2217 2872 3851 2942; baseline 0.004 -15"><span class='ocrx_word' id='word_1_527' title='bbox 2217 2872 2472 2927; x_wconf 88' lang='lat' dir='ltr'><strong>damento</strong></span> <span class='ocrx_word' id='word_1_528' title='bbox 2497 2886 2657 2941; x_wconf 88' lang='lat' dir='ltr'><strong>super</strong></span> <span class='ocrx_word' id='word_1_529' title='bbox 2687 2888 2792 2942; x_wconf 92' lang='lat' dir='ltr'><strong>quo</strong></span> <span class='ocrx_word' id='word_1_530' title='bbox 2820 2873 2990 2942; x_wconf 89' lang='lat' dir='ltr'><strong>posita</strong></span> <span class='ocrx_word' id='word_1_531' title='bbox 3035 2872 3234 2935; x_wconf 86' lang='lat' dir='ltr'><strong>fuerat,</strong></span> <span class='ocrx_word' id='word_1_532' title='bbox 3269 2872 3324 2925; x_wconf 90' lang='lat' dir='ltr'><strong>id</strong></span> <span class='ocrx_word' id='word_1_533' title='bbox 3373 2881 3481 2937; x_wconf 90' lang='lat' dir='ltr'><strong>est,</strong></span> <span class='ocrx_word' id='word_1_534' title='bbox 3515 2888 3703 2931; x_wconf 89' lang='lat' dir='ltr'><strong>morte</strong></span> <span class='ocrx_word' id='word_1_535' title='bbox 3740 2878 3851 2933; x_wconf 82' lang='lat' dir='ltr'><strong>Va-</strong></span> 
     </span>
    </p>
   </div>
   <div class='ocr_carea' id='block_1_76' title="bbox 2218 2942 3853 3012">
    <p class='ocr_par' dir='ltr' id='par_1_76' title="bbox 2218 2942 3853 3012">
     <span class='ocr_line' id='line_1_76' title="bbox 2218 2942 3853 3012; baseline 0.004 -15"><span class='ocrx_word' id='word_1_536' title='bbox 2218 2943 2365 2997; x_wconf 76' lang='lat' dir='ltr'><strong>leria:</strong></span> <span class='ocrx_word' id='word_1_537' title='bbox 2387 2984 2403 3008; x_wconf 89' lang='lat'><strong>,</strong></span> <span class='ocrx_word' id='word_1_538' title='bbox 2432 2958 2590 3012; x_wconf 90' lang='lat' dir='ltr'><strong>quam</strong></span> <span class='ocrx_word' id='word_1_539' title='bbox 2630 2942 2719 2997; x_wconf 92' lang='lat' dir='ltr'><strong>diu</strong></span> <span class='ocrx_word' id='word_1_540' title='bbox 2750 2944 3114 3012; x_wconf 85' lang='lat' dir='ltr'><strong>supervixisse</strong></span> <span class='ocrx_word' id='word_1_541' title='bbox 3141 2942 3361 2997; x_wconf 89' lang='lat' dir='ltr'><strong>Galerio</strong></span> <span class='ocrx_word' id='word_1_542' title='bbox 3389 2953 3635 3000; x_wconf 89' lang='lat' dir='ltr'><strong>constat.</strong></span> <span class='ocrx_word' id='word_1_543' title='bbox 3686 2947 3853 3003; x_wconf 82' lang='lat' dir='ltr'><strong>Adeo</strong></span> 
     </span>
    </p>
   </div>
   <div class='ocr_carea' id='block_1_77' title="bbox 2218 3013 3852 3084">
    <p class='ocr_par' dir='ltr' id='par_1_77' title="bbox 2218 3013 3852 3084">
     <span class='ocr_line' id='line_1_77' title="bbox 2218 3013 3852 3084; baseline 0.005 -18"><span class='ocrx_word' id='word_1_544' title='bbox 2218 3023 2395 3067; x_wconf 90' lang='lat' dir='ltr'><strong>autem</strong></span> <span class='ocrx_word' id='word_1_545' title='bbox 2423 3013 2705 3084; x_wconf 83' lang='lat' dir='ltr'><strong>periculosi</strong></span> <span class='ocrx_word' id='word_1_546' title='bbox 2754 3024 2880 3067; x_wconf 90' lang='lat' dir='ltr'><strong>sunt</strong></span> <span class='ocrx_word' id='word_1_547' title='bbox 2924 3029 3241 3084; x_wconf 87' lang='lat' dir='ltr'><strong>magnorum</strong></span> <span class='ocrx_word' id='word_1_548' title='bbox 3286 3013 3533 3069; x_wconf 88' lang='lat' dir='ltr'><strong>virorum</strong></span> <span class='ocrx_word' id='word_1_549' title='bbox 3582 3031 3852 3084; x_wconf 84' lang='lat' dir='ltr'><strong>errores,</strong></span> 
     </span>
    </p>
   </div>
   <div class='ocr_carea' id='block_1_78' title="bbox 2221 3083 3852 3154">
    <p class='ocr_par' dir='ltr' id='par_1_78' title="bbox 2221 3083 3852 3154">
     <span class='ocr_line' id='line_1_78' title="bbox 2221 3083 3852 3154; baseline 0.004 -17"><span class='ocrx_word' id='word_1_550' title='bbox 2221 3092 2280 3137; x_wconf 92' lang='lat' dir='ltr'><strong>ut</strong></span> <span class='ocrx_word' id='word_1_551' title='bbox 2305 3084 2391 3137; x_wconf 87' lang='lat' dir='ltr'><strong>hic</strong></span> <span class='ocrx_word' id='word_1_552' title='bbox 2440 3083 2652 3154; x_wconf 87' lang='lat' dir='ltr'><strong>Baronii</strong></span> <span class='ocrx_word' id='word_1_553' title='bbox 2694 3084 2873 3153; x_wconf 89' lang='lat' dir='ltr'><strong>lapsus</strong></span> <span class='ocrx_word' id='word_1_554' title='bbox 2903 3083 3194 3154; x_wconf 90' lang='lat' dir='ltr'><strong>plerosque</strong></span> <span class='ocrx_word' id='word_1_555' title='bbox 3222 3084 3371 3137; x_wconf 89' lang='lat' dir='ltr'><strong>viros</strong></span> <span class='ocrx_word' id='word_1_556' title='bbox 3418 3084 3621 3141; x_wconf 89' lang='lat' dir='ltr'><strong>doctos</strong></span> <span class='ocrx_word' id='word_1_557' title='bbox 3653 3083 3852 3144; x_wconf 86' lang='lat' dir='ltr'><strong>secum</strong></span> 
     </span>
    </p>
   </div>
   <div class='ocr_carea' id='block_1_79' title="bbox 529 3149 3850 3225">
    <p class='ocr_par' dir='ltr' id='par_1_79' title="bbox 529 3149 3850 3225">
     <span class='ocr_line' id='line_1_79' title="bbox 529 3149 3850 3225; baseline 0.003 -22"><span class='ocrx_word' id='word_1_558' title='bbox 529 3149 789 3215; x_wconf 89' lang='lat' dir='ltr'><strong>scribunt,</strong></span> <span class='ocrx_word' id='word_1_559' title='bbox 817 3158 877 3204; x_wconf 92' lang='lat' dir='ltr'><strong>ut</strong></span> <span class='ocrx_word' id='word_1_560' title='bbox 914 3150 1300 3225; x_wconf 71' lang='lat' dir='ltr'><strong>(_Ionstantinus</strong></span> <span class='ocrx_word' id='word_1_561' title='bbox 1345 3153 1397 3207; x_wconf 91' lang='lat' dir='ltr'><strong>in</strong></span> <span class='ocrx_word' id='word_1_562' title='bbox 1443 3154 1686 3209; x_wconf 89' lang='lat' dir='ltr'><strong>oratione</strong></span> <span class='ocrx_word' id='word_1_563' title='bbox 1710 3152 1777 3207; x_wconf 89' lang='lat' dir='ltr'><strong>ad</strong></span> <span class='ocrx_word' id='word_1_564' title='bbox 1807 3149 2117 3207; x_wconf 78' lang='lat' dir='ltr'><strong>sanctorum</strong></span> <span class='ocrx_word' id='word_1_565' title='bbox 2142 3155 2188 3219; x_wconf 89' lang='lat' dir='ltr'>C</span> <span class='ocrx_word' id='word_1_566' title='bbox 2223 3154 2463 3220; x_wconf 76' lang='lat' dir='ltr'><strong>traxerit,</strong></span> <span class='ocrx_word' id='word_1_567' title='bbox 2496 3149 2782 3211; x_wconf 82' lang='lat' dir='ltr'><strong>Odoricum</strong></span> <span class='ocrx_word' id='word_1_568' title='bbox 2803 3149 3175 3225; x_wconf 61' lang='lat' dir='ltr'><strong>Ray&#39;naldum,</strong></span> <span class='ocrx_word' id='word_1_569' title='bbox 3198 3154 3469 3210; x_wconf 84' lang='lat' dir='ltr'><strong>Joannem</strong></span> <span class='ocrx_word' id='word_1_570' title='bbox 3503 3156 3850 3214; x_wconf 86' lang='lat' dir='ltr'><strong>Bollaudum</strong></span> 
     </span>
    </p>
   </div>
   <div class='ocr_carea' id='block_1_80' title="bbox 529 3220 1011 3289">
    <p class='ocr_par' dir='ltr' id='par_1_80' title="bbox 529 3220 1011 3289">
     <span class='ocr_line' id='line_1_80' title="bbox 529 3220 1011 3289; baseline 0 -14"><span class='ocrx_word' id='word_1_571' title='bbox 529 3227 750 3285; x_wconf 70' lang='lat' dir='ltr'><strong>cretum,</strong></span> <span class='ocrx_word' id='word_1_572' title='bbox 780 3235 896 3289; x_wconf 88' lang='lat' dir='ltr'><strong>cap.</strong></span> <span class='ocrx_word' id='word_1_573' title='bbox 922 3220 1011 3275; x_wconf 74' lang='lat'><strong>25.</strong></span> 
     </span>
    </p>
   </div>
   <div class='ocr_carea' id='block_1_81' title="bbox 605 3289 2115 3363">
    <p class='ocr_par' dir='ltr' id='par_1_81' title="bbox 605 3289 2115 3363">
     <span class='ocr_line' id='line_1_81' title="bbox 605 3289 2115 3363; baseline 0.003 -20"><span class='ocrx_word' id='word_1_574' title='bbox 605 3289 793 3345; x_wconf 87' lang='lat' dir='ltr'><strong>Omnes</strong></span> <span class='ocrx_word' id='word_1_575' title='bbox 818 3307 938 3346; x_wconf 88' lang='lat' dir='ltr'><strong>suos</strong></span> <span class='ocrx_word' id='word_1_576' title='bbox 981 3300 1109 3363; x_wconf 84' lang='lat' dir='ltr'><strong>pret.</strong></span> <span class='ocrx_word' id='word_1_577' title='bbox 1144 3309 1298 3358; x_wconf 79' lang='lat' dir='ltr'><strong>prwc.</strong></span> <span class='ocrx_word' id='word_1_578' title='bbox 1345 3292 1402 3347; x_wconf 92' lang='lat' dir='ltr'><strong>In</strong></span> <span class='ocrx_word' id='word_1_579' title='bbox 1453 3293 1623 3349; x_wconf 89' lang='lat' dir='ltr'><strong>veteri</strong></span> <span class='ocrx_word' id='word_1_580' title='bbox 1659 3294 1845 3349; x_wconf 89' lang='lat' dir='ltr'><strong>codice</strong></span> <span class='ocrx_word' id='word_1_581' title='bbox 1875 3293 2071 3363; x_wconf 86' lang='lat' dir='ltr'><strong>legitur</strong></span> <span class='ocrx_word' id='word_1_582' title='bbox 2100 3312 2115 3348; x_wconf 90' lang='lat'><strong>:</strong></span> 
     </span>
    </p>
   </div>
   <div class='ocr_carea' id='block_1_82' title="bbox 528 3362 1879 3433">
    <p class='ocr_par' dir='ltr' id='par_1_82' title="bbox 528 3362 1879 3433">
     <span class='ocr_line' id='line_1_82' title="bbox 528 3362 1879 3433; baseline 0 -17"><span class='ocrx_word' id='word_1_583' title='bbox 528 3377 706 3433; x_wconf 74' lang='lat' dir='ltr'><strong>onmes</strong></span> <span class='ocrx_word' id='word_1_584' title='bbox 735 3377 853 3416; x_wconf 86' lang='lat' dir='ltr'><strong>suos</strong></span> <span class='ocrx_word' id='word_1_585' title='bbox 881 3362 1112 3430; x_wconf 85' lang='lat' dir='ltr'><strong>protinus</strong></span> <span class='ocrx_word' id='word_1_586' title='bbox 1140 3366 1293 3433; x_wconf 81' lang='lat' dir='ltr'><strong>repit.</strong></span> <span class='ocrx_word' id='word_1_587' title='bbox 1323 3364 1432 3419; x_wconf 85' lang='lat' dir='ltr'><strong>Nos</strong></span> <span class='ocrx_word' id='word_1_588' title='bbox 1457 3364 1879 3419; x_wconf 87' lang='lat' dir='ltr'><strong>emendavimus.</strong></span> 
     </span>
    </p>
   </div>
   <div class='ocr_carea' id='block_1_83' title="bbox 601 3429 2116 3503">
    <p class='ocr_par' dir='ltr' id='par_1_83' title="bbox 601 3429 2116 3503">
     <span class='ocr_line' id='line_1_83' title="bbox 601 3429 2116 3503; baseline 0.003 -19"><span class='ocrx_word' id='word_1_589' title='bbox 601 3429 1027 3503; x_wconf 76' lang='lat' dir='ltr'><strong>Datapotestate.</strong></span> <span class='ocrx_word' id='word_1_590' title='bbox 1052 3429 1381 3501; x_wconf 85' lang='lat' dir='ltr'><strong>Lactantius,</strong></span> <span class='ocrx_word' id='word_1_591' title='bbox 1407 3435 1501 3490; x_wconf 91' lang='lat' dir='ltr'><strong>lib.</strong></span> <span class='ocrx_word' id='word_1_592' title='bbox 1526 3451 1559 3487; x_wconf 90' lang='lat' dir='ltr'><strong>v</strong></span> <span class='ocrx_word' id='word_1_593' title='bbox 1587 3434 1846 3497; x_wconf 87' lang='lat' dir='ltr'><strong>lnstitut.,</strong></span> <span class='ocrx_word' id='word_1_594' title='bbox 1877 3449 1996 3503; x_wconf 91' lang='lat' dir='ltr'><strong>cap.</strong></span> <span class='ocrx_word' id='word_1_595' title='bbox 2028 3436 2116 3500; x_wconf 79' lang='lat' dir='ltr'><strong>ll,</strong></span> 
     </span>
    </p>
   </div>
   <div class='ocr_carea' id='block_1_84' title="bbox 528 3501 2118 3573">
    <p class='ocr_par' dir='ltr' id='par_1_84' title="bbox 528 3501 2118 3573">
     <span class='ocr_line' id='line_1_84' title="bbox 528 3501 2118 3573; baseline 0.001 -16"><span class='ocrx_word' id='word_1_596' title='bbox 528 3501 595 3557; x_wconf 91' lang='lat' dir='ltr'><strong>de</strong></span> <span class='ocrx_word' id='word_1_597' title='bbox 617 3502 717 3556; x_wconf 88' lang='lat' dir='ltr'><strong>hac</strong></span> <span class='ocrx_word' id='word_1_598' title='bbox 745 3501 858 3571; x_wconf 88' lang='lat' dir='ltr'><strong>ipsa</strong></span> <span class='ocrx_word' id='word_1_599' title='bbox 888 3505 1262 3573; x_wconf 89' lang='lat' dir='ltr'><strong>persecutione</strong></span> <span class='ocrx_word' id='word_1_600' title='bbox 1297 3520 1462 3573; x_wconf 88' lang='lat' dir='ltr'><strong>agens</strong></span> <span class='ocrx_word' id='word_1_601' title='bbox 1488 3524 1501 3558; x_wconf 86' lang='lat'><strong>:</strong></span> <span class='ocrx_word' id='word_1_602' title='bbox 1536 3506 1756 3570; x_wconf 82' lang='lat' dir='ltr'><strong>Accepta</strong></span> <span class='ocrx_word' id='word_1_603' title='bbox 1784 3506 1918 3559; x_wconf 80' lang='lat' dir='ltr'><strong>enim</strong></span> <span class='ocrx_word' id='word_1_604' title='bbox 1948 3501 2118 3572; x_wconf 85' lang='lat' dir='ltr'><strong>potes-</strong></span> 
     </span>
    </p>
   </div>
   <div class='ocr_carea' id='block_1_85' title="bbox 528 3575 2118 3646">
    <p class='ocr_par' dir='ltr' id='par_1_85' title="bbox 528 3575 2118 3646">
     <span class='ocr_line' id='line_1_85' title="bbox 528 3575 2118 3646; baseline 0.001 -20"><span class='ocrx_word' id='word_1_605' title='bbox 528 3582 648 3646; x_wconf 84' lang='lat' dir='ltr'><strong>tate,</strong></span> <span class='ocrx_word' id='word_1_606' title='bbox 679 3589 771 3642; x_wconf 90' lang='lat' dir='ltr'><strong>pro</strong></span> <span class='ocrx_word' id='word_1_607' title='bbox 786 3575 891 3628; x_wconf 87' lang='lat' dir='ltr'><strong>suis</strong></span> <span class='ocrx_word' id='word_1_608' title='bbox 916 3575 1141 3629; x_wconf 88' lang='lat' dir='ltr'><strong>moribus</strong></span> <span class='ocrx_word' id='word_1_609' title='bbox 1166 3576 1378 3646; x_wconf 89' lang='lat' dir='ltr'><strong>quisque</strong></span> <span class='ocrx_word' id='word_1_610' title='bbox 1402 3576 1584 3630; x_wconf 76' lang='lat' dir='ltr'><strong>stcoiit.</strong></span> <span class='ocrx_word' id='word_1_611' title='bbox 1608 3575 1709 3629; x_wconf 80' lang='lat' dir='ltr'><strong>Alii</strong></span> <span class='ocrx_word' id='word_1_612' title='bbox 1734 3591 1841 3645; x_wconf 80' lang='lat' dir='ltr'><strong>pra:</strong></span> <span class='ocrx_word' id='word_1_613' title='bbox 1869 3576 2027 3628; x_wconf 87' lang='lat' dir='ltr'><strong>nimia</strong></span> <span class='ocrx_word' id='word_1_614' title='bbox 2050 3576 2089 3627; x_wconf 91' lang='lat' dir='ltr'><strong>ti</strong></span> <span class='ocrx_word' id='word_1_615' title='bbox 2099 3604 2118 3616; x_wconf 79' lang='grc' dir='ltr'><strong><em>ο</em></strong></span> 
     </span>
    </p>
   </div>
   <div class='ocr_carea' id='block_1_86' title="bbox 529 3644 2120 3718">
    <p class='ocr_par' dir='ltr' id='par_1_86' title="bbox 529 3644 2120 3718">
     <span class='ocr_line' id='line_1_86' title="bbox 529 3644 2120 3718; baseline 0.001 -22"><span class='ocrx_word' id='word_1_616' title='bbox 529 3644 757 3718; x_wconf 83' lang='lat' dir='ltr'><strong>miditate</strong></span> <span class='ocrx_word' id='word_1_617' title='bbox 797 3646 914 3718; x_wconf 88' lang='lat' dir='ltr'><strong>plus</strong></span> <span class='ocrx_word' id='word_1_618' title='bbox 950 3646 1061 3699; x_wconf 85' lang='lat' dir='ltr'><strong>ausi</strong></span> <span class='ocrx_word' id='word_1_619' title='bbox 1074 3644 1214 3718; x_wconf 83' lang='lat' dir='ltr'><strong>sunt</strong></span> <span class='ocrx_word' id='word_1_620' title='bbox 1240 3644 1402 3718; x_wconf 78' lang='lat' dir='ltr'><strong>quam</strong></span> <span class='ocrx_word' id='word_1_621' title='bbox 1418 3644 1869 3718; x_wconf 25' lang='lat' dir='ltr'><strong>jubebatur.’Alii</strong></span> <span class='ocrx_word' id='word_1_622' title='bbox 1908 3646 2120 3718; x_wconf 85' lang='lat' dir='ltr'><strong>proprio</strong></span> 
     </span>
    </p>
   </div>
   <div class='ocr_carea' id='block_1_87' title="bbox 527 3714 2117 3786">
    <p class='ocr_par' dir='ltr' id='par_1_87' title="bbox 527 3714 2117 3786">
     <span class='ocr_line' id='line_1_87' title="bbox 527 3714 2117 3786; baseline 0.001 -19"><span class='ocrx_word' id='word_1_623' title='bbox 527 3714 955 3786; x_wconf 81' lang='lat' dir='ltr'><strong>adversusjustos</strong></span> <span class='ocrx_word' id='word_1_624' title='bbox 996 3717 1135 3777; x_wconf 84' lang='lat' dir='ltr'><strong>odio,</strong></span> <span class='ocrx_word' id='word_1_625' title='bbox 1162 3716 1373 3785; x_wconf 85' lang='lat' dir='ltr'><strong>quidam</strong></span> <span class='ocrx_word' id='word_1_626' title='bbox 1404 3714 1627 3771; x_wconf 82' lang='lat' dir='ltr'><strong>naturali</strong></span> <span class='ocrx_word' id='word_1_627' title='bbox 1668 3717 1847 3770; x_wconf 82' lang='lat' dir='ltr'><strong>utentis</strong></span> <span class='ocrx_word' id='word_1_628' title='bbox 1891 3716 2117 3786; x_wconf 70' lang='lat' dir='ltr'><strong>feritate.</strong></span> 
     </span>
    </p>
   </div>
   <div class='ocr_carea' id='block_1_88' title="bbox 528 3785 2121 3858">
    <p class='ocr_par' dir='ltr' id='par_1_88' title="bbox 528 3785 2121 3858">
     <span class='ocr_line' id='line_1_88' title="bbox 528 3785 2121 3858; baseline 0 -19"><span class='ocrx_word' id='word_1_629' title='bbox 528 3785 763 3858; x_wconf 79' lang='lat' dir='ltr'><strong>nonnulli</strong></span> <span class='ocrx_word' id='word_1_630' title='bbox 786 3785 841 3839; x_wconf 85' lang='lat' dir='ltr'><strong>ut</strong></span> <span class='ocrx_word' id='word_1_631' title='bbox 869 3787 1157 3858; x_wconf 81' lang='lat' dir='ltr'><strong>placerent,</strong></span> <span class='ocrx_word' id='word_1_632' title='bbox 1189 3798 1235 3840; x_wconf 91' lang='lat' dir='ltr'><strong>et</strong></span> <span class='ocrx_word' id='word_1_633' title='bbox 1265 3787 1546 3858; x_wconf 5' lang='lat' dir='ltr'><strong>hocse/licio</strong></span> <span class='ocrx_word' id='word_1_634' title='bbox 1570 3788 1702 3841; x_wconf 86' lang='lat' dir='ltr'><strong>viam</strong></span> <span class='ocrx_word' id='word_1_635' title='bbox 1724 3787 1818 3840; x_wconf 87' lang='lat' dir='ltr'><strong>sibi</strong></span> <span class='ocrx_word' id='word_1_636' title='bbox 1837 3785 1906 3839; x_wconf 85' lang='lat' dir='ltr'><strong>ad</strong></span> <span class='ocrx_word' id='word_1_637' title='bbox 1932 3786 2121 3839; x_wconf 87' lang='lat' dir='ltr'><strong>altiora</strong></span> 
     </span>
    </p>
   </div>
   <div class='ocr_carea' id='block_1_89' title="bbox 528 3856 2117 3927">
    <p class='ocr_par' dir='ltr' id='par_1_89' title="bbox 528 3856 2117 3927">
     <span class='ocr_line' id='line_1_89' title="bbox 528 3856 2117 3927; baseline 0.001 -20"><span class='ocrx_word' id='word_1_638' title='bbox 528 3856 804 3927; x_wconf 83' lang='lat' dir='ltr'><strong>munirent.</strong></span> <span class='ocrx_word' id='word_1_639' title='bbox 843 3856 1015 3927; x_wconf 61' lang='lat' dir='ltr'><strong>Aliqui</strong></span> <span class='ocrx_word' id='word_1_640' title='bbox 1042 3857 1110 3910; x_wconf 83' lang='lat' dir='ltr'><strong>ad</strong></span> <span class='ocrx_word' id='word_1_641' title='bbox 1130 3856 1462 3911; x_wconf 88' lang='lat' dir='ltr'><strong>occidendum</strong></span> <span class='ocrx_word' id='word_1_642' title='bbox 1491 3858 1775 3927; x_wconf 79' lang='lat' dir='ltr'><strong>prwcipttes</strong></span> <span class='ocrx_word' id='word_1_643' title='bbox 1812 3858 2117 3920; x_wconf 75' lang='lat' dir='ltr'><strong>extiterunt,</strong></span> 
     </span>
    </p>
   </div>
   <div class='ocr_carea' id='block_1_90' title="bbox 528 3924 2122 3998">
    <p class='ocr_par' dir='ltr' id='par_1_90' title="bbox 528 3924 2122 3998">
     <span class='ocr_line' id='line_1_90' title="bbox 528 3924 2122 3998; baseline 0 -19"><span class='ocrx_word' id='word_1_644' title='bbox 528 3925 657 3998; x_wconf 84' lang='lat' dir='ltr'><strong>sicut</strong></span> <span class='ocrx_word' id='word_1_645' title='bbox 678 3942 807 3979; x_wconf 87' lang='lat' dir='ltr'><strong>unus</strong></span> <span class='ocrx_word' id='word_1_646' title='bbox 830 3927 882 3979; x_wconf 90' lang='lat' dir='ltr'><strong>in</strong></span> <span class='ocrx_word' id='word_1_647' title='bbox 906 3924 1156 3998; x_wconf 82' lang='lat' dir='ltr'><strong>Phrygia,</strong></span> <span class='ocrx_word' id='word_1_648' title='bbox 1178 3930 1264 3997; x_wconf 87' lang='lat' dir='ltr'><strong>qui</strong></span> <span class='ocrx_word' id='word_1_649' title='bbox 1286 3924 1573 3983; x_wconf 81' lang='lat' dir='ltr'><strong>universum</strong></span> <span class='ocrx_word' id='word_1_650' title='bbox 1594 3924 1844 3998; x_wconf 85' lang='lat' dir='ltr'><strong>populum</strong></span> <span class='ocrx_word' id='word_1_651' title='bbox 1863 3943 1978 3981; x_wconf 88' lang='lat' dir='ltr'><strong>cum</strong></span> <span class='ocrx_word' id='word_1_652' title='bbox 2008 3928 2122 3996; x_wconf 85' lang='lat' dir='ltr'><strong>ipso</strong></span> 
     </span>
    </p>
   </div>
   <div class='ocr_carea' id='block_1_91' title="bbox 532 3995 1485 4064">
    <p class='ocr_par' dir='ltr' id='par_1_91' title="bbox 532 3995 1485 4064">
     <span class='ocr_line' id='line_1_91' title="bbox 532 3995 1485 4064; baseline 0.005 -17"><span class='ocrx_word' id='word_1_653' title='bbox 532 3995 727 4064; x_wconf 87' lang='lat' dir='ltr'><strong>pariter</strong></span> <span class='ocrx_word' id='word_1_654' title='bbox 751 3995 1101 4050; x_wconf 75' lang='lat' dir='ltr'><strong>sarmenticqu</strong></span> <span class='ocrx_word' id='word_1_655' title='bbox 1128 3995 1485 4053; x_wconf 79' lang='lat' dir='ltr'><strong>concremavit.</strong></span> 
     </span>
    </p>
   </div>
   <div class='ocr_carea' id='block_1_92' title="bbox 534 4085 2122 4159">
    <p class='ocr_par' dir='ltr' id='par_1_92' title="bbox 534 4085 2122 4159">
     <span class='ocr_line' id='line_1_92' title="bbox 534 4085 2122 4159; baseline 0.002 -18"><span class='ocrx_word' id='word_1_656' title='bbox 534 4088 545 4097; x_wconf 82' lang='lat'>&#39;</span> <span class='ocrx_word' id='word_1_657' title='bbox 606 4085 944 4159; x_wconf 80' lang='lat' dir='ltr'><strong>Torquebant.</strong></span> <span class='ocrx_word' id='word_1_658' title='bbox 999 4089 1088 4144; x_wconf 87' lang='lat' dir='ltr'><strong>Sic</strong></span> <span class='ocrx_word' id='word_1_659' title='bbox 1126 4089 1384 4159; x_wconf 91' lang='lat' dir='ltr'><strong>scriptum</strong></span> <span class='ocrx_word' id='word_1_660' title='bbox 1413 4098 1500 4146; x_wconf 89' lang='lat' dir='ltr'><strong>est</strong></span> <span class='ocrx_word' id='word_1_661' title='bbox 1525 4091 1578 4144; x_wconf 90' lang='lat' dir='ltr'><strong>in</strong></span> <span class='ocrx_word' id='word_1_662' title='bbox 1606 4090 1773 4145; x_wconf 88' lang='lat' dir='ltr'><strong>veteri</strong></span> <span class='ocrx_word' id='word_1_663' title='bbox 1823 4089 2122 4143; x_wconf 86' lang='lat' dir='ltr'><strong>libro:sed</strong></span> 
     </span>
    </p>
   </div>
   <div class='ocr_carea' id='block_1_93' title="bbox 536 4158 2122 4229">
    <p class='ocr_par' dir='ltr' id='par_1_93' title="bbox 536 4158 2122 4229">
     <span class='ocr_line' id='line_1_93' title="bbox 536 4158 2122 4229; baseline -0.001 -15"><span class='ocrx_word' id='word_1_664' title='bbox 536 4174 697 4226; x_wconf 85' lang='lat' dir='ltr'><strong>supra</strong></span> <span class='ocrx_word' id='word_1_665' title='bbox 723 4158 963 4229; x_wconf 84' lang='lat' dir='ltr'><strong>ultimam</strong></span> <span class='ocrx_word' id='word_1_666' title='bbox 990 4159 1208 4219; x_wconf 88' lang='lat' dir='ltr'><strong>lineam.</strong></span> <span class='ocrx_word' id='word_1_667' title='bbox 1240 4158 1298 4213; x_wconf 86' lang='lat' dir='ltr'><strong>ut</strong></span> <span class='ocrx_word' id='word_1_668' title='bbox 1328 4162 1436 4216; x_wconf 88' lang='lat' dir='ltr'><strong>fere</strong></span> <span class='ocrx_word' id='word_1_669' title='bbox 1464 4161 1544 4226; x_wconf 84' lang='lat' dir='ltr'><strong>fit,</strong></span> <span class='ocrx_word' id='word_1_670' title='bbox 1568 4161 1867 4229; x_wconf 88' lang='lat' dir='ltr'><strong>appositum</strong></span> <span class='ocrx_word' id='word_1_671' title='bbox 1895 4168 1979 4214; x_wconf 90' lang='lat' dir='ltr'><strong>est</strong></span> <span class='ocrx_word' id='word_1_672' title='bbox 2017 4159 2122 4229; x_wconf 87' lang='lat' dir='ltr'><strong>sig-</strong></span> 
     </span>
    </p>
   </div>
   <div class='ocr_carea' id='block_1_94' title="bbox 534 4227 2115 4300">
    <p class='ocr_par' dir='ltr' id='par_1_94' title="bbox 534 4227 2115 4300">
     <span class='ocr_line' id='line_1_94' title="bbox 534 4227 2115 4300; baseline -0.002 -16"><span class='ocrx_word' id='word_1_673' title='bbox 534 4243 671 4300; x_wconf 91' lang='lat' dir='ltr'><strong>num</strong></span> <span class='ocrx_word' id='word_1_674' title='bbox 693 4227 842 4300; x_wconf 82' lang='lat' dir='ltr'><strong>quod</strong></span> <span class='ocrx_word' id='word_1_675' title='bbox 878 4229 1191 4285; x_wconf 88' lang='lat' dir='ltr'><strong>ostenderet</strong></span> <span class='ocrx_word' id='word_1_676' title='bbox 1227 4230 1507 4300; x_wconf 86' lang='lat' dir='ltr'><strong>legendum</strong></span> <span class='ocrx_word' id='word_1_677' title='bbox 1557 4227 1678 4284; x_wconf 85' lang='lat' dir='ltr'><strong>esse</strong></span> <span class='ocrx_word' id='word_1_678' title='bbox 1721 4227 2115 4300; x_wconf 73' lang='lat' dir='ltr'><strong>torquebantur,</strong></span> 
     </span>
    </p>
   </div>
   <div class='ocr_carea' id='block_1_95' title="bbox 533 4297 2121 4370">
    <p class='ocr_par' dir='ltr' id='par_1_95' title="bbox 533 4297 2121 4370">
     <span class='ocr_line' id='line_1_95' title="bbox 533 4297 2121 4370; baseline 0.002 -21"><span class='ocrx_word' id='word_1_679' title='bbox 533 4297 822 4370; x_wconf 82' lang='lat' dir='ltr'><strong>manifesto</strong></span> <span class='ocrx_word' id='word_1_680' title='bbox 851 4313 981 4354; x_wconf 85' lang='lat' dir='ltr'><strong>sane</strong></span> <span class='ocrx_word' id='word_1_681' title='bbox 996 4316 1200 4355; x_wconf 89' lang='lat' dir='ltr'><strong>errore.</strong></span> <span class='ocrx_word' id='word_1_682' title='bbox 1238 4297 1411 4370; x_wconf 81' lang='lat' dir='ltr'><strong>Atque</strong></span> <span class='ocrx_word' id='word_1_683' title='bbox 1442 4300 1583 4354; x_wconf 82' lang='lat' dir='ltr'><strong>hunc</strong></span> <span class='ocrx_word' id='word_1_684' title='bbox 1608 4314 1731 4355; x_wconf 90' lang='lat' dir='ltr'><strong>esse</strong></span> <span class='ocrx_word' id='word_1_685' title='bbox 1760 4297 1966 4353; x_wconf 82' lang='lat' dir='ltr'><strong>fontem</strong></span> <span class='ocrx_word' id='word_1_686' title='bbox 2001 4300 2121 4368; x_wconf 88' lang='lat' dir='ltr'><strong>plu-</strong></span> 
     </span>
    </p>
   </div>
   <div class='ocr_carea' id='block_1_96' title="bbox 534 4369 2125 4439">
    <p class='ocr_par' dir='ltr' id='par_1_96' title="bbox 534 4369 2125 4439">
     <span class='ocr_line' id='line_1_96' title="bbox 534 4369 2125 4439; baseline -0.001 -15"><span class='ocrx_word' id='word_1_687' title='bbox 534 4369 797 4424; x_wconf 86' lang='lat' dir='ltr'><strong>rimorum</strong></span> <span class='ocrx_word' id='word_1_688' title='bbox 833 4378 1133 4424; x_wconf 90' lang='lat' dir='ltr'><strong>erratorum</strong></span> <span class='ocrx_word' id='word_1_689' title='bbox 1172 4387 1291 4439; x_wconf 64' lang='lat' dir='ltr'><strong>quae</strong></span> <span class='ocrx_word' id='word_1_690' title='bbox 1328 4369 1381 4424; x_wconf 87' lang='lat' dir='ltr'><strong>in</strong></span> <span class='ocrx_word' id='word_1_691' title='bbox 1418 4370 1643 4426; x_wconf 91' lang='lat' dir='ltr'><strong>vetustis</strong></span> <span class='ocrx_word' id='word_1_692' title='bbox 1688 4370 1997 4424; x_wconf 84' lang='lat' dir='ltr'><strong>auctoribus</strong></span> <span class='ocrx_word' id='word_1_693' title='bbox 2033 4384 2125 4424; x_wconf 83' lang='lat' dir='ltr'><strong>oc-</strong></span> 
     </span>
    </p>
   </div>
   <div class='ocr_carea' id='block_1_97' title="bbox 534 4440 2122 4509">
    <p class='ocr_par' dir='ltr' id='par_1_97' title="bbox 534 4440 2122 4509">
     <span class='ocr_line' id='line_1_97' title="bbox 534 4440 2122 4509; baseline -0.001 -14"><span class='ocrx_word' id='word_1_694' title='bbox 534 4449 778 4507; x_wconf 89' lang='lat' dir='ltr'><strong>currunt,</strong></span> <span class='ocrx_word' id='word_1_695' title='bbox 811 4454 910 4495; x_wconf 91' lang='lat' dir='ltr'><strong>nos</strong></span> <span class='ocrx_word' id='word_1_696' title='bbox 936 4456 1078 4509; x_wconf 65' lang='lat' dir='ltr'><strong>saepe</strong></span> <span class='ocrx_word' id='word_1_697' title='bbox 1117 4441 1572 4509; x_wconf 81' lang='lat' dir='ltr'><strong>deprehendimus</strong></span> <span class='ocrx_word' id='word_1_698' title='bbox 1599 4442 1650 4495; x_wconf 92' lang='lat' dir='ltr'><strong>in</strong></span> <span class='ocrx_word' id='word_1_699' title='bbox 1682 4440 1964 4497; x_wconf 87' lang='lat' dir='ltr'><strong>codicibus</strong></span> <span class='ocrx_word' id='word_1_700' title='bbox 2004 4454 2122 4494; x_wconf 83' lang='lat' dir='ltr'><strong>ma-</strong></span> 
     </span>
    </p>
   </div>
   <div class='ocr_carea' id='block_1_98' title="bbox 537 4510 2204 4593">
    <p class='ocr_par' dir='ltr' id='par_1_98' title="bbox 537 4510 2204 4593">
     <span class='ocr_line' id='line_1_98' title="bbox 537 4510 2204 4593; baseline 0 -30"><span class='ocrx_word' id='word_1_701' title='bbox 537 4510 846 4593; x_wconf 55' lang='lat' dir='ltr'><strong>nuscriptis.</strong></span> <span class='ocrx_word' id='word_1_702' title='bbox 877 4510 1103 4593; x_wconf 77' lang='lat' dir='ltr'><strong>Lib_ra_rii</strong></span> <span class='ocrx_word' id='word_1_703' title='bbox 1133 4511 1276 4593; x_wconf 89' lang='lat' dir='ltr'><strong>enim</strong></span> <span class='ocrx_word' id='word_1_704' title='bbox 1310 4515 1482 4593; x_wconf 81' lang='lat' dir='ltr'><strong>primo</strong></span> <span class='ocrx_word' id='word_1_705' title='bbox 1511 4512 1889 4593; x_wconf 76' lang='lat' dir='ltr'><strong>describebant</strong></span> <span class='ocrx_word' id='word_1_706' title='bbox 1916 4511 2083 4593; x_wconf 85' lang='lat' dir='ltr'><strong>libr_os</strong></span> <span class='ocrx_word' id='word_1_707' title='bbox 2106 4551 2122 4577; x_wconf 90' lang='lat'><strong>,</strong></span> <span class='ocrx_word' id='word_1_708' title='bbox 2149 4533 2204 4593; x_wconf 76' lang='grc' dir='ltr'><strong>Ι)</strong></span> 
     </span>
    </p>
   </div>
   <div class='ocr_carea' id='block_1_99' title="bbox 537 4580 2124 4652">
    <p class='ocr_par' dir='ltr' id='par_1_99' title="bbox 537 4580 2124 4652">
     <span class='ocr_line' id='line_1_99' title="bbox 537 4580 2124 4652; baseline 0.001 -21"><span class='ocrx_word' id='word_1_709' title='bbox 537 4580 626 4652; x_wconf 84' lang='lat' dir='ltr'><strong>qui</strong></span> <span class='ocrx_word' id='word_1_710' title='bbox 657 4580 851 4635; x_wconf 90' lang='lat' dir='ltr'><strong>deinde</strong></span> <span class='ocrx_word' id='word_1_711' title='bbox 875 4581 1220 4637; x_wconf 87' lang='lat' dir='ltr'><strong>tradebantur</strong></span> <span class='ocrx_word' id='word_1_712' title='bbox 1247 4580 1700 4638; x_wconf 85' lang='lat' dir='ltr'><strong>emendatoribus.</strong></span> <span class='ocrx_word' id='word_1_713' title='bbox 1737 4582 1827 4635; x_wconf 82' lang='lat' dir='ltr'><strong>lsti</strong></span> <span class='ocrx_word' id='word_1_714' title='bbox 1854 4597 1984 4635; x_wconf 91' lang='lat' dir='ltr'><strong>vero</strong></span> <span class='ocrx_word' id='word_1_715' title='bbox 2014 4582 2124 4634; x_wconf 89' lang='lat' dir='ltr'><strong>fre-</strong></span> 
     </span>
    </p>
   </div>
   <div class='ocr_carea' id='block_1_100' title="bbox 536 4652 2127 4720">
    <p class='ocr_par' dir='ltr' id='par_1_100' title="bbox 536 4652 2127 4720">
     <span class='ocr_line' id='line_1_100' title="bbox 536 4652 2127 4720; baseline 0.001 -16"><span class='ocrx_word' id='word_1_716' title='bbox 536 4660 764 4720; x_wconf 89' lang='lat' dir='ltr'><strong>quenter</strong></span> <span class='ocrx_word' id='word_1_717' title='bbox 797 4652 991 4707; x_wconf 89' lang='lat' dir='ltr'><strong>bonam</strong></span> <span class='ocrx_word' id='word_1_718' title='bbox 1040 4653 1328 4709; x_wconf 90' lang='lat' dir='ltr'><strong>lectionem</strong></span> <span class='ocrx_word' id='word_1_719' title='bbox 1376 4653 1660 4711; x_wconf 86' lang='lat' dir='ltr'><strong>vertebant</strong></span> <span class='ocrx_word' id='word_1_720' title='bbox 1700 4653 1757 4708; x_wconf 91' lang='lat' dir='ltr'><strong>in</strong></span> <span class='ocrx_word' id='word_1_721' title='bbox 1805 4653 1999 4707; x_wconf 90' lang='lat' dir='ltr'><strong>malam</strong></span> <span class='ocrx_word' id='word_1_722' title='bbox 2033 4666 2127 4720; x_wconf 87' lang='lat' dir='ltr'><strong>per</strong></span> 
     </span>
    </p>
   </div>
   <div class='ocr_carea' id='block_1_101' title="bbox 537 4722 1234 4792">
    <p class='ocr_par' dir='ltr' id='par_1_101' title="bbox 537 4722 1234 4792">
     <span class='ocr_line' id='line_1_101' title="bbox 537 4722 1234 4792; baseline 0.003 -17"><span class='ocrx_word' id='word_1_723' title='bbox 537 4723 773 4792; x_wconf 86' lang='lat' dir='ltr'><strong>speciem</strong></span> <span class='ocrx_word' id='word_1_724' title='bbox 822 4722 1234 4779; x_wconf 89' lang='lat' dir='ltr'><strong>emendationis.</strong></span> 
     </span>
    </p>
   </div>
   <div class='ocr_carea' id='block_1_102' title="bbox 610 4811 2129 4882">
    <p class='ocr_par' dir='ltr' id='par_1_102' title="bbox 610 4811 2129 4882">
     <span class='ocr_line' id='line_1_102' title="bbox 610 4811 2129 4882; baseline -0.001 -16"><span class='ocrx_word' id='word_1_725' title='bbox 610 4811 775 4868; x_wconf 79' lang='lat' dir='ltr'><strong>Erant</strong></span> <span class='ocrx_word' id='word_1_726' title='bbox 803 4823 1072 4869; x_wconf 86' lang='lat' dir='ltr'><strong>certantes.</strong></span> <span class='ocrx_word' id='word_1_727' title='bbox 1108 4815 1416 4870; x_wconf 87' lang='lat' dir='ltr'><strong>Lactantius</strong></span> <span class='ocrx_word' id='word_1_728' title='bbox 1444 4817 1496 4870; x_wconf 91' lang='lat' dir='ltr'><strong>in</strong></span> <span class='ocrx_word' id='word_1_729' title='bbox 1524 4815 1642 4870; x_wconf 87' lang='lat' dir='ltr'><strong>loco</strong></span> <span class='ocrx_word' id='word_1_730' title='bbox 1666 4814 1824 4882; x_wconf 91' lang='lat' dir='ltr'><strong>paulo</strong></span> <span class='ocrx_word' id='word_1_731' title='bbox 1866 4821 1989 4866; x_wconf 85' lang='lat' dir='ltr'><strong>ante</strong></span> <span class='ocrx_word' id='word_1_732' title='bbox 2016 4813 2129 4865; x_wconf 83' lang='lat' dir='ltr'><strong>lau-</strong></span> 
     </span>
    </p>
   </div>
   <div class='ocr_carea' id='block_1_103' title="bbox 537 4883 2132 4956">
    <p class='ocr_par' dir='ltr' id='par_1_103' title="bbox 537 4883 2132 4956">
     <span class='ocr_line' id='line_1_103' title="bbox 537 4883 2132 4956; baseline -0.002 -18"><span class='ocrx_word' id='word_1_733' title='bbox 537 4883 703 4956; x_wconf 15' lang='lat' dir='ltr'><strong>dator:</strong></span> <span class='ocrx_word' id='word_1_734' title='bbox 736 4884 915 4953; x_wconf 86' lang='lat' dir='ltr'><strong>Itaque</strong></span> <span class='ocrx_word' id='word_1_735' title='bbox 956 4886 1010 4938; x_wconf 89' lang='lat' dir='ltr'><strong>in</strong></span> <span class='ocrx_word' id='word_1_736' title='bbox 1039 4887 1385 4956; x_wconf 72' lang='lat' dir='ltr'><strong>exeoyitandis</strong></span> <span class='ocrx_word' id='word_1_737' title='bbox 1418 4902 1678 4952; x_wconf 67' lang='lat' dir='ltr'><strong>pinnarum</strong></span> <span class='ocrx_word' id='word_1_738' title='bbox 1706 4884 1973 4956; x_wconf 82' lang='lat' dir='ltr'><strong>generibus</strong></span> <span class='ocrx_word' id='word_1_739' title='bbox 2000 4883 2132 4937; x_wconf 82' lang='lat' dir='ltr'><strong>nihil</strong></span> 
     </span>
    </p>
   </div>
   <div class='ocr_carea' id='block_1_104' title="bbox 539 4954 1494 5025">
    <p class='ocr_par' dir='ltr' id='par_1_104' title="bbox 539 4954 1494 5025">
     <span class='ocr_line' id='line_1_104' title="bbox 539 4954 1494 5025; baseline 0.001 -17"><span class='ocrx_word' id='word_1_740' title='bbox 539 4954 685 5008; x_wconf 84' lang='lat' dir='ltr'><strong>aliud</strong></span> <span class='ocrx_word' id='word_1_741' title='bbox 712 4971 868 5022; x_wconf 87' lang='lat' dir='ltr'><strong>quant</strong></span> <span class='ocrx_word' id='word_1_742' title='bbox 896 4954 1494 5025; x_wconf 52' lang='lat' dir='ltr'><strong>victoriam&#39;excogitant.</strong></span> 
     </span>
    </p>
   </div>
   <div class='ocr_carea' id='block_1_105' title="bbox 618 5045 2131 5113">
    <p class='ocr_par' dir='ltr' id='par_1_105' title="bbox 618 5045 2131 5113">
     <span class='ocr_line' id='line_1_105' title="bbox 618 5045 2131 5113; baseline 0 -14"><span class='ocrx_word' id='word_1_743' title='bbox 618 5045 892 5099; x_wconf 79' lang='lat' dir='ltr'><strong>Familiam</strong></span> <span class='ocrx_word' id='word_1_744' title='bbox 938 5046 1174 5101; x_wconf 71' lang='lat' dir='ltr'><strong>Carsaris.</strong></span> <span class='ocrx_word' id='word_1_745' title='bbox 1228 5048 1284 5102; x_wconf 89' lang='lat' dir='ltr'><strong>ld</strong></span> <span class='ocrx_word' id='word_1_746' title='bbox 1334 5055 1448 5113; x_wconf 86' lang='lat' dir='ltr'><strong>est,</strong></span> <span class='ocrx_word' id='word_1_747' title='bbox 1487 5047 1704 5102; x_wconf 89' lang='lat' dir='ltr'><strong>Galerii.</strong></span> <span class='ocrx_word' id='word_1_748' title='bbox 1758 5046 1904 5101; x_wconf 82' lang='lat' dir='ltr'><strong>lianc</strong></span> <span class='ocrx_word' id='word_1_749' title='bbox 1953 5046 2131 5113; x_wconf 88' lang='lat' dir='ltr'><strong>itaque</strong></span> 
     </span>
    </p>
   </div>
   <div class='ocr_carea' id='block_1_106' title="bbox 542 5115 2128 5187">
    <p class='ocr_par' dir='ltr' id='par_1_106' title="bbox 542 5115 2128 5187">
     <span class='ocr_line' id='line_1_106' title="bbox 542 5115 2128 5187; baseline -0.003 -16"><span class='ocrx_word' id='word_1_750' title='bbox 542 5118 742 5186; x_wconf 86' lang='lat' dir='ltr'><strong>placuit</strong></span> <span class='ocrx_word' id='word_1_751' title='bbox 768 5117 1026 5187; x_wconf 77' lang='lat' dir='ltr'><strong>excipere</strong></span> <span class='ocrx_word' id='word_1_752' title='bbox 1046 5159 1061 5183; x_wconf 88' lang='lat'><strong>,</strong></span> <span class='ocrx_word' id='word_1_753' title='bbox 1096 5127 1346 5187; x_wconf 89' lang='lat' dir='ltr'><strong>tauquam</strong></span> <span class='ocrx_word' id='word_1_754' title='bbox 1378 5117 1732 5174; x_wconf 88' lang='lat' dir='ltr'><strong>abominabile</strong></span> <span class='ocrx_word' id='word_1_755' title='bbox 1762 5125 1907 5171; x_wconf 89' lang='lat' dir='ltr'><strong>esset</strong></span> <span class='ocrx_word' id='word_1_756' title='bbox 1942 5115 2128 5187; x_wconf 22' lang='lat' dir='ltr'><strong>Aulium</strong></span> 
     </span>
    </p>
   </div>
   <div class='ocr_carea' id='block_1_107' title="bbox 544 5185 2131 5257">
    <p class='ocr_par' dir='ltr' id='par_1_107' title="bbox 544 5185 2131 5257">
     <span class='ocr_line' id='line_1_107' title="bbox 544 5185 2131 5257; baseline -0.001 -15"><span class='ocrx_word' id='word_1_757' title='bbox 544 5185 720 5242; x_wconf 78' lang='lat' dir='ltr'><strong>scelus</strong></span> <span class='ocrx_word' id='word_1_758' title='bbox 764 5185 1025 5241; x_wconf 84' lang='lat' dir='ltr'><strong>adversus</strong></span> <span class='ocrx_word' id='word_1_759' title='bbox 1071 5185 1454 5243; x_wconf 87' lang='lat' dir='ltr'><strong>Diocletianum</strong></span> <span class='ocrx_word' id='word_1_760' title='bbox 1505 5187 1763 5257; x_wconf 88' lang='lat' dir='ltr'><strong>suspicari</strong></span> <span class='ocrx_word' id='word_1_761' title='bbox 1812 5187 1879 5240; x_wconf 87' lang='lat' dir='ltr'><strong>de</strong></span> <span class='ocrx_word' id='word_1_762' title='bbox 1932 5185 2131 5257; x_wconf 25' lang='lat' dir='ltr'><strong>fami-lia</strong></span> 
     </span>
    </p>
   </div>
   <div class='ocr_carea' id='block_1_108' title="bbox 549 5254 2135 5340">
    <p class='ocr_par' dir='ltr' id='par_1_108' title="bbox 549 5254 2135 5340">
     <span class='ocr_line' id='line_1_108' title="bbox 549 5254 2135 5340; baseline -0.004 -27"><span class='ocrx_word' id='word_1_763' title='bbox 549 5258 781 5340; x_wconf 65' lang='lat' dir='ltr'><strong>Caesaris</strong></span> <span class='ocrx_word' id='word_1_764' title='bbox 802 5297 817 5322; x_wconf 93' lang='lat'><strong>,</strong></span> <span class='ocrx_word' id='word_1_765' title='bbox 850 5265 1001 5340; x_wconf 82' lang='lat' dir='ltr'><strong>et_ne</strong></span> <span class='ocrx_word' id='word_1_766' title='bbox 1030 5268 1277 5313; x_wconf 88' lang='lat' dir='ltr'><strong>auctores</strong></span> <span class='ocrx_word' id='word_1_767' title='bbox 1303 5258 1570 5340; x_wconf 70' lang='lat' dir='ltr'><strong>incendii,</strong></span> <span class='ocrx_word' id='word_1_768' title='bbox 1597 5254 1685 5340; x_wconf 80' lang='lat' dir='ltr'><strong>qui</strong></span> <span class='ocrx_word' id='word_1_769' title='bbox 1711 5273 1777 5338; x_wconf 74' lang='lat' dir='ltr'><strong>ex</strong></span> <span class='ocrx_word' id='word_1_770' title='bbox 1796 5254 2135 5340; x_wconf 32' lang='lat' dir='ltr'><strong>_‘domo.ejus</strong></span> 
     </span>
    </p>
   </div>
   <div class='ocr_carea' id='block_1_109' title="bbox 546 5326 2135 5453">
    <p class='ocr_par' dir='ltr' id='par_1_109' title="bbox 546 5326 2135 5453">
     <span class='ocr_line' id='line_1_109' title="bbox 546 5326 2135 5453; baseline -0.001 -71"><span class='ocrx_word' id='word_1_771' title='bbox 546 5328 879 5453; x_wconf 74' lang='lat' dir='ltr'><strong>prodierant,</strong></span> <span class='ocrx_word' id='word_1_772' title='bbox 907 5327 1319 5399; x_wconf 85' lang='lat' dir='ltr'><strong>detegerentur,</strong></span> <span class='ocrx_word' id='word_1_773' title='bbox 1349 5333 1393 5386; x_wconf 91' lang='lat' dir='ltr'><strong>si</strong></span> <span class='ocrx_word' id='word_1_774' title='bbox 1421 5330 1572 5385; x_wconf 91' lang='lat' dir='ltr'><strong>locus</strong></span> <span class='ocrx_word' id='word_1_775' title='bbox 1613 5326 1949 5397; x_wconf 90' lang='lat' dir='ltr'><strong>inquisitioni</strong></span> <span class='ocrx_word' id='word_1_776' title='bbox 1978 5326 2135 5381; x_wconf 87' lang='lat' dir='ltr'><strong>datus</strong></span> 
     </span>
     <span class='ocr_line' id='line_1_110' title="bbox 573 5408 757 5453; baseline 0.022 -4"><span class='ocrx_word' id='word_1_777' title='bbox 573 5408 757 5453; x_wconf 82' lang='lat' dir='ltr'><strong>uisset.</strong></span> 
     </span>
    </p>
   </div>
   <div class='ocr_carea' id='block_1_110' title="bbox 573 5408 757 5453">
    <p class='ocr_par' dir='ltr' id='par_1_110' title="bbox 573 5408 757 5453">
     <span class='ocr_line' id='line_1_111' title="bbox 573 5408 757 5453; baseline 0.022 -4"><span class='ocrx_word' id='word_1_778' title='bbox 573 5408 757 5453; x_wconf 86' lang='lat' dir='ltr'><strong>uisset.</strong></span> 
     </span>
    </p>
   </div>
   <div class='ocr_carea' id='block_1_111' title="bbox 619 5489 2133 5561">
    <p class='ocr_par' dir='ltr' id='par_1_111' title="bbox 619 5489 2133 5561">
     <span class='ocr_line' id='line_1_112' title="bbox 619 5489 2133 5561; baseline 0.001 -17"><span class='ocrx_word' id='word_1_779' title='bbox 619 5489 943 5561; x_wconf 77' lang='lat' dir='ltr'><strong>Profertione</strong></span> <span class='ocrx_word' id='word_1_780' title='bbox 982 5504 1182 5558; x_wconf 87' lang='lat' dir='ltr'><strong>parata.</strong></span> <span class='ocrx_word' id='word_1_781' title='bbox 1215 5495 1418 5550; x_wconf 86' lang='lat' dir='ltr'><strong>Bellum</strong></span> <span class='ocrx_word' id='word_1_782' title='bbox 1444 5508 1508 5548; x_wconf 90' lang='lat' dir='ltr'><strong>ea</strong></span> <span class='ocrx_word' id='word_1_783' title='bbox 1560 5500 1878 5561; x_wconf 89' lang='lat' dir='ltr'><strong>tempestate</strong></span> <span class='ocrx_word' id='word_1_784' title='bbox 1907 5491 2133 5556; x_wconf 92' lang='lat' dir='ltr'><strong>nullum,</strong></span> 
     </span>
    </p>
   </div>
   <div class='ocr_carea' id='block_1_112' title="bbox 548 5561 2134 5631">
    <p class='ocr_par' dir='ltr' id='par_1_112' title="bbox 548 5561 2134 5631">
     <span class='ocr_line' id='line_1_113' title="bbox 548 5561 2134 5631; baseline 0.003 -20"><span class='ocrx_word' id='word_1_785' title='bbox 548 5564 688 5630; x_wconf 86' lang='lat' dir='ltr'><strong>quod</strong></span> <span class='ocrx_word' id='word_1_786' title='bbox 740 5563 927 5616; x_wconf 82' lang='lat' dir='ltr'><strong>sciam.</strong></span> <span class='ocrx_word' id='word_1_787' title='bbox 963 5564 1065 5618; x_wconf 85' lang='lat' dir='ltr'><strong>Sed</strong></span> <span class='ocrx_word' id='word_1_788' title='bbox 1116 5566 1184 5619; x_wconf 87' lang='lat' dir='ltr'><strong>ita</strong></span> <span class='ocrx_word' id='word_1_789' title='bbox 1214 5565 1606 5620; x_wconf 90' lang='lat' dir='ltr'><strong>contumaciter</strong></span> <span class='ocrx_word' id='word_1_790' title='bbox 1657 5574 1710 5617; x_wconf 92' lang='lat' dir='ltr'><strong>ct</strong></span> <span class='ocrx_word' id='word_1_791' title='bbox 1758 5562 1986 5631; x_wconf 85' lang='lat' dir='ltr'><strong>superbe</strong></span> <span class='ocrx_word' id='word_1_792' title='bbox 2026 5561 2134 5629; x_wconf 84' lang='lat' dir='ltr'><strong>egit</strong></span> 
     </span>
    </p>
   </div>
   <div class='ocr_carea' id='block_1_113' title="bbox 548 5632 2134 5701">
    <p class='ocr_par' dir='ltr' id='par_1_113' title="bbox 548 5632 2134 5701">
     <span class='ocr_line' id='line_1_114' title="bbox 548 5632 2134 5701; baseline 0.001 -18"><span class='ocrx_word' id='word_1_793' title='bbox 548 5632 710 5701; x_wconf 76' lang='lat' dir='ltr'><strong>homo</strong></span> <span class='ocrx_word' id='word_1_794' title='bbox 754 5634 935 5686; x_wconf 79' lang='lat' dir='ltr'><strong>vesani</strong></span> <span class='ocrx_word' id='word_1_795' title='bbox 966 5649 1028 5687; x_wconf 84' lang='lat' dir='ltr'><strong>ac</strong></span> <span class='ocrx_word' id='word_1_796' title='bbox 1074 5635 1267 5690; x_wconf 76' lang='lat' dir='ltr'><strong>ferocis</strong></span> <span class='ocrx_word' id='word_1_797' title='bbox 1308 5638 1494 5698; x_wconf 85' lang='lat' dir='ltr'><strong>animi,</strong></span> <span class='ocrx_word' id='word_1_798' title='bbox 1528 5644 1586 5688; x_wconf 91' lang='lat' dir='ltr'><strong>ut</strong></span> <span class='ocrx_word' id='word_1_799' title='bbox 1613 5633 1714 5687; x_wconf 91' lang='lat' dir='ltr'><strong>boc</strong></span> <span class='ocrx_word' id='word_1_800' title='bbox 1735 5633 1922 5701; x_wconf 73' lang='lat' dir='ltr'><strong>agendi</strong></span> <span class='ocrx_word' id='word_1_801' title='bbox 1975 5632 2134 5685; x_wconf 88' lang='lat' dir='ltr'><strong>modo</strong></span> 
     </span>
    </p>
   </div>
   <div class='ocr_carea' id='block_1_114' title="bbox 550 5700 2132 5774">
    <p class='ocr_par' dir='ltr' id='par_1_114' title="bbox 550 5700 2132 5774">
     <span class='ocr_line' id='line_1_115' title="bbox 550 5700 2132 5774; baseline 0.002 -22"><span class='ocrx_word' id='word_1_802' title='bbox 550 5700 1359 5774; x_wconf 54' lang='lat' dir='ltr'><strong>Diocletianumvehementius</strong></span> <span class='ocrx_word' id='word_1_803' title='bbox 1403 5705 1704 5774; x_wconf 86' lang='lat' dir='ltr'><strong>impelleret</strong></span> <span class='ocrx_word' id='word_1_804' title='bbox 1749 5700 1814 5756; x_wconf 85' lang='lat' dir='ltr'><strong>ad</strong></span> <span class='ocrx_word' id='word_1_805' title='bbox 1866 5704 2132 5774; x_wconf 78' lang='lat' dir='ltr'><strong>excidium</strong></span> 
     </span>
    </p>
   </div>
   <div class='ocr_carea' id='block_1_115' title="bbox 549 5769 2132 5846">
    <p class='ocr_par' dir='ltr' id='par_1_115' title="bbox 549 5769 2132 5846">
     <span class='ocr_line' id='line_1_116' title="bbox 549 5769 2132 5846; baseline 0.003 -25"><span class='ocrx_word' id='word_1_806' title='bbox 549 5769 1168 5846; x_wconf 71' lang='lat' dir='ltr'><strong>christianzereligionis,</strong></span> <span class='ocrx_word' id='word_1_807' title='bbox 1192 5792 1352 5846; x_wconf 86' lang='lat' dir='ltr'><strong>quem</strong></span> <span class='ocrx_word' id='word_1_808' title='bbox 1378 5769 1592 5835; x_wconf 68' lang='lat' dir='ltr'><strong>videbat</strong></span> <span class='ocrx_word' id='word_1_809' title='bbox 1614 5775 1849 5831; x_wconf 87' lang='lat' dir='ltr'><strong>molliter</strong></span> <span class='ocrx_word' id='word_1_810' title='bbox 1872 5773 2132 5831; x_wconf 84' lang='lat' dir='ltr'><strong>hactenus</strong></span> 
     </span>
    </p>
   </div>
   <div class='ocr_carea' id='block_1_116' title="bbox 551 5842 1231 5910">
    <p class='ocr_par' dir='ltr' id='par_1_116' title="bbox 551 5842 1231 5910">
     <span class='ocr_line' id='line_1_117' title="bbox 551 5842 1231 5910; baseline 0.013 -18"><span class='ocrx_word' id='word_1_811' title='bbox 551 5846 700 5894; x_wconf 87' lang='lat' dir='ltr'><strong>tanto</strong></span> <span class='ocrx_word' id='word_1_812' title='bbox 723 5842 875 5910; x_wconf 88' lang='lat' dir='ltr'><strong>operi</strong></span> <span class='ocrx_word' id='word_1_813' title='bbox 902 5842 1231 5901; x_wconf 67' lang='lat' dir='ltr'><strong>incumbere.</strong></span> 
     </span>
    </p>
   </div>
   <div class='ocr_carea' id='block_1_117' title="bbox 2223 3225 2464 3279">
    <p class='ocr_par' dir='ltr' id='par_1_117' title="bbox 2223 3225 2464 3279">
     <span class='ocr_line' id='line_1_118' title="bbox 2223 3225 2464 3279; baseline -0.008 0"><span class='ocrx_word' id='word_1_814' title='bbox 2223 3235 2276 3279; x_wconf 88' lang='lat' dir='ltr'><strong>et</strong></span> <span class='ocrx_word' id='word_1_815' title='bbox 2308 3225 2464 3279; x_wconf 90' lang='lat' dir='ltr'><strong>alios.</strong></span> 
     </span>
    </p>
   </div>
   <div class='ocr_carea' id='block_1_118' title="bbox 2292 3293 3851 3368">
    <p class='ocr_par' dir='ltr' id='par_1_118' title="bbox 2292 3293 3851 3368">
     <span class='ocr_line' id='line_1_119' title="bbox 2292 3293 3851 3368; baseline 0.003 -19"><span class='ocrx_word' id='word_1_816' title='bbox 2292 3293 2988 3368; x_wconf 73' lang='lat' dir='ltr'><strong>ConjugentPriscam._Qute</strong></span> <span class='ocrx_word' id='word_1_817' title='bbox 3016 3304 3223 3367; x_wconf 87' lang='lat' dir='ltr'><strong>postea,</strong></span> <span class='ocrx_word' id='word_1_818' title='bbox 3252 3298 3380 3354; x_wconf 90' lang='lat' dir='ltr'><strong>vivo</strong></span> <span class='ocrx_word' id='word_1_819' title='bbox 3407 3297 3597 3354; x_wconf 84' lang='lat' dir='ltr'><strong>adhuc</strong></span> <span class='ocrx_word' id='word_1_820' title='bbox 3618 3302 3851 3368; x_wconf 86' lang='lat' dir='ltr'><strong>marito,</strong></span> 
     </span>
    </p>
   </div>
   <div class='ocr_carea' id='block_1_119' title="bbox 2222 3365 3851 3437">
    <p class='ocr_par' dir='ltr' id='par_1_119' title="bbox 2222 3365 3851 3437">
     <span class='ocr_line' id='line_1_120' title="bbox 2222 3365 3851 3437; baseline 0.004 -18"><span class='ocrx_word' id='word_1_821' title='bbox 2222 3365 2276 3419; x_wconf 91' lang='lat' dir='ltr'><strong>in</strong></span> <span class='ocrx_word' id='word_1_822' title='bbox 2295 3365 2512 3421; x_wconf 79' lang='lat' dir='ltr'><strong>exilium</strong></span> <span class='ocrx_word' id='word_1_823' title='bbox 2531 3381 2649 3421; x_wconf 89' lang='lat' dir='ltr'><strong>cum</strong></span> <span class='ocrx_word' id='word_1_824' title='bbox 2679 3367 2783 3420; x_wconf 84' lang='lat' dir='ltr'><strong>filia</strong></span> <span class='ocrx_word' id='word_1_825' title='bbox 2816 3365 3030 3421; x_wconf 81' lang='lat' dir='ltr'><strong>Valeria</strong></span> <span class='ocrx_word' id='word_1_826' title='bbox 3056 3367 3292 3437; x_wconf 88' lang='lat' dir='ltr'><strong>projecta</strong></span> <span class='ocrx_word' id='word_1_827' title='bbox 3319 3381 3405 3424; x_wconf 88' lang='lat' dir='ltr'><strong>est</strong></span> <span class='ocrx_word' id='word_1_828' title='bbox 3430 3384 3462 3422; x_wconf 89' lang='lat' dir='ltr'><strong>a</strong></span> <span class='ocrx_word' id='word_1_829' title='bbox 3498 3365 3851 3437; x_wconf 76' lang='lat' dir='ltr'><strong>Maximino,</strong></span> 
     </span>
    </p>
   </div>
   <div class='ocr_carea' id='block_1_120' title="bbox 2222 3437 3852 3507">
    <p class='ocr_par' dir='ltr' id='par_1_120' title="bbox 2222 3437 3852 3507">
     <span class='ocr_line' id='line_1_121' title="bbox 2222 3437 3852 3507; baseline 0.004 -17"><span class='ocrx_word' id='word_1_830' title='bbox 2222 3446 2279 3490; x_wconf 90' lang='lat' dir='ltr'><strong>et</strong></span> <span class='ocrx_word' id='word_1_831' title='bbox 2306 3437 2521 3491; x_wconf 86' lang='lat' dir='ltr'><strong>demum</strong></span> <span class='ocrx_word' id='word_1_832' title='bbox 2548 3438 2702 3505; x_wconf 88' lang='lat' dir='ltr'><strong>jussu</strong></span> <span class='ocrx_word' id='word_1_833' title='bbox 2734 3437 2918 3491; x_wconf 88' lang='lat' dir='ltr'><strong>Licinii</strong></span> <span class='ocrx_word' id='word_1_834' title='bbox 2948 3438 3124 3507; x_wconf 88' lang='lat' dir='ltr'><strong>capite</strong></span> <span class='ocrx_word' id='word_1_835' title='bbox 3154 3438 3328 3506; x_wconf 80' lang='lat' dir='ltr'><strong>plcxa,</strong></span> <span class='ocrx_word' id='word_1_836' title='bbox 3357 3449 3418 3495; x_wconf 86' lang='lat' dir='ltr'><strong>ut</strong></span> <span class='ocrx_word' id='word_1_837' title='bbox 3445 3438 3678 3494; x_wconf 90' lang='lat' dir='ltr'><strong>docebit</strong></span> <span class='ocrx_word' id='word_1_838' title='bbox 3707 3441 3852 3497; x_wconf 88' lang='lat' dir='ltr'><strong>Lac-</strong></span> 
     </span>
    </p>
   </div>
   <div class='ocr_carea' id='block_1_121' title="bbox 2224 3507 3854 3583">
    <p class='ocr_par' dir='ltr' id='par_1_121' title="bbox 2224 3507 3854 3583">
     <span class='ocr_line' id='line_1_122' title="bbox 2224 3507 3854 3583; baseline 0.006 -23"><span class='ocrx_word' id='word_1_839' title='bbox 2224 3509 2423 3583; x_wconf 74' lang='lat' dir='ltr'><strong>tantius</strong></span> <span class='ocrx_word' id='word_1_840' title='bbox 2446 3508 2498 3561; x_wconf 94' lang='lat' dir='ltr'><strong>in</strong></span> <span class='ocrx_word' id='word_1_841' title='bbox 2527 3508 2632 3583; x_wconf 80' lang='lat' dir='ltr'><strong>line</strong></span> <span class='ocrx_word' id='word_1_842' title='bbox 2663 3507 2821 3583; x_wconf 81' lang='lat' dir='ltr'><strong>hujus</strong></span> <span class='ocrx_word' id='word_1_843' title='bbox 2840 3508 3043 3583; x_wconf 47' lang='lat' dir='ltr'><strong>operis:</strong></span> <span class='ocrx_word' id='word_1_844' title='bbox 3093 3508 3200 3583; x_wconf 82' lang='lat' dir='ltr'><strong>sed</strong></span> <span class='ocrx_word' id='word_1_845' title='bbox 3220 3508 3317 3583; x_wconf 81' lang='lat' dir='ltr'><strong>_liic</strong></span> <span class='ocrx_word' id='word_1_846' title='bbox 3346 3524 3409 3564; x_wconf 91' lang='lat' dir='ltr'><strong>se</strong></span> <span class='ocrx_word' id='word_1_847' title='bbox 3449 3509 3615 3583; x_wconf 72' lang='lat' dir='ltr'><strong>offert</strong></span> <span class='ocrx_word' id='word_1_848' title='bbox 3649 3511 3854 3583; x_wconf 86' lang='lat' dir='ltr'><strong>ingens</strong></span> 
     </span>
    </p>
   </div>
   <div class='ocr_carea' id='block_1_122' title="bbox 2222 3577 3852 3638">
    <p class='ocr_par' dir='ltr' id='par_1_122' title="bbox 2222 3577 3852 3638">
     <span class='ocr_line' id='line_1_123' title="bbox 2222 3577 3852 3638; baseline 0.004 -7"><span class='ocrx_word' id='word_1_849' title='bbox 2222 3577 2523 3633; x_wconf 89' lang='lat' dir='ltr'><strong>diflicultas.</strong></span> <span class='ocrx_word' id='word_1_850' title='bbox 2580 3577 2712 3632; x_wconf 85' lang='lat' dir='ltr'><strong>Nam</strong></span> <span class='ocrx_word' id='word_1_851' title='bbox 2763 3579 2814 3631; x_wconf 94' lang='lat' dir='ltr'><strong>in</strong></span> <span class='ocrx_word' id='word_1_852' title='bbox 2847 3579 3073 3634; x_wconf 89' lang='lat' dir='ltr'><strong>vetustis</strong></span> <span class='ocrx_word' id='word_1_853' title='bbox 3113 3577 3266 3634; x_wconf 90' lang='lat' dir='ltr'><strong>Actis</strong></span> <span class='ocrx_word' id='word_1_854' title='bbox 3307 3590 3518 3635; x_wconf 70' lang='lat' dir='ltr'><strong>sanctae</strong></span> <span class='ocrx_word' id='word_1_855' title='bbox 3566 3577 3852 3638; x_wconf 66' lang='lat' dir='ltr'><strong>Susaiiuze</strong></span> 
     </span>
    </p>
   </div>
   <div class='ocr_carea' id='block_1_123' title="bbox 2221 3648 3855 3718">
    <p class='ocr_par' dir='ltr' id='par_1_123' title="bbox 2221 3648 3855 3718">
     <span class='ocr_line' id='line_1_124' title="bbox 2221 3648 3855 3718; baseline 0.004 -17"><span class='ocrx_word' id='word_1_856' title='bbox 2221 3649 2464 3717; x_wconf 85' lang='lat' dir='ltr'><strong>virginis,</strong></span> <span class='ocrx_word' id='word_1_857' title='bbox 2488 3663 2609 3717; x_wconf 67' lang='lat' dir='ltr'><strong>quae</strong></span> <span class='ocrx_word' id='word_1_858' title='bbox 2637 3649 2949 3718; x_wconf 84' lang='lat' dir='ltr'><strong>martyrium</strong></span> <span class='ocrx_word' id='word_1_859' title='bbox 2973 3648 3161 3703; x_wconf 73' lang='lat' dir='ltr'><strong>Roma:</strong></span> <span class='ocrx_word' id='word_1_860' title='bbox 3180 3664 3608 3706; x_wconf 89' lang='lat' dir='ltr'><strong>consummasse</strong></span> <span class='ocrx_word' id='word_1_861' title='bbox 3651 3654 3855 3708; x_wconf 88' lang='lat' dir='ltr'><strong>scribi-</strong></span> 
     </span>
    </p>
   </div>
   <div class='ocr_carea' id='block_1_124' title="bbox 2224 3720 3850 3789">
    <p class='ocr_par' dir='ltr' id='par_1_124' title="bbox 2224 3720 3850 3789">
     <span class='ocr_line' id='line_1_125' title="bbox 2224 3720 3850 3789; baseline 0.005 -17"><span class='ocrx_word' id='word_1_862' title='bbox 2224 3728 2309 3773; x_wconf 91' lang='lat' dir='ltr'><strong>tur</strong></span> <span class='ocrx_word' id='word_1_863' title='bbox 2338 3720 2438 3773; x_wconf 92' lang='lat' dir='ltr'><strong>sub</strong></span> <span class='ocrx_word' id='word_1_864' title='bbox 2468 3720 2696 3789; x_wconf 91' lang='lat' dir='ltr'><strong>imperio</strong></span> <span class='ocrx_word' id='word_1_865' title='bbox 2726 3720 3073 3785; x_wconf 85' lang='lat' dir='ltr'><strong>Diocletiani,</strong></span> <span class='ocrx_word' id='word_1_866' title='bbox 3102 3721 3306 3776; x_wconf 91' lang='lat' dir='ltr'><strong>mentio</strong></span> <span class='ocrx_word' id='word_1_867' title='bbox 3335 3730 3422 3776; x_wconf 91' lang='lat' dir='ltr'><strong>est</strong></span> <span class='ocrx_word' id='word_1_868' title='bbox 3465 3722 3701 3777; x_wconf 68' lang='lat' dir='ltr'><strong>Serenus</strong></span> <span class='ocrx_word' id='word_1_869' title='bbox 3733 3728 3850 3779; x_wconf 79' lang='lat' dir='ltr'><strong>Au-</strong></span> 
     </span>
    </p>
   </div>
   <div class='ocr_carea' id='block_1_125' title="bbox 2223 3790 3854 3861">
    <p class='ocr_par' dir='ltr' id='par_1_125' title="bbox 2223 3790 3854 3861">
     <span class='ocr_line' id='line_1_126' title="bbox 2223 3790 3854 3861; baseline 0.004 -19"><span class='ocrx_word' id='word_1_870' title='bbox 2223 3799 2392 3859; x_wconf 71' lang='lat' dir='ltr'><strong>gustm</strong></span> <span class='ocrx_word' id='word_1_871' title='bbox 2421 3791 2605 3844; x_wconf 76' lang='lat' dir='ltr'><strong>uxoris</strong></span> <span class='ocrx_word' id='word_1_872' title='bbox 2634 3790 2879 3861; x_wconf 85' lang='lat' dir='ltr'><strong>ejusdem</strong></span> <span class='ocrx_word' id='word_1_873' title='bbox 2909 3791 3168 3860; x_wconf 91' lang='lat' dir='ltr'><strong>principis</strong></span> <span class='ocrx_word' id='word_1_874' title='bbox 3190 3834 3206 3859; x_wconf 92' lang='lat'><strong>,</strong></span> <span class='ocrx_word' id='word_1_875' title='bbox 3248 3807 3372 3861; x_wconf 69' lang='lat' dir='ltr'><strong>quin</strong></span> <span class='ocrx_word' id='word_1_876' title='bbox 3398 3793 3625 3847; x_wconf 87' lang='lat' dir='ltr'><strong>occulte</strong></span> <span class='ocrx_word' id='word_1_877' title='bbox 3656 3794 3854 3849; x_wconf 82' lang='lat' dir='ltr'><strong>Chris-</strong></span> 
     </span>
    </p>
   </div>
   <div class='ocr_carea' id='block_1_126' title="bbox 2227 3860 3853 3932">
    <p class='ocr_par' dir='ltr' id='par_1_126' title="bbox 2227 3860 3853 3932">
     <span class='ocr_line' id='line_1_127' title="bbox 2227 3860 3853 3932; baseline 0.005 -19"><span class='ocrx_word' id='word_1_878' title='bbox 2227 3862 2370 3932; x_wconf 80' lang='lat' dir='ltr'><strong>tiana</strong></span> <span class='ocrx_word' id='word_1_879' title='bbox 2406 3869 2561 3932; x_wconf 80' lang='lat' dir='ltr'><strong>erat,</strong></span> <span class='ocrx_word' id='word_1_880' title='bbox 2592 3860 2829 3932; x_wconf 82' lang='lat' dir='ltr'><strong>ub&#39;rdies</strong></span> <span class='ocrx_word' id='word_1_881' title='bbox 2870 3862 3061 3932; x_wconf 85' lang='lat' dir='ltr'><strong>natalis</strong></span> <span class='ocrx_word' id='word_1_882' title='bbox 3080 3862 3202 3930; x_wconf 92' lang='lat' dir='ltr'><strong>ejus</strong></span> <span class='ocrx_word' id='word_1_883' title='bbox 3245 3860 3616 3932; x_wconf 84' lang='lat' dir='ltr'><strong>consignatus</strong></span> <span class='ocrx_word' id='word_1_884' title='bbox 3645 3875 3737 3919; x_wconf 90' lang='lat' dir='ltr'><strong>est</strong></span> <span class='ocrx_word' id='word_1_885' title='bbox 3784 3867 3853 3921; x_wconf 83' lang='lat' dir='ltr'><strong>ad</strong></span> 
     </span>
    </p>
   </div>
   <div class='ocr_carea' id='block_1_127' title="bbox 2224 3930 3852 4003">
    <p class='ocr_par' dir='ltr' id='par_1_127' title="bbox 2224 3930 3852 4003">
     <span class='ocr_line' id='line_1_128' title="bbox 2224 3930 3852 4003; baseline 0.002 -18"><span class='ocrx_word' id='word_1_886' title='bbox 2224 3930 2367 4003; x_wconf 91' lang='lat' dir='ltr'><strong>diem</strong></span> <span class='ocrx_word' id='word_1_887' title='bbox 2396 3931 2456 3987; x_wconf 88' lang='lat' dir='ltr'><strong>l7</strong></span> <span class='ocrx_word' id='word_1_888' title='bbox 2475 3930 2729 4003; x_wconf 81' lang='lat' dir='ltr'><strong>kalendas</strong></span> <span class='ocrx_word' id='word_1_889' title='bbox 2754 3931 3111 4003; x_wconf 85' lang='lat' dir='ltr'><strong>septembres.</strong></span> <span class='ocrx_word' id='word_1_890' title='bbox 3129 3932 3326 3987; x_wconf 85' lang='lat' dir='ltr'><strong>Gravis</strong></span> <span class='ocrx_word' id='word_1_891' title='bbox 3356 3930 3493 3988; x_wconf 73' lang='lat' dir='ltr'><strong>sane</strong></span> <span class='ocrx_word' id='word_1_892' title='bbox 3518 3933 3852 4003; x_wconf 86' lang='lat' dir='ltr'><strong>difficultas,</strong></span> 
     </span>
    </p>
   </div>
   <div class='ocr_carea' id='block_1_128' title="bbox 2226 4001 3855 4061">
    <p class='ocr_par' dir='ltr' id='par_1_128' title="bbox 2226 4001 3855 4061">
     <span class='ocr_line' id='line_1_129' title="bbox 2226 4001 3855 4061; baseline 0.004 -6"><span class='ocrx_word' id='word_1_893' title='bbox 2226 4002 2273 4056; x_wconf 89' lang='lat' dir='ltr'><strong>si</strong></span> <span class='ocrx_word' id='word_1_894' title='bbox 2302 4001 2370 4055; x_wconf 86' lang='lat' dir='ltr'><strong>de</strong></span> <span class='ocrx_word' id='word_1_895' title='bbox 2394 4004 2647 4057; x_wconf 84' lang='lat' dir='ltr'><strong>Actorum</strong></span> <span class='ocrx_word' id='word_1_896' title='bbox 2677 4001 2888 4055; x_wconf 89' lang='lat' dir='ltr'><strong>illorum</strong></span> <span class='ocrx_word' id='word_1_897' title='bbox 2916 4002 3145 4059; x_wconf 85' lang='lat' dir='ltr'><strong>veritate</strong></span> <span class='ocrx_word' id='word_1_898' title='bbox 3172 4013 3229 4058; x_wconf 89' lang='lat' dir='ltr'><strong>et</strong></span> <span class='ocrx_word' id='word_1_899' title='bbox 3255 4004 3595 4059; x_wconf 89' lang='lat' dir='ltr'><strong>auctoritate</strong></span> <span class='ocrx_word' id='word_1_900' title='bbox 3623 4001 3855 4061; x_wconf 56' lang='lat' dir='ltr'><strong>consla;</strong></span> 
     </span>
    </p>
   </div>
   <div class='ocr_carea' id='block_1_129' title="bbox 2225 4071 3856 4146">
    <p class='ocr_par' dir='ltr' id='par_1_129' title="bbox 2225 4071 3856 4146">
     <span class='ocr_line' id='line_1_130' title="bbox 2225 4071 3856 4146; baseline 0.004 -20"><span class='ocrx_word' id='word_1_901' title='bbox 2225 4081 2331 4146; x_wconf 77' lang='lat' dir='ltr'><strong>ret.</strong></span> <span class='ocrx_word' id='word_1_902' title='bbox 2357 4072 2462 4146; x_wconf 78' lang='lat' dir='ltr'><strong>Sed</strong></span> <span class='ocrx_word' id='word_1_903' title='bbox 2487 4088 2609 4146; x_wconf 90' lang='lat' dir='ltr'><strong>cum</strong></span> <span class='ocrx_word' id='word_1_904' title='bbox 2638 4071 2726 4126; x_wconf 88' lang='lat' dir='ltr'><strong>illa</strong></span> <span class='ocrx_word' id='word_1_905' title='bbox 2780 4072 2944 4126; x_wconf 91' lang='lat' dir='ltr'><strong>multa</strong></span> <span class='ocrx_word' id='word_1_906' title='bbox 2972 4087 3145 4146; x_wconf 84' lang='lat' dir='ltr'><strong>eaque</strong></span> <span class='ocrx_word' id='word_1_907' title='bbox 3197 4088 3414 4146; x_wconf 73' lang='lat' dir='ltr'><strong>magna</strong></span> <span class='ocrx_word' id='word_1_908' title='bbox 3441 4077 3856 4146; x_wconf 87' lang='lat' dir='ltr'><strong>suppositionis</strong></span> 
     </span>
    </p>
   </div>
   <div class='ocr_carea' id='block_1_130' title="bbox 2226 4142 3855 4215">
    <p class='ocr_par' dir='ltr' id='par_1_130' title="bbox 2226 4142 3855 4215">
     <span class='ocr_line' id='line_1_131' title="bbox 2226 4142 3855 4215; baseline 0.005 -19"><span class='ocrx_word' id='word_1_909' title='bbox 2226 4142 2419 4215; x_wconf 86' lang='lat' dir='ltr'><strong>indicia</strong></span> <span class='ocrx_word' id='word_1_910' title='bbox 2452 4144 2700 4206; x_wconf 83' lang='lat' dir='ltr'><strong>habeant,</strong></span> <span class='ocrx_word' id='word_1_911' title='bbox 2736 4151 2847 4215; x_wconf 87' lang='lat' dir='ltr'><strong>tum</strong></span> <span class='ocrx_word' id='word_1_912' title='bbox 2878 4158 2946 4198; x_wconf 79' lang='lat' dir='ltr'><strong>ex</strong></span> <span class='ocrx_word' id='word_1_913' title='bbox 2992 4143 3095 4198; x_wconf 91' lang='lat' dir='ltr'><strong>hoc</strong></span> <span class='ocrx_word' id='word_1_914' title='bbox 3120 4159 3254 4199; x_wconf 90' lang='lat' dir='ltr'><strong>sane</strong></span> <span class='ocrx_word' id='word_1_915' title='bbox 3295 4142 3479 4215; x_wconf 87' lang='lat' dir='ltr'><strong>capite</strong></span> <span class='ocrx_word' id='word_1_916' title='bbox 3514 4142 3680 4202; x_wconf 62' lang='lat' dir='ltr'><strong>&#39;falsa</strong></span> <span class='ocrx_word' id='word_1_917' title='bbox 3726 4163 3855 4204; x_wconf 85' lang='lat' dir='ltr'><strong>esse</strong></span> 
     </span>
    </p>
   </div>
   <div class='ocr_carea' id='block_1_131' title="bbox 2227 4213 3855 4283">
    <p class='ocr_par' dir='ltr' id='par_1_131' title="bbox 2227 4213 3855 4283">
     <span class='ocr_line' id='line_1_132' title="bbox 2227 4213 3855 4283; baseline 0.004 -16"><span class='ocrx_word' id='word_1_918' title='bbox 2227 4214 2552 4282; x_wconf 85' lang='lat' dir='ltr'><strong>probantur,</strong></span> <span class='ocrx_word' id='word_1_919' title='bbox 2609 4213 2749 4283; x_wconf 88' lang='lat' dir='ltr'><strong>quod</strong></span> <span class='ocrx_word' id='word_1_920' title='bbox 2766 4213 3023 4268; x_wconf 85' lang='lat' dir='ltr'><strong>Serenam</strong></span> <span class='ocrx_word' id='word_1_921' title='bbox 3052 4220 3275 4270; x_wconf 81' lang='lat' dir='ltr'><strong>tixorem</strong></span> <span class='ocrx_word' id='word_1_922' title='bbox 3295 4213 3635 4271; x_wconf 83' lang='lat' dir='ltr'><strong>Diocletiani</strong></span> <span class='ocrx_word' id='word_1_923' title='bbox 3681 4218 3855 4274; x_wconf 87' lang='lat' dir='ltr'><strong>fuisse</strong></span> 
     </span>
    </p>
   </div>
   <div class='ocr_carea' id='block_1_132' title="bbox 2229 4284 3852 4353">
    <p class='ocr_par' dir='ltr' id='par_1_132' title="bbox 2229 4284 3852 4353">
     <span class='ocr_line' id='line_1_133' title="bbox 2229 4284 3852 4353; baseline 0.005 -17"><span class='ocrx_word' id='word_1_924' title='bbox 2229 4285 2431 4338; x_wconf 92' lang='lat' dir='ltr'><strong>volunt.</strong></span> <span class='ocrx_word' id='word_1_925' title='bbox 2465 4284 2671 4353; x_wconf 87' lang='lat' dir='ltr'><strong>Quippe</strong></span> <span class='ocrx_word' id='word_1_926' title='bbox 2708 4293 3021 4338; x_wconf 90' lang='lat' dir='ltr'><strong>ostensurus</strong></span> <span class='ocrx_word' id='word_1_927' title='bbox 3068 4299 3188 4339; x_wconf 91' lang='lat' dir='ltr'><strong>sum</strong></span> <span class='ocrx_word' id='word_1_928' title='bbox 3242 4286 3593 4341; x_wconf 90' lang='lat' dir='ltr'><strong>Diocletiano</strong></span> <span class='ocrx_word' id='word_1_929' title='bbox 3639 4289 3852 4345; x_wconf 86' lang='lat' dir='ltr'><strong>nullam</strong></span> 
     </span>
    </p>
   </div>
   <div class='ocr_carea' id='block_1_133' title="bbox 2227 4354 3851 4426">
    <p class='ocr_par' dir='ltr' id='par_1_133' title="bbox 2227 4354 3851 4426">
     <span class='ocr_line' id='line_1_134' title="bbox 2227 4354 3851 4426; baseline 0.005 -19"><span class='ocrx_word' id='word_1_930' title='bbox 2227 4354 2384 4408; x_wconf 85' lang='lat' dir='ltr'><strong>aliam</strong></span> <span class='ocrx_word' id='word_1_931' title='bbox 2425 4365 2536 4409; x_wconf 88' lang='lat' dir='ltr'><strong>toto</strong></span> <span class='ocrx_word' id='word_1_932' title='bbox 2581 4354 2909 4426; x_wconf 79' lang='lat' dir='ltr'><strong>principatus</strong></span> <span class='ocrx_word' id='word_1_933' title='bbox 2954 4355 3037 4426; x_wconf 87' lang='lat' dir='ltr'><strong>sui</strong></span> <span class='ocrx_word' id='word_1_934' title='bbox 3068 4364 3313 4426; x_wconf 91' lang='lat' dir='ltr'><strong>tempore</strong></span> <span class='ocrx_word' id='word_1_935' title='bbox 3341 4371 3581 4412; x_wconf 82' lang='lat' dir='ltr'><strong>uxorem</strong></span> <span class='ocrx_word' id='word_1_936' title='bbox 3638 4358 3851 4426; x_wconf 84' lang='lat' dir='ltr'><strong>fuisse,</strong></span> 
     </span>
    </p>
   </div>
   <div class='ocr_carea' id='block_1_134' title="bbox 2227 4424 3856 4495">
    <p class='ocr_par' dir='ltr' id='par_1_134' title="bbox 2227 4424 3856 4495">
     <span class='ocr_line' id='line_1_135' title="bbox 2227 4424 3856 4495; baseline 0.006 -19"><span class='ocrx_word' id='word_1_937' title='bbox 2227 4440 2385 4495; x_wconf 88' lang='lat' dir='ltr'><strong>quam</strong></span> <span class='ocrx_word' id='word_1_938' title='bbox 2424 4426 2679 4480; x_wconf 87' lang='lat' dir='ltr'><strong>Priscam.</strong></span> <span class='ocrx_word' id='word_1_939' title='bbox 2711 4424 2919 4479; x_wconf 84' lang='lat' dir='ltr'><strong>Etenim</strong></span> <span class='ocrx_word' id='word_1_940' title='bbox 2943 4424 2989 4479; x_wconf 93' lang='lat' dir='ltr'><strong>si</strong></span> <span class='ocrx_word' id='word_1_941' title='bbox 3015 4440 3077 4480; x_wconf 90' lang='lat' dir='ltr'><strong>ea</strong></span> <span class='ocrx_word' id='word_1_942' title='bbox 3106 4424 3282 4482; x_wconf 84' lang='lat' dir='ltr'><strong>mater</strong></span> <span class='ocrx_word' id='word_1_943' title='bbox 3307 4426 3555 4483; x_wconf 68' lang='lat' dir='ltr'><strong>Valeriae</strong></span> <span class='ocrx_word' id='word_1_944' title='bbox 3612 4428 3755 4495; x_wconf 87' lang='lat' dir='ltr'><strong>fuit,</strong></span> <span class='ocrx_word' id='word_1_945' title='bbox 3799 4424 3856 4485; x_wconf 80' lang='lat' dir='ltr'><strong>ut</strong></span> 
     </span>
    </p>
   </div>
   <div class='ocr_carea' id='block_1_135' title="bbox 2228 4495 3853 4568">
    <p class='ocr_par' dir='ltr' id='par_1_135' title="bbox 2228 4495 3853 4568">
     <span class='ocr_line' id='line_1_136' title="bbox 2228 4495 3853 4568; baseline 0.003 -17"><span class='ocrx_word' id='word_1_946' title='bbox 2228 4510 2357 4552; x_wconf 91' lang='lat' dir='ltr'><strong>sane</strong></span> <span class='ocrx_word' id='word_1_947' title='bbox 2382 4495 2500 4562; x_wconf 87' lang='lat' dir='ltr'><strong>fuit,</strong></span> <span class='ocrx_word' id='word_1_948' title='bbox 2536 4510 2756 4568; x_wconf 83' lang='lat' dir='ltr'><strong>necesse</strong></span> <span class='ocrx_word' id='word_1_949' title='bbox 2785 4504 2868 4549; x_wconf 91' lang='lat' dir='ltr'><strong>est</strong></span> <span class='ocrx_word' id='word_1_950' title='bbox 2896 4509 3029 4568; x_wconf 87' lang='lat' dir='ltr'><strong>eam</strong></span> <span class='ocrx_word' id='word_1_951' title='bbox 3048 4496 3388 4568; x_wconf 83' lang='lat' dir='ltr'><strong>Diocletiano</strong></span> <span class='ocrx_word' id='word_1_952' title='bbox 3409 4502 3683 4568; x_wconf 88' lang='lat' dir='ltr'><strong>nupsisse</strong></span> <span class='ocrx_word' id='word_1_953' title='bbox 3702 4511 3853 4556; x_wconf 80' lang='lat' dir='ltr'><strong>ante~</strong></span> 
     </span>
    </p>
   </div>
   <div class='ocr_carea' id='block_1_136' title="bbox 2230 4566 3856 4636">
    <p class='ocr_par' dir='ltr' id='par_1_136' title="bbox 2230 4566 3856 4636">
     <span class='ocr_line' id='line_1_137' title="bbox 2230 4566 3856 4636; baseline 0.004 -16"><span class='ocrx_word' id='word_1_954' title='bbox 2230 4582 2389 4636; x_wconf 87' lang='lat' dir='ltr'><strong>quam</strong></span> <span class='ocrx_word' id='word_1_955' title='bbox 2422 4568 2466 4620; x_wconf 93' lang='lat' dir='ltr'><strong>is</strong></span> <span class='ocrx_word' id='word_1_956' title='bbox 2498 4569 2648 4619; x_wconf 89' lang='lat' dir='ltr'><strong>lieret</strong></span> <span class='ocrx_word' id='word_1_957' title='bbox 2676 4566 2988 4635; x_wconf 90' lang='lat' dir='ltr'><strong>imperator,</strong></span> <span class='ocrx_word' id='word_1_958' title='bbox 3017 4566 3071 4621; x_wconf 86' lang='lat' dir='ltr'><strong>id</strong></span> <span class='ocrx_word' id='word_1_959' title='bbox 3095 4576 3201 4631; x_wconf 88' lang='lat' dir='ltr'><strong>est,</strong></span> <span class='ocrx_word' id='word_1_960' title='bbox 3234 4577 3365 4623; x_wconf 90' lang='lat' dir='ltr'><strong>ante</strong></span> <span class='ocrx_word' id='word_1_961' title='bbox 3396 4566 3619 4625; x_wconf 85' lang='lat' dir='ltr'><strong>annum</strong></span> <span class='ocrx_word' id='word_1_962' title='bbox 3648 4570 3856 4627; x_wconf 87' lang='lat' dir='ltr'><strong>Christi</strong></span> 
     </span>
    </p>
   </div>
   <div class='ocr_carea' id='block_1_137' title="bbox 2230 4636 3853 4709">
    <p class='ocr_par' dir='ltr' id='par_1_137' title="bbox 2230 4636 3853 4709">
     <span class='ocr_line' id='line_1_138' title="bbox 2230 4636 3853 4709; baseline 0.002 -18"><span class='ocrx_word' id='word_1_963' title='bbox 2230 4638 2372 4700; x_wconf 74' lang='grc'><strong>284,</strong></span> <span class='ocrx_word' id='word_1_964' title='bbox 2402 4652 2523 4709; x_wconf 91' lang='lat' dir='ltr'><strong>cum</strong></span> <span class='ocrx_word' id='word_1_965' title='bbox 2559 4636 3009 4709; x_wconf 15' lang='lat' dir='ltr'><strong>ValeriaiGalcrio</strong></span> <span class='ocrx_word' id='word_1_966' title='bbox 3057 4636 3384 4693; x_wconf 77' lang='lat' dir='ltr'><strong>Maximiano</strong></span> <span class='ocrx_word' id='word_1_967' title='bbox 3404 4638 3606 4709; x_wconf 89' lang='lat' dir='ltr'><strong>juncta</strong></span> <span class='ocrx_word' id='word_1_968' title='bbox 3663 4643 3853 4697; x_wconf 81' lang='lat' dir='ltr'><strong>matri-</strong></span> 
     </span>
    </p>
   </div>
   <div class='ocr_carea' id='block_1_138' title="bbox 2233 4706 3852 4771">
    <p class='ocr_par' dir='ltr' id='par_1_138' title="bbox 2233 4706 3852 4771">
     <span class='ocr_line' id='line_1_139' title="bbox 2233 4706 3852 4771; baseline 0.002 -9"><span class='ocrx_word' id='word_1_969' title='bbox 2233 4709 2415 4762; x_wconf 91' lang='lat' dir='ltr'><strong>monio</strong></span> <span class='ocrx_word' id='word_1_970' title='bbox 2440 4708 2510 4761; x_wconf 90' lang='lat' dir='ltr'><strong>sit</strong></span> <span class='ocrx_word' id='word_1_971' title='bbox 2531 4722 2672 4760; x_wconf 88' lang='lat' dir='ltr'><strong>anno</strong></span> <span class='ocrx_word' id='word_1_972' title='bbox 2691 4706 2819 4771; x_wconf 75' lang='lat'><strong>295,</strong></span> <span class='ocrx_word' id='word_1_973' title='bbox 2848 4707 3020 4760; x_wconf 73' lang='lat' dir='ltr'><strong>mtatis</strong></span> <span class='ocrx_word' id='word_1_974' title='bbox 3046 4722 3161 4763; x_wconf 66' lang='lat' dir='ltr'><strong>sua:</strong></span> <span class='ocrx_word' id='word_1_975' title='bbox 3197 4716 3256 4763; x_wconf 94' lang='lat' dir='ltr'><strong>ut</strong></span> <span class='ocrx_word' id='word_1_976' title='bbox 3294 4706 3601 4766; x_wconf 84' lang='lat' dir='ltr'><strong>minimum</strong></span> <span class='ocrx_word' id='word_1_977' title='bbox 3646 4713 3852 4769; x_wconf 83' lang='lat' dir='ltr'><strong>duode-</strong></span> 
     </span>
    </p>
   </div>
   <div class='ocr_carea' id='block_1_139' title="bbox 2233 4778 3855 4852">
    <p class='ocr_par' dir='ltr' id='par_1_139' title="bbox 2233 4778 3855 4852">
     <span class='ocr_line' id='line_1_140' title="bbox 2233 4778 3855 4852; baseline 0.004 -19"><span class='ocrx_word' id='word_1_978' title='bbox 2233 4781 2393 4833; x_wconf 89' lang='lat' dir='ltr'><strong>cimo.</strong></span> <span class='ocrx_word' id='word_1_979' title='bbox 2431 4778 2637 4852; x_wconf 72' lang='lat' dir='ltr'><strong>vixisse</strong></span> <span class='ocrx_word' id='word_1_980' title='bbox 2662 4786 2838 4831; x_wconf 90' lang='lat' dir='ltr'><strong>autem</strong></span> <span class='ocrx_word' id='word_1_981' title='bbox 2872 4786 2988 4852; x_wconf 77' lang='lat' dir='ltr'><strong>tum</strong></span> <span class='ocrx_word' id='word_1_982' title='bbox 3029 4778 3271 4833; x_wconf 83' lang='lat' dir='ltr'><strong>Priscam</strong></span> <span class='ocrx_word' id='word_1_983' title='bbox 3298 4789 3538 4835; x_wconf 90' lang='lat' dir='ltr'><strong>matrem</strong></span> <span class='ocrx_word' id='word_1_984' title='bbox 3574 4783 3702 4852; x_wconf 91' lang='lat' dir='ltr'><strong>ejus</strong></span> <span class='ocrx_word' id='word_1_985' title='bbox 3732 4785 3855 4839; x_wconf 83' lang='lat' dir='ltr'><strong>hinc</strong></span> 
     </span>
    </p>
   </div>
   <div class='ocr_carea' id='block_1_140' title="bbox 2232 4845 3857 4920">
    <p class='ocr_par' dir='ltr' id='par_1_140' title="bbox 2232 4845 3857 4920">
     <span class='ocr_line' id='line_1_141' title="bbox 2232 4845 3857 4920; baseline 0.004 -17"><span class='ocrx_word' id='word_1_986' title='bbox 2232 4860 2381 4904; x_wconf 87' lang='lat' dir='ltr'><strong>certo</strong></span> <span class='ocrx_word' id='word_1_987' title='bbox 2427 4845 2902 4920; x_wconf 11' lang='lat' dir='ltr'><strong>colligitur-,7quodg</strong></span> <span class='ocrx_word' id='word_1_988' title='bbox 2937 4847 3029 4901; x_wconf 93' lang='lat' dir='ltr'><strong>diu</strong></span> <span class='ocrx_word' id='word_1_989' title='bbox 3072 4858 3259 4917; x_wconf 89' lang='lat' dir='ltr'><strong>postea</strong></span> <span class='ocrx_word' id='word_1_990' title='bbox 3289 4862 3585 4920; x_wconf 87' lang='lat' dir='ltr'><strong>superstes</strong></span> <span class='ocrx_word' id='word_1_991' title='bbox 3606 4845 3732 4909; x_wconf 59' lang='lat' dir='ltr'><strong>&#39;fuit</strong></span> <span class='ocrx_word' id='word_1_992' title='bbox 3754 4897 3772 4920; x_wconf 92' lang='lat'><strong>,</strong></span> <span class='ocrx_word' id='word_1_993' title='bbox 3804 4865 3857 4909; x_wconf 84' lang='lat' dir='ltr'><strong>et</strong></span> 
     </span>
    </p>
   </div>
   <div class='ocr_carea' id='block_1_141' title="bbox 2233 4918 3855 4993">
    <p class='ocr_par' dir='ltr' id='par_1_141' title="bbox 2233 4918 3855 4993">
     <span class='ocr_line' id='line_1_142' title="bbox 2233 4918 3855 4993; baseline 0.005 -21"><span class='ocrx_word' id='word_1_994' title='bbox 2233 4927 2606 4993; x_wconf 25' lang='lat' dir='ltr'><strong>anno-tantum</strong></span> <span class='ocrx_word' id='word_1_995' title='bbox 2654 4918 3033 4993; x_wconf 60' lang='lat' dir='ltr'><strong>315_entin_c_ta</strong></span> <span class='ocrx_word' id='word_1_996' title='bbox 3063 4927 3153 4993; x_wconf 77' lang='lat' dir='ltr'><strong>est</strong></span> <span class='ocrx_word' id='word_1_997' title='bbox 3186 4918 3662 4993; x_wconf 62' lang='lat' dir='ltr'><strong>postvictoriam,</strong></span> <span class='ocrx_word' id='word_1_998' title='bbox 3695 4918 3855 4993; x_wconf 85' lang='lat' dir='ltr'><strong>quam</strong></span> 
     </span>
    </p>
   </div>
   <div class='ocr_carea' id='block_1_142' title="bbox 2238 4986 3858 5057">
    <p class='ocr_par' dir='ltr' id='par_1_142' title="bbox 2238 4986 3858 5057">
     <span class='ocr_line' id='line_1_143' title="bbox 2238 4986 3858 5057; baseline 0.002 -11"><span class='ocrx_word' id='word_1_999' title='bbox 2238 4990 2472 5046; x_wconf 82' lang='lat' dir='ltr'><strong>Licinius</strong></span> <span class='ocrx_word' id='word_1_1000' title='bbox 2510 4990 2807 5057; x_wconf 89' lang='lat' dir='ltr'><strong>reportavit</strong></span> <span class='ocrx_word' id='word_1_1001' title='bbox 2835 4986 2903 5042; x_wconf 87' lang='lat' dir='ltr'><strong>de</strong></span> <span class='ocrx_word' id='word_1_1002' title='bbox 2942 4986 3254 5045; x_wconf 80' lang='lat' dir='ltr'><strong>Maximino.</strong></span> <span class='ocrx_word' id='word_1_1003' title='bbox 3310 4991 3442 5046; x_wconf 67' lang='lat' dir='ltr'><strong>Hmc</strong></span> <span class='ocrx_word' id='word_1_1004' title='bbox 3491 4986 3858 5051; x_wconf 80' lang='lat' dir='ltr'><strong>monumenta</strong></span> 
     </span>
    </p>
   </div>
   <div class='ocr_carea' id='block_1_143' title="bbox 2240 5059 3856 5122">
    <p class='ocr_par' dir='ltr' id='par_1_143' title="bbox 2240 5059 3856 5122">
     <span class='ocr_line' id='line_1_144' title="bbox 2240 5059 3856 5122; baseline 0.003 -6"><span class='ocrx_word' id='word_1_1005' title='bbox 2240 5077 2345 5116; x_wconf 92' lang='lat' dir='ltr'><strong>non</strong></span> <span class='ocrx_word' id='word_1_1006' title='bbox 2402 5069 2644 5113; x_wconf 84' lang='lat' dir='ltr'><strong>senserat</strong></span> <span class='ocrx_word' id='word_1_1007' title='bbox 2682 5059 3073 5113; x_wconf 91' lang='lat' dir='ltr'><strong>illustrissimus</strong></span> <span class='ocrx_word' id='word_1_1008' title='bbox 3112 5059 3404 5116; x_wconf 90' lang='lat' dir='ltr'><strong>Annalium</strong></span> <span class='ocrx_word' id='word_1_1009' title='bbox 3444 5065 3856 5122; x_wconf 82' lang='lat' dir='ltr'><strong>ecclesiastico-</strong></span> 
     </span>
    </p>
   </div>
   <div class='ocr_carea' id='block_1_144' title="bbox 2242 5128 3851 5207">
    <p class='ocr_par' dir='ltr' id='par_1_144' title="bbox 2242 5128 3851 5207">
     <span class='ocr_line' id='line_1_145' title="bbox 2242 5128 3851 5207; baseline 0.001 -19"><span class='ocrx_word' id='word_1_1010' title='bbox 2242 5148 2360 5207; x_wconf 87' lang='lat' dir='ltr'><strong>rum</strong></span> <span class='ocrx_word' id='word_1_1011' title='bbox 2390 5130 2653 5207; x_wconf 80' lang='lat' dir='ltr'><strong>conditor,</strong></span> <span class='ocrx_word' id='word_1_1012' title='bbox 2676 5128 2978 5207; x_wconf 74' lang='lat' dir='ltr'><strong>Cardinalis</strong></span> <span class='ocrx_word' id='word_1_1013' title='bbox 3017 5130 3283 5207; x_wconf 65' lang='lat' dir='ltr'><strong>Daronius</strong></span> <span class='ocrx_word' id='word_1_1014' title='bbox 3306 5151 3321 5187; x_wconf 84' lang='lat'><strong>:</strong></span> <span class='ocrx_word' id='word_1_1015' title='bbox 3345 5142 3404 5207; x_wconf 88' lang='lat' dir='ltr'><strong>e_t</strong></span> <span class='ocrx_word' id='word_1_1016' title='bbox 3436 5144 3631 5191; x_wconf 86' lang='lat' dir='ltr'><strong>tamen</strong></span> <span class='ocrx_word' id='word_1_1017' title='bbox 3678 5139 3851 5207; x_wconf 73' lang='grc' dir='ltr'><strong>ειιειιὶο</strong></span> 
     </span>
    </p>
   </div>
   <div class='ocr_carea' id='block_1_145' title="bbox 2243 5199 3850 5275">
    <p class='ocr_par' dir='ltr' id='par_1_145' title="bbox 2243 5199 3850 5275">
     <span class='ocr_line' id='line_1_146' title="bbox 2243 5199 3850 5275; baseline 0.002 -18"><span class='ocrx_word' id='word_1_1018' title='bbox 2243 5203 2464 5275; x_wconf 84' lang='lat' dir='ltr'><strong>cabatur</strong></span> <span class='ocrx_word' id='word_1_1019' title='bbox 2492 5201 2698 5275; x_wconf 82' lang='lat' dir='ltr'><strong>futuros</strong></span> <span class='ocrx_word' id='word_1_1020' title='bbox 2716 5241 2730 5265; x_wconf 94' lang='lat'><strong>,</strong></span> <span class='ocrx_word' id='word_1_1021' title='bbox 2757 5200 2847 5269; x_wconf 88' lang='lat' dir='ltr'><strong>qui</strong></span> <span class='ocrx_word' id='word_1_1022' title='bbox 2876 5215 2993 5254; x_wconf 90' lang='lat' dir='ltr'><strong>eam</strong></span> <span class='ocrx_word' id='word_1_1023' title='bbox 3016 5199 3085 5255; x_wconf 91' lang='lat' dir='ltr'><strong>de</strong></span> <span class='ocrx_word' id='word_1_1024' title='bbox 3118 5200 3325 5275; x_wconf 83' lang='lat' dir='ltr'><strong>Serena</strong></span> <span class='ocrx_word' id='word_1_1025' title='bbox 3353 5202 3620 5275; x_wconf 80' lang='lat' dir='ltr'><strong>Augusta</strong></span> <span class='ocrx_word' id='word_1_1026' title='bbox 3675 5199 3850 5264; x_wconf 73' lang='lat' dir='ltr'><strong>llisio-</strong></span> 
     </span>
    </p>
   </div>
   <div class='ocr_carea' id='block_1_146' title="bbox 2242 5271 3857 5345">
    <p class='ocr_par' dir='ltr' id='par_1_146' title="bbox 2242 5271 3857 5345">
     <span class='ocr_line' id='line_1_147' title="bbox 2242 5271 3857 5345; baseline 0.002 -17"><span class='ocrx_word' id='word_1_1027' title='bbox 2242 5274 2377 5329; x_wconf 84' lang='lat' dir='ltr'><strong>riam</strong></span> <span class='ocrx_word' id='word_1_1028' title='bbox 2396 5272 2459 5345; x_wconf 81' lang='lat' dir='ltr'><strong>in</strong></span> <span class='ocrx_word' id='word_1_1029' title='bbox 2488 5271 2707 5345; x_wconf 81' lang='lat' dir='ltr'><strong>dubium</strong></span> <span class='ocrx_word' id='word_1_1030' title='bbox 2732 5279 3069 5337; x_wconf 89' lang='lat' dir='ltr'><strong>revocarent,</strong></span> <span class='ocrx_word' id='word_1_1031' title='bbox 3099 5273 3243 5342; x_wconf 92' lang='lat' dir='ltr'><strong>quod</strong></span> <span class='ocrx_word' id='word_1_1032' title='bbox 3268 5274 3421 5345; x_wconf 84' lang='lat' dir='ltr'><strong>nulla</strong></span> <span class='ocrx_word' id='word_1_1033' title='bbox 3452 5271 3692 5345; x_wconf 75' lang='lat' dir='ltr'><strong>penitus</strong></span> <span class='ocrx_word' id='word_1_1034' title='bbox 3713 5280 3781 5335; x_wconf 88' lang='lat' dir='ltr'><strong>de</strong></span> <span class='ocrx_word' id='word_1_1035' title='bbox 3800 5295 3857 5333; x_wconf 85' lang='lat' dir='ltr'><strong>ea</strong></span> 
     </span>
    </p>
   </div>
   <div class='ocr_carea' id='block_1_147' title="bbox 2244 5341 3859 5416">
    <p class='ocr_par' dir='ltr' id='par_1_147' title="bbox 2244 5341 3859 5416">
     <span class='ocr_line' id='line_1_148' title="bbox 2244 5341 3859 5416; baseline 0.003 -19"><span class='ocrx_word' id='word_1_1036' title='bbox 2244 5343 2446 5398; x_wconf 90' lang='lat' dir='ltr'><strong>mentio</strong></span> <span class='ocrx_word' id='word_1_1037' title='bbox 2466 5341 2607 5416; x_wconf 79' lang='lat' dir='ltr'><strong>alibi</strong></span> <span class='ocrx_word' id='word_1_1038' title='bbox 2625 5342 2904 5416; x_wconf 81' lang='lat' dir='ltr'><strong>habeatur,</strong></span> <span class='ocrx_word' id='word_1_1039' title='bbox 2934 5341 3287 5416; x_wconf 39' lang='lat' dir='ltr'><strong>neque’apud</strong></span> <span class='ocrx_word' id='word_1_1040' title='bbox 3318 5341 3642 5416; x_wconf 81' lang='lat' dir='ltr'><strong>scriptores</strong></span> <span class='ocrx_word' id='word_1_1041' title='bbox 3690 5351 3859 5405; x_wconf 83' lang='lat' dir='ltr'><strong>ethni-</strong></span> 
     </span>
    </p>
   </div>
   <div class='ocr_carea' id='block_1_148' title="bbox 2244 5411 3857 5491">
    <p class='ocr_par' dir='ltr' id='par_1_148' title="bbox 2244 5411 3857 5491">
     <span class='ocr_line' id='line_1_149' title="bbox 2244 5411 3857 5491; baseline 0.004 -24"><span class='ocrx_word' id='word_1_1042' title='bbox 2244 5427 2567 5491; x_wconf 78' lang='lat' dir='ltr'><strong>cos_,__uequ_e</strong></span> <span class='ocrx_word' id='word_1_1043' title='bbox 2596 5411 2649 5465; x_wconf 93' lang='lat' dir='ltr'><strong>in</strong></span> <span class='ocrx_word' id='word_1_1044' title='bbox 2677 5412 2911 5491; x_wconf 80' lang='lat' dir='ltr'><strong>antiquis</strong></span> <span class='ocrx_word' id='word_1_1045' title='bbox 2936 5411 3539 5491; x_wconf 50' lang='lat' dir='ltr'><strong>inscriptionibus;_&#39;ac</strong></span> <span class='ocrx_word' id='word_1_1046' title='bbox 3600 5430 3857 5491; x_wconf 85' lang='lat' dir='ltr'><strong>tanquam</strong></span> 
     </span>
    </p>
   </div>
   <div class='ocr_carea' id='block_1_149' title="bbox 2242 5482 3856 5555">
    <p class='ocr_par' dir='ltr' id='par_1_149' title="bbox 2242 5482 3856 5555">
     <span class='ocr_line' id='line_1_150' title="bbox 2242 5482 3856 5555; baseline 0.006 -18"><span class='ocrx_word' id='word_1_1047' title='bbox 2242 5484 2292 5537; x_wconf 92' lang='lat' dir='ltr'><strong>ei</strong></span> <span class='ocrx_word' id='word_1_1048' title='bbox 2320 5482 2646 5555; x_wconf 80' lang='lat' dir='ltr'><strong>difficillima:</strong></span> <span class='ocrx_word' id='word_1_1049' title='bbox 2670 5482 2959 5555; x_wconf 63' lang='lat' dir='ltr'><strong>quaestioni</strong></span> <span class='ocrx_word' id='word_1_1050' title='bbox 3005 5482 3170 5539; x_wconf 91' lang='lat' dir='ltr'><strong>finem</strong></span> <span class='ocrx_word' id='word_1_1051' title='bbox 3200 5485 3590 5555; x_wconf 84' lang='lat' dir='ltr'><strong>imposuisset,</strong></span> <span class='ocrx_word' id='word_1_1052' title='bbox 3625 5482 3856 5546; x_wconf 78' lang='lat' dir='ltr'><strong>interro-</strong></span> 
     </span>
    </p>
   </div>
   <div class='ocr_carea' id='block_1_150' title="bbox 2241 5553 3857 5623">
    <p class='ocr_par' dir='ltr' id='par_1_150' title="bbox 2241 5553 3857 5623">
     <span class='ocr_line' id='line_1_151' title="bbox 2241 5553 3857 5623; baseline 0.005 -17"><span class='ocrx_word' id='word_1_1053' title='bbox 2241 5562 2329 5623; x_wconf 88' lang='lat' dir='ltr'><strong>gat</strong></span> <span class='ocrx_word' id='word_1_1054' title='bbox 2357 5553 2697 5616; x_wconf 86' lang='lat' dir='ltr'><strong>litteratulos,</strong></span> <span class='ocrx_word' id='word_1_1055' title='bbox 2728 5553 2772 5606; x_wconf 89' lang='lat' dir='ltr'><strong>si</strong></span> <span class='ocrx_word' id='word_1_1056' title='bbox 2807 5553 2888 5607; x_wconf 87' lang='lat' dir='ltr'><strong>bis</strong></span> <span class='ocrx_word' id='word_1_1057' title='bbox 2934 5554 3217 5620; x_wconf 88' lang='lat' dir='ltr'><strong>displiceat</strong></span> <span class='ocrx_word' id='word_1_1058' title='bbox 3247 5553 3451 5610; x_wconf 88' lang='lat' dir='ltr'><strong>nomen</strong></span> <span class='ocrx_word' id='word_1_1059' title='bbox 3486 5553 3734 5616; x_wconf 77' lang='lat' dir='ltr'><strong>Serena:</strong></span> <span class='ocrx_word' id='word_1_1060' title='bbox 3760 5565 3857 5617; x_wconf 52' lang='lat' dir='ltr'><strong>Au.</strong></span> 
     </span>
    </p>
   </div>
   <div class='ocr_carea' id='block_1_151' title="bbox 2241 5625 3859 5691">
    <p class='ocr_par' dir='ltr' id='par_1_151' title="bbox 2241 5625 3859 5691">
     <span class='ocr_line' id='line_1_152' title="bbox 2241 5625 3859 5691; baseline 0.004 -13"><span class='ocrx_word' id='word_1_1061' title='bbox 2241 5634 2432 5691; x_wconf 71' lang='lat' dir='ltr'><strong>guslw,</strong></span> <span class='ocrx_word' id='word_1_1062' title='bbox 2458 5635 2513 5677; x_wconf 91' lang='lat' dir='ltr'><strong>ut</strong></span> <span class='ocrx_word' id='word_1_1063' title='bbox 2534 5626 2711 5678; x_wconf 81' lang='lat' dir='ltr'><strong>diCant</strong></span> <span class='ocrx_word' id='word_1_1064' title='bbox 2732 5639 2964 5690; x_wconf 84' lang='lat' dir='ltr'><strong>quonam</strong></span> <span class='ocrx_word' id='word_1_1065' title='bbox 2994 5625 3101 5679; x_wconf 88' lang='lat' dir='ltr'><strong>alio</strong></span> <span class='ocrx_word' id='word_1_1066' title='bbox 3124 5626 3342 5679; x_wconf 87' lang='lat' dir='ltr'><strong>nomine</strong></span> <span class='ocrx_word' id='word_1_1067' title='bbox 3374 5627 3717 5685; x_wconf 84' lang='lat' dir='ltr'><strong>Diocletiani</strong></span> <span class='ocrx_word' id='word_1_1068' title='bbox 3742 5650 3859 5687; x_wconf 87' lang='lat' dir='ltr'><strong>con-</strong></span> 
     </span>
    </p>
   </div>
   <div class='ocr_carea' id='block_1_152' title="bbox 2236 5694 3857 5767">
    <p class='ocr_par' dir='ltr' id='par_1_152' title="bbox 2236 5694 3857 5767">
     <span class='ocr_line' id='line_1_153' title="bbox 2236 5694 3857 5767; baseline 0.006 -20"><span class='ocrx_word' id='word_1_1069' title='bbox 2236 5694 2332 5764; x_wconf 83' lang='lat' dir='ltr'><strong>jux</strong></span> <span class='ocrx_word' id='word_1_1070' title='bbox 2353 5698 2584 5767; x_wconf 72' lang='lat' dir='ltr'><strong>Angusta</strong></span> <span class='ocrx_word' id='word_1_1071' title='bbox 2602 5695 2674 5767; x_wconf 80' lang='lat' dir='ltr'><strong>ab</strong></span> <span class='ocrx_word' id='word_1_1072' title='bbox 2694 5694 3085 5762; x_wconf 79' lang='lat' dir='ltr'><strong>antiquioribus</strong></span> <span class='ocrx_word' id='word_1_1073' title='bbox 3109 5697 3249 5749; x_wconf 88' lang='lat' dir='ltr'><strong>dicta</strong></span> <span class='ocrx_word' id='word_1_1074' title='bbox 3279 5696 3633 5767; x_wconf 87' lang='lat' dir='ltr'><strong>inveniatur,</strong></span> <span class='ocrx_word' id='word_1_1075' title='bbox 3666 5715 3723 5758; x_wconf 88' lang='lat' dir='ltr'><strong>et</strong></span> <span class='ocrx_word' id='word_1_1076' title='bbox 3750 5717 3857 5757; x_wconf 86' lang='lat' dir='ltr'><strong>cum</strong></span> 
     </span>
    </p>
   </div>
   <div class='ocr_carea' id='block_1_153' title="bbox 2241 5765 3858 5830">
    <p class='ocr_par' dir='ltr' id='par_1_153' title="bbox 2241 5765 3858 5830">
     <span class='ocr_line' id='line_1_154' title="bbox 2241 5765 3858 5830; baseline 0.006 -13"><span class='ocrx_word' id='word_1_1077' title='bbox 2241 5781 2347 5819; x_wconf 92' lang='lat' dir='ltr'><strong>non</strong></span> <span class='ocrx_word' id='word_1_1078' title='bbox 2378 5765 2714 5829; x_wconf 85' lang='lat' dir='ltr'><strong>invenerint,</strong></span> <span class='ocrx_word' id='word_1_1079' title='bbox 2758 5779 2864 5819; x_wconf 92' lang='lat' dir='ltr'><strong>non</strong></span> <span class='ocrx_word' id='word_1_1080' title='bbox 2902 5767 3100 5821; x_wconf 77' lang='lat' dir='ltr'><strong>faciant</strong></span> <span class='ocrx_word' id='word_1_1081' title='bbox 3129 5768 3199 5822; x_wconf 89' lang='lat' dir='ltr'><strong>de</strong></span> <span class='ocrx_word' id='word_1_1082' title='bbox 3253 5770 3484 5825; x_wconf 88' lang='lat' dir='ltr'><strong>nomine</strong></span> <span class='ocrx_word' id='word_1_1083' title='bbox 3533 5765 3858 5830; x_wconf 79' lang='lat' dir='ltr'><strong>controver-</strong></span> 
     </span>
    </p>
   </div>
   <div class='ocr_carea' id='block_1_154' title="bbox 2239 5834 3860 5911">
    <p class='ocr_par' dir='ltr' id='par_1_154' title="bbox 2239 5834 3860 5911">
     <span class='ocr_line' id='line_1_155' title="bbox 2239 5834 3860 5911; baseline 0.006 -20"><span class='ocrx_word' id='word_1_1084' title='bbox 2239 5836 2396 5892; x_wconf 88' lang='lat' dir='ltr'><strong>siam.</strong></span> <span class='ocrx_word' id='word_1_1085' title='bbox 2433 5834 2775 5893; x_wconf 84' lang='lat' dir='ltr'><strong>Satisfactum</strong></span> <span class='ocrx_word' id='word_1_1086' title='bbox 2822 5846 2904 5892; x_wconf 86' lang='lat' dir='ltr'><strong>est</strong></span> <span class='ocrx_word' id='word_1_1087' title='bbox 2941 5838 3099 5911; x_wconf 84' lang='lat' dir='ltr'><strong>igitur</strong></span> <span class='ocrx_word' id='word_1_1088' title='bbox 3126 5839 3598 5910; x_wconf 63' lang='lat' dir='ltr'><strong>{cumulatissime</strong></span> <span class='ocrx_word' id='word_1_1089' title='bbox 3636 5846 3860 5905; x_wconf 78' lang='lat' dir='ltr'><strong>intenu-</strong></span> 
     </span>
    </p>
   </div>
  </div>
