3960 6366
123 324 211 386 32-l

822 316 1033 378 NOTAE
1073 319 1138 378 IN
1179 318 1309 379 LIB.
1351 322 1440 379 DE
1476 315 1825 380 MOR'I‘IBUS
1862 315 2247 381 PERSECUT.
2288 322 2444 381 CAP.
2489 321 2627 383 XVI.

3266 328 3374 390 322

122 437 296 515 gationi
323 434 455 506 ejus.
488 425 700 515 DejcCta
746 433 1307 515 itaqucmsnpposititia
1335 435 1422 490 illa
1460 436 1673 515 Diocle-
1700 440 1755 499 Α
1780 436 2175 515 innumeraltiles
2221 437 2415 492 uinctos
2458 449 2505 515 et
2552 438 2759 515 scaphis
2796 440 3061 515 impositos
3104 446 3376 515 carniﬁces

124 504 235 566 iiani
260 504 452 578 uxore,
471 506 863 578 videamtts__an
915 504 1252 573 Eicutheria,
1279 523 1438 578 quam
1464 509 1544 562 vir
1564 508 1677 563 cla-

124 582 338 637 rissimus
366 618 380 645 ,
415 576 711 631 Hadrianus
752 575 995 632 Valesius
1025 578 1075 630 in
1108 575 1421 634 defensione
1466 578 1677 647 discep-

124 652 314 707 tationis
338 664 443 704 sua!
470 647 537 702 de
580 647 824 702 Basilicis
874 662 1096 703 uxorem
1148 650 1462 707 Diocletiani
1513 650 1679 706 fuisse

124 722 310 793 collegit
339 735 400 775 ex
430 718 547 774 Vita
571 717 744 793 Vigilii
766 733 936 793 papae,
962 734 1080 788 quae
1104 728 1252 775 extat
1278 722 1329 775 in
1354 721 1519 793 gestis
1547 736 1680 793 pon-

127 790 398 858 tiﬁcalibus,
425 805 542 860 qua:
565 791 725 860 vulgo
755 790 1059 845 tribuuntur
1088 790 1680 847 AnastasioBibliothe-

125 867 269 929 cario,
295 876 414 917 vere
447 860 758 933 Diocletiani
786 876 926 916 uxor
973 860 1154 933 fuerit.
1189 861 1421 918 Venerat
1454 862 1681 933 Vigilius

123 930 609 1002 Constantinopolim
636 946 703 986 ex
734 942 1004 1002 praicepto
1031 931 1316 988 Jusuniani
1341 945 1395 989 et
1426 930 1679 990 Theodo-

125 1021 219 1085 rae;
240 1014 312 1085 _e_t,
334 1017 452 1060 cum
474 1001 543 1056 ad
565 1001 933 1085 ea_cogeretur
957 1019 1078 1085 quae
1104 1003 1290 1085 facere
1305 1006 1536 1085 nolebat,
1568 1005 1676 1059 ait:

128 1075 186 1132 Ut
209 1076 357 1141 video,
384 1090 484 1128 non
503 1089 584 1127 me
610 1077 838 1145 fecerunt
876 1075 1044 1129 uenire
1082 1075 1152 1128 ad
1170 1092 1223 1129 se
1259 1075 1589 1130 Justinianus
1635 1085 1682 1130 et

125 1147 367 1202 Theodoro
383 1145 596 1217 piissimi
611 1146 888 1217 principes,
918 1145 1021 1217 sed,
1037 1147 1188 1200 hodie
1214 1147 1319 1201 scio
1334 1146 1471 1217 quod
1487 1145 1684 1201 Diocle-

124 1220 294 1271 tianum
320 1226 365 1271 et
385 1215 733 1270 Eleutherium
761 1218 949 1270 inveni.
983 1216 1060 1271 Ex
1087 1217 1188 1271 hoc
1211 1215 1391 1287 itaque
1420 1218 1538 1272 loco
1564 1218 1681 1272 col-

125 1290 234 1358 legit
252 1288 326 1342 vir
346 1287 434 1342 ille
453 1287 789 1358 clarissimus
813 1287 1173 1343 Eleutheriam
1214 1289 1524 1343 Diocletiani
1551 1303 1684 1343 uxo-

123 1357 221 1414 rem
246 1358 417 1421 fuisse,
446 1357 592 1429 quod
622 1367 829 1413 certum
851 1358 921 1412 sit
950 1359 1057 1413 illic
1082 1360 1537 1429 comparationem
1586 1359 1711 1413 in-.

123 1431 250 1484 stitui
300 1431 432 1484 inter
468 1427 831 1483 Justinianum
871 1440 925 1484 et
961 1427 1380 1495 Diocletianum,
1437 1439 1492 1485 et
1544 1431 1685 1485 inter

124 1500 428 1556 Theodoram
445 1499 730 1555 Justiniani
748 1500 1030 1570 eonjugem
1053 1509 1107 1556 et
1123 1500 1510 1566 Eleutheriam,
1530 1516 1685 1570 prop-

123 1582 250 1627 terea
282 1570 591 1644 Diocletiani
622 1586 865 1644 uxorem.
892 1570 1090 1627 Verum
1114 1588 1182 1644 ex
1211 1573 1686 1644 argumentisun

122 1644 353 1698 adversus
384 1641 648 1697 Serenum
690 1643 852 1698 allata
894 1653 1019 1698 sunt
1065 1641 1298 1698 efficitui
1325 1645 1486 1699 etiam
1524 1641 1685 1697 Eleu-

125 1716 343 1780 theriam,
373 1714 487 1769 sive
515 1711 861 1779 Lutheriam,
894 1723 947 1768 ut
974 1722 1056 1769 est
1087 1714 1140 1768 in
1183 1715 1549 1770 vetustissimo
1591 1728 1688 1769 co.

123 1785 224 1839 dice
244 1784 598 1854 ntanuscripto
610 1782 719 1840 417
733 1785 1072 1840 bibliotheca:
1086 1783 1432 1851 Colbertinaa,
1446 1794 1537 1839 aut
1548 1784 1687 1839 Leu-

125 1858 339 1927 therem,
382 1855 657 1927 quomodo
710 1855 968 1927 scriptum
1023 1856 1216 1927 legitur
1258 1856 1310 1910 in
1359 1856 1547 1912 codice
1586 1854 1692 1911 755

124 1925 433 1982 bibliothecae
450 1926 639 1997 regiae,
663 1942 769 1982 non
790 1926 955 1982 fuisse
978 1925 1201 1983 uxorem
1222 1927 1557 1992 Diocletiani,
1571 1941 1692 1981 cum

125 2007 305 2052 certum
330 1999 418 2064 sit,
441 2007 498 2051 ut
522 2008 682 2052 antea
706 1998 840 2060 dixi.
872 1998 1071 2052 nullam
1111 1998 1272 2053 aliam
1302 2013 1428 2053 eum
1467 2012 1693 2054 uxorem

126 2068 351 2123 habuisse
386 2083 547 2139 quam
592 2067 865 2139 Priscam,
911 2078 1025 2123 toto
1056 2069 1387 2139 principatus
1422 2070 1503 2123 sui
1552 2079 1695 2124 tem-

126 2152 259 2220 pore.
287 2138 495 2220 Erravit
513 2154 647 2220 ergo
678 2138 901 2220 Vigilius
931 2140 984 2194 in
1006 2138 1262 2220 linisto-ria,
1289 2149 1385 2220 aut
1408 2149 1695 2220 cogruptus

126 2209 172 2263 in
196 2209 285 2265 hoc
315 2210 430 2265 loco
450 2220 535 2267 eat
565 2209 855 2266 Gestorum
882 2209 1265 2280 pontificalium
1291 2210 1445 2265 liber.
1474 2211 1615 2266 Sane
1641 2212 1693 2266 in

126 2282 303 2352 codice
315 2281 417 2336 756
444 2281 692 2352 ejusdem
722 2281 1064 2352 bibliothecae
1084 2280 1406 2337 Colbertina:
1424 2282 1495 2335 ita
1527 2281 1694 2343 habe-

128 2361 202 2406 tur
229 2370 241 2407 :
272 2350 374 2407 Sed
394 2350 549 2407 hodie
571 2352 681 2407 scio
709 2354 846 2419 quod
876 2351 1254 2407 Diocletianum
1279 2361 1327 2406 et
1353 2352 1587 2419 Decium,
1618 2353 1696 2407 vel

127 2420 425 2478 Leutherium
473 2424 666 2478 inveni.
707 2420 826 2494 Jam
851 2439 979 2494 ergo
1018 2422 1242 2494 faemiua
1290 2424 1377 2478 illa
1419 2425 1470 2478 in
1520 2423 1694 2479 virum

124 2504 302 2565 mutata
326 2504 437 2565 eat.
455 2494 632 2549 Porro
658 2510 723 2549 ex
751 2493 834 2549 his
855 2493 975 2565 quae
1011 2493 1273 2549 hactenus
1294 2494 1435 2549 dicta
1478 2502 1605 2549 sunt
1627 2495 1695 2549 de

124 2564 302 2620 Serena
329 2574 384 2620 et
428 2564 745 2621 Eleutheria
801 2564 956 2621 facile
998 2565 1251 2635 colligere
1298 2566 1468 2635 quivis
1522 2574 1696 2634 potest

123 2651 225 2704 qua:
254 2636 378 2691 fides
401 2635 709 2691 adhibenda
734 2638 807 2692 sit
833 2636 1084 2693 Historiae
1113 2635 1284 2691 sancti
1310 2635 1524 2705 Georgii
1553 2635 1696 2691 Mar-

126 2705 258 2778 tyris,
281 2707 332 2778 in
352 2723 456 2778 qua
481 2707 743 2776 scriptum
774 2715 857 2763 est
880 2706 1241 2778 Alexandram
1276 2706 1692 2775 imperatricem,

124 2775 415 2849 Diocletiani
441 2775 756 2848 conjugem,
783 2779 901 2833 viso
924 2777 1157 2849 quodam
1205 2778 1398 2848 insigni
1436 2778 1696 2833 miraculo

120 2846 166 2921 in
192 2862 404 2921 persona
436 2846 692 2921 Martyris
714 2846 1040 2919 perpetrato,
1062 2846 1352 2921 veritatem
1375 2849 1660 2921 agnovisse
1677 2888 1694 2915 ,

120 2917 164 2972 id
189 2927 284 2984 est,
310 2920 509 2975 Christi
559 2917 723 2974 tidem
761 2917 882 2975 esse
933 2920 1255 2989 amplexam.
1292 2919 1418 2974 Ilaec
1446 2919 1693 2974 nimirum

120 3000 193 3061 est
233 2990 560 3061 Alexandra,
616 2990 934 3061 Diocletiani
963 2990 1158 3059 conjux
1183 3032 1196 3053 ,
1235 2999 1408 3044 mater
1453 2990 1696 3061 conjugis

124 3057 401 3132 Maximiani
424 3104 440 3128 ,
465 3071 525 3117 ut
554 3060 863 3118 referturin
889 3061 1005 3116 Vita
1031 3057 1273 3130 ejusdem
1302 3057 1568 3132 Georgii,'
1596 3057 1694 3117 c'u-

119 3129 194 3202 jus
217 3131 569 3202 fragmentum
602 3133 656 3186 in
679 3140 824 3186 temo
855 3133 1011 3188 tertio
1036 3129 1260 3202 Aprilis,
1286 3147 1405 3202 pag.
1428 3129 1553 3200 {03,
1583 3133 1694 3188 edi—

1717 1826 1767 1888 B

1780 507 2168 589 in_pro]_'ttndunt
2195 524 2334 563 mare
2359 507 2807 589 proiecere-Idem
2838 507 2891 566 in
2918 513 3057 589 libro
3079 515 3147 571 de
3174 507 3373 589 Marty-

1780 578 1936 658 ribus
1953 578 2278 658 Palaestinae,
2305 594 2425 658 cap.
2446 578 2520 658 6,_
2538 596 2765 658 narrans
2791 587 3111 658 martyrium
3145 578 3376 658 gAgapii,

1781 652 1863 724 ait_
1884 649 2031 703 illum
2054 650 2309 721 appensis
2326 649 2394 705 ad
2421 651 2586 720 pedes
2602 652 2720 722 ejus
2742 649 3012 724 lapidibus
3035 649 3374 715 medicin-tari

1781 719 2288 777 submersum'esse.

1858 789 2028 845 Homo
2057 808 2160 846 non
2184 792 2313 846 adeo
2341 791 2582 848 clemens.
2637 793 2948 852 Herculium
2998 796 3380 857 Maximianum

1784 859 1951 917 fuisse
1978 863 2250 918 hominem
2278 876 2563 931 asperum,
2596 865 2874 922 crudelem
2918 883 2981 922 ac
3026 870 3379 928 inhumanum

1784 932 2002 1007 tradunt
2022 935 2219 989 vetusti
2238 932 2562 1004 Scriptores.
2589 935 2900 1007 Eutropius,
2929 938 3021 993 lib.
3046 956 3101 995 ιχ
3131 958 3142 993 :
3180 941 3381 997 Hercu-

1785 1000 1885 1057 lius
1912 1014 2080 1057 autem
2108 1000 2375 1081 prOpalam
2404 1009 2542 1081 ferus
2571 1015 2617 1061 et
2638 1000 2857 1081 inciuilis
2880 1000 3069 1081 ingenii
3094 1052 3110 1077 ,
3141 1014 3384 1081 asperita-

1786 1082 1885 1149 t_e_m
1904 1090 2052 1149 suam
2072 1077 2225 1128 etiam
2254 1075 2422 1149 uultus
2444 1077 2654 1130 horrore
2680 1075 2998 1149 signi/iratis.
3029 1075 3160 1137 Item
3186 1075 3281 1140 lib.
3309 1101 3381 1142 χε

1795 1141 1887 1221 Vir
1913 1146 1981 1198 ad
2002 1161 2209 1221 omnem
2238 1148 2567 1221 asperitatem
2609 1141 2957 1221 militiamque
2985 1153 3239 1220 proclivus
3257 1195 3272 1219 ,
3303 1141 3386 1209 in?-

1787 1213 1959 1293 ῥᾴω]
1995 1213 2381 1293 incommodus,
2429 1219 2692 1293 civilitatis
2736 1213 2937 1288 peniius
2976 1213 3174 1293 expers.
3208 1213 3384 1281 Eiiam

1788 1286 2184 1363 Diocletianus,
2211 1288 2303 1363 qui
2326 1322 2331 1327 π
2353 1304 2621 1363 summum
2656 1286 2941 1363 imperium
2978 1286 3101 1348 cum
3132 1300 3200 1348 eo
3229 1310 3385 1350 com-

1788 1357 2156 1433 municaverat
2176 1399 2192 1425 ,
2220 1358 2336 1433 ejus
2358 1357 3157 1433 asperitatem—reprehendere
3197 1366 3388 1422 solitus

1788 1437 1904 1507 erat
1922 1468 1939 1494 ,
1965 1428 2203 1507 utdocet
2220 1428 2437 1507 Flavius
2460 1430 2722 1500 Vopiscus
2741 1434 2792 1507 in
2819 1428 2892 1507 '1).
2904 1436 3387 1507 aureliano.jVide

1788 1498 1950 1623 etiam
2006 1498 2279 1556 lulianum
2337 1498 2718 1571 imperatorem
2771 1505 2825 1559 in
2881 1504 3019 1560 libro
3079 1505 3149 1562 de
3201 1506 3387 1563 Caesa-

1791 1582 1837 1623 τι
1880 1583 1961 1622 us.
2990 1619 2997 1623 .

1791 1582 1961 1623 riuus.
2990 1619 2997 1625 ,

1863 1637 2095 1719 Parietes
2118 1640 2254 1694 dirui
2280 1658 2463 1719 passus
2477 1652 2605 1719 est;
2605 1643 2807 1699 Contra
2831 1645 3123 1719 Eusebius,
3147 1647 3242 1703 lib.
3269 1665 3385 1719 vm,

1790 1724 1910 1791 cap.
1948 1713 2051 1777 15,
2089 1721 2279 1791 aperte
2328 1713 2517 1768 scribit
2565 1712 2953 1791 constantiam
2981 1712 3159 1791 neque
3207 1712 3390 1776 ecclel

1793 1782 1994 1853 siarum
2024 1782 2168 1837 aedes
2191 1823 2207 1849 ,
2237 1783 2352 1837 sive
2380 1786 2751 1842 conventicula
2775 1827 2791 1853 ,
2846 1796 2900 1842 ut
2940 1788 3028 1843 hic
3067 1782 3200 1844 dicit
3253 1791 3392 1847 Lac-

1795 1851 2028 1929 tantius,
2053 1853 2561 1929 itemque_Rullinus
2598 1858 2652 1912 in
2684 1851 2933 1913 versione
2961 1858 3119 1929 hujus
3141 1860 3242 1915 loci
3275 1861 3387 1916 Eu-

1796 1923 2431 1999 sebiani,sub_vertisse,
2462 1941 2563 1983 nec
2614 1930 2902 1999 quicquam
2953 1923 3214 1988 adversus
3262 1947 3400 1988 nos~

1799 2002 1913 2048 tros
1932 2008 2056 2049 esse
2079 1994 2347 2049 molitum.

1879 2062 2062 2138 Verum
2082 2063 2183 2138 Dei
2205 2066 2470 2138 templum.
2494 2067 2551 2123 Id
2579 2078 2664 2125 est
2681 2111 2698 2138 ,
2725 2069 2998 2126 hominem
3020 2072 3395 2131 christianum.

1796 2134 2132 2214 Lactantius,
2162 2136 2256 2191 lib.
2277 2134 2315 2192 v
2338 2136 2537 2214 lnstit.,
2559 2134 2747 2214 cap.'_8
2778 2160 2791 2195 :
2821 2140 2981 2214 Cujus
3011 2144 3257 2214 templum
3288 2156 3396 2211 est,

1796 2223 1900 2285 non
1932 2207 2163 2276 lapides,
2195 2217 2284 2285 aut
2329 2209 2525 2285 lutum,
2556 2207 2646 2265 sed
2694 2211 2845 2266 homo
2884 2207 3024 2281 ipse,
3054 2207 3143 2285 qui
3167 2207 3396 2285 ﬁguram

1799 2276 1894 2330 Dei
1907 2287 2072 2355 gestat
2085 2295 2112 2355 _;_
2124 2279 2267 2355 quod
2289 2282 2541 2355 templum
2554 2299 2655 2355 non
2681 2299 2809 2337 auro
2833 2294 2879 2338 et
2900 2276 3232 2355 genim'aru'n;
3245 2286 3397 2341 donis

1796 2348 2208 2419 eorruptibilibus
2228 2391 2242 2416 ,
2296 2351 2383 2404 sed
2411 2352 2615 2407 teternis
2645 2348 3203 2412 virtutum'muneribus
3244 2373 3400 2412 orna-

1797 2420 2096 2498 tur.‘l‘deut,
2123 2420 2215 2474 lib.
2249 2435 2339 2498 v1,
2369 2436 2487 2491 cap.
2522 2423 2592 2479 25
2623 2442 2640 2498 _:
2670 2422 2795 2478 Non
2833 2427 3023 2498 templa
3046 2428 3126 2481 illi
3147 2429 3400 2498 congestis

1794 2490 1850 2544 in
1867 2490 2191 2568 altitudinem
2216 2491 2356 2545 saxis
2382 2490 2665 2568 extruendo
2693 2506 2812 2568 sunt
2831 2511 2852 2548 :
2877 2490 3049 2568 in'suo
3074 2490 3398 2568 cuique'con-

1796 2562 2077 2637 secrandus
2102 2572 2176 2615 est
2198 2570 2419 2637 pectore:
2448 2564 2516 2618 Et
2556 2563 2693 2619 infra
2723 2582 2737 2618 :
2770 2564 2957 2620 Secum
2978 2562 3192 2637 denique
3215 2568 3400 2624 habeat

1797 2629 2206 2710 Deuprsemper
2218 2633 2271 2686 in
2293 2633 2447 2710 corde
2471 2650 2564 2710 suo
2591 2646 2979 2710 consecratum,
3005 2629 3247 2709 quoniam
3284 2641 3399 2710 ipse

1797 2712 1871 2781 est
1892 2701 1989 2781 _Dei
2013 2705 2276 2781 templum.
2303 2702 2678 2781 ldei‘n,_lib._u,
2699 2721 2817 2777 cap.
2843 2706 2898 2776 2,
2918 2701 3090 2765 lib.'vt
3109 2749 3124 2778 ,
3153 2724 3274 2781 cap.
3303 2701 3395 2778 10,

1797 2773 1872 2828 ait
1892 2774 2165 2830 hominem
2183 2789 2304 2831 esse
2332 2776 2424 2831 Dei
2455 2773 2821 2833 simulacrum.

2387 2885 2616 2944 CAPUT
2658 2889 2796 2945 XVI.

1873 2985 2073 3060 Prwter
2109 2985 2328 3060 Gallias.
2360 2987 2619 3060 Libellus
2673 3005 2892 3060 precum
2944 2989 3301 3048 Constantino
3324 2990 3397 3047 Μ.

1800 3058 2017 3131 oblatus
2045 3074 2074 3112 a
2108 3059 2401 3131 Donatistis
2422 3061 2563 3130 apud
2593 3058 2844 3131 Upiatum
2886 3061 3274 3131 Milevitanum,
3303 3064 3396 3119 lib.

1800 3145 1817 3183 ι
1843 3147 1864 3205 _:
1896 3129 2161 3205 Rogamus
2182 3140 2260 3197 te,
2278 3201 2289 3205 _
2307 3146 2338 3184 ο
2361 3129 2695 3186 Constantine
2724 3134 2925 3205 Optime
2943 3129 3403 3205 imperator,quo-

121 3201 190 3276 tlit
227 3200 546 3276 Codcfridns
591 3203 949 3276 Enschenius.
992 3200 1251 3276 Eamdem
1272 3200 1577 3259 defunctam
1629 3204 1697 3260 ab
1724 3208 1770 3273 C
1800 3201 1941 3255 niam
1969 3201 2032 3254 de
2060 3216 2243 3272 genere
2259 3201 2407 3276 justo
2434 3219 2487 3256 es
2506 3244 2521 3270 ,
2559 3207 2709 3276 cujus
2739 3200 2887 3275 pater
2911 3200 3043 3259 inter
3068 3200 3404 3261 steteras—im-

122 3272 284 3344 inferis
312 3275 561 3330 oratione
582 3275 699 3329 sola
728 3274 971 3343 ejusdem
1002 3273 1217 3344 Georgii
1256 3284 1561 3344 revocatam
1588 3283 1698 3331 tra-

121 3342 541 3419 ditfiicephorus
568 3342 853 3419 Callistus,
870 3345 973 3419 lib.
997 3360 1071 3399 vn
1093 3392 1109 3419 ,
1141 3342 1378 3419 ῥιψᾼὸ.

186 3412 353 3470 Pollui
380 3418 567 3487 coegit.
617 3415 701 3470 Ex
737 3414 842 3473 hoc
868 3417 988 3471 loco
1010 3412 1106 3470 vir'
1134 3412 1481 3487 doctissimus
1510 3415 1702 3472 l-lenri-

121 3498 205 3559 cus
218 3486 546 3559 ‘Dodwell’us
573 3487 796 3556 collegit
820 3489 875 3559 in
906 3486 1374 3559 dissertationibus
1421 3487 1701 3559 Cypriani-

123 3556 189 3627 cis
217 3554 525 3627 Diocletiani
556 3554 784 3614 uxorein
815 3558 1057 3615 Priscam
1093 3566 1150 3613 et
1196 3558 1361 3612 filiam
1390 3554 1699 3627 ejus.Vale-

122 3625 238 3680 riam
260 3625 420 3685 fuisse
443 3629 808 3695 christianas;
840 3644 1066 3700 eamque
1084 3628 1404 3685 sententiam
1418 3625 1704 3700 confirmat

124 3700 417 3772 auctoritate
446 3700 710 3765 Eusebii,
742 3701 835 3772 qui
887 3699 1145 3766 lib.vut,
1192 3714 1311 3772 cap.
1354 3701 1374 3754 1
1420 3699 1556 3772 Hist.
1601 3700 1704 3770 Ec-

125 3768 261 3841 cles.,
291 3785 733 3827 commemorans
759 3768 839 3827 "ea
869 3786 988 3841 qua:
1032 3768 1462 3841 persecutionem
1495 3768 1704 3835 Diocle-

126 3840 238 3893 tiani
264 3851 710 3907 antecesserunt,
740 3843 814 3898 ait
865 3840 1061 3897 uxores
1103 3843 1487 3910 imperatorum
1528 3845 1702 3911 palam

124 3923 179 3963 ac
200 3913 400 3980 publice
435 3914 610 3970 fuisse
636 3913 995 3980 cbristianas,
1039 3922 1095 3967 et
1138 3928 1201 3968 ea
1255 3929 1375 3980 qua:
1428 3913 1706 3982 religionis

125 3993 222 4055 suae
260 3997 413 4041 erant
435 4026 450 4052 ,
489 3994 603 4040 tam
637 3984 818 4039 verbis
853 3999 1012 4055 quam
1048 3983 1204 4038 factis
1236 3983 1405 4038 libere
1431 3997 1707 4055 exequen-

125 4052 171 4127 di
194 4068 367 4111 coram
397 4055 823 4127 imperatoribus
844 4052 1162 4124 potestatem
1178 4055 1246 4109 ab
1277 4055 1404 4125 ipsis
1430 4052 1705 4127 habuisse.

126 4120 242 4196 liam
267 4120 514 4196 quamvis
562 4120 920 4195 imperatores
964 4141 1072 4180 non
1124 4120 1401 4190 nominet,
1434 4126 1523 4195 qui
1568 4124 1707 4196 hanc

126 4192 412 4253 facultatem
437 4192 712 4254 dederunt
740 4198 1002 4252 uxoribus
1039 4197 1184 4259 suis,
1221 4198 1335 4251 haec
1363 4192 1540 4250 tanien
1572 4195 1708 4251 Lac-

128 4266 260 4337 tantii
310 4270 480 4325 verba
533 4271 765 4324 innuere
812 4267 1062 4323 videntur
1119 4267 1343 4337 intelligi
1391 4266 1592 4323 debere
1640 4267 1710 4323 de

128 4335 442 4395 Diocletiano
474 4349 532 4396 et
562 4337 800 4395 Galerio.
822 4339 1036 4394 Atenim
1061 4338 1106 4394 si
1128 4337 1235 4392 illa:
1255 4335 1384 4393 vere
1401 4336 1711 4393 christiana:

126 4403 356 4481 fuerunt,
388 4412 670 4481 quomodo
693 4409 986 4466 existimari
1036 4418 1215 4481 potest
1264 4407 1712 4481 saeriliciogfuisse

129 4477 376 4547 pollutas,
407 4477 609 4538 'etiam
663 4484 917 4535 coactas?
944 4477 1076 4549 Quis
1129 4479 1271 4534 enim
1311 4480 1493 4535 credat
1536 4478 1712 4534 fremi-

128 4562 215 4603 uas
242 4551 511 4623 principes
559 4552 616 4607 in
662 4551 809 4607 edito
838 4551 966 4623 loco
1011 4551 1335 4623 constitutas
1388 4566 1496 4623 non
1546 4550 1713 4623 fuisse

127 4633 272 4693 ausas
301 4621 606 4693 refragari,
652 4638 774 4678 cum
819 4621 968 4692 pueri
1017 4630 1073 4678 et
1121 4622 1486 4689 mulierculas,
1543 4631 1603 4677 ut
1656 4622 1708 4677 in

127 4687 254 4763 l_ibro
276 4687 473 4763 quinto
508 4687 1287 4757 Divinarum'lnstitutionum,
1319 4706 1441 4761 cap.
1472 4687 1563 4747 l3
1583 4734 1597 4759 ,
1636 4694 1711 4747 ait

128 4757 455 4827 Lactautius,
490 4765 780 4820 tormentis
826 4781 933 4819 non
959 4764 1252 4827 cederent;
1314 4757 1556 4817 Eunuchi
1583 4757 1712 4818 vero

129 4834 295 4911 necari
324 4834 618 4911 maluerint
645 4850 870 4911 ,Διιιιίι-ηι⁸
882 4850 1076 4906 negare
1098 4834 1258 4911 fiderit
1288 4833 1518 4911 Christi,
1551 4849 1713 4911 quam

128 4904 283 4972 impio
297 4906 575 4977 sacriﬁcio
601 4904 766 4977 pollui
790 4907 812 4959 ἲ
840 4904 1105 4977 Przeterea
1124 4904 1451 4977 ubicumque
1466 4906 1539 4977 de
1570 4907 1717 4977 Pris-

128 4986 185 5052 ca
213 4982 265 5029 et
296 4975 738 5052 Valeria_agitur
786 4978 839 5032 in
870 4976 974 5052 hoc
998 4977 1165 5042 libro,
1193 4975 1394 5031 nullum
1422 4976 1533 5052 illic
1558 4976 1719 5052 vesti-

130 5047 266 5122 gium
292 5048 578 5122 religionis
604 5047 792 5122 earum
818 5065 834 5114 ;
873 5048 1029 5117 cujus
1061 5058 1252 5122 tamen
1283 5047 1612 5122 mentionem
1639 5047 1718 5102 le»

131 5117 283 5172 cisset
309 5117 650 5183 Lactantius,
678 5120 870 5175 saltem
896 5134 1017 5190 cap.
1061 5119 1132 5183 2,
1167 5118 1254 5173 ubi
1293 5117 1608 5174 describens
1635 5133 1727 5174 ea-

133 5199 253 5261 rum
297 5193 539 5261 exitum,
602 5191 678 5246 ait
732 5191 836 5247 illis
903 5190 1214 5261 pudicitiam
1257 5197 1314 5245 et
1357 5190 1725 5245 conditionem

134 5256 292 5313 exilio
314 5260 508 5317 fuisse.

204 5326 446 5386 Eunuchi
475 5331 664 5386 necati.
700 5331 765 5387 Et
791 5332 930 5388 inter
957 5332 1059 5386 hos
1093 5332 1310 5397 Petrus,
1342 5330 1497 5399 cujus
1525 5340 1729 5402 marty-

134 5401 263 5456 rium
288 5402 555 5475 describit
581 5402 865 5468 Eusebius,
884 5405 976 5459 lib.
1001 5418 1100 5459 vm
1119 5444 1134 5469 ,
1158 5418 1276 5475 cap.
1305 5401 1357 5458 6.
1385 5402 1517 5458 Item
1548 5401 1725 5469 ludes,

136 5482 185 5525 ut
212 5474 615 5545 produntActa
641 5476 887 5545 martyrii
913 5476 1051 5543 ejus.

198 5544 278 5597 Ad
296 5544 623 5599 exustionem
666 5543 821 5612 rapti.
857 5543 1156 5601 Confirmat
1198 5543 1299 5599 ista
1334 5544 1598 5600 Eusebius
1626 5543 1727 5599 ibi-

132 5611 251 5667 dem
273 5656 287 5678 ,
316 5615 577 5686 scribens
612 5611 874 5683 imperiali
898 5618 1054 5686 jussu
1091 5624 1354 5686 quotquot
1398 5616 1725 5670 Nicomediae

131 5696 278 5741 erant
334 5687 429 5742 Dei
481 5685 723 5741 cultores
784 5689 1075 5741 acervatim
1114 5685 1238 5740 cum
1299 5687 1413 5743 suis
1466 5686 1725 5754 familiis,

128 5756 260 5828 alios
282 5757 470 5826 gladio
491 5797 508 5823 ,
539 5757 677 5828 alios
702 5755 933 5828 ﬂammis
959 5767 1311 5826 consumptos
1334 5758 1576 5828 periisse.

194 5824 337 5889 Maii
361 5825 749 5902 mergebantur.
782 5826 1052 5887 Eusebius
1086 5824 1285 5889 ibidem
1302 5824 1503 5886 -:'Alios
1527 5843 1727 5906 quoque

1738 4585 1792 4647 D

1804 3281 2061 3349 peratores
2090 3273 2484 3349 persecutignem
2533 3273 2636 3328 non
2654 3273 2892 3349 exercuit
2913 3277 3119 3349 ,“etuab
3145 3277 3244 3349 hoc
3270 3278 3403 3349 faci-

1804 3342 1928 3419 nore
1955 3343 2195 3419 immunis
2224 3352 2298 3419 est
2324 3342 2533 3419 Gallia,
2562 3346 2775 3415 petimus
2796 3356 2852 3419 ut
2870 3344 3098 3419 eAGallia
3127 3342 3281 3419 nobis'
3302 3349 3399 3419 ju-

1804 3413 1940 3488 dices
1965 3413 2079 3467 dari
2125 3415 2392 3488 prmcipiat
2438 3413 2598 3484 pietas
2628 3426 2733 3471 tua.
2783 3416 2967 3472 Gallia:
3011 3432 3141 3488 ergo
3184 3413 3405 3473 fuerunt

1805 3485 2083 3559 i‘mmunes‘
2102 3485 2172 3538 ab
2195 3485 2295 3559 hac
2311 3488 2694 3559 persecutione
2714 3529 2729 3554 ,
2760 3488 2904 3557 quod
2951 3485 3402 3559 illic'imperaret

1803 3553 2151 3629 Constantius
2202 3553 2617 3629 benignissimus
2676 3553 2993 3629 imperator,
3045 3566 3100 3613 et
3167 3553 3294 3629 qui,
3344 3567 3404 3615 ut

1805 3626 2075 3681 Eusebius
2100 3625 2264 3680 tradit
2292 3670 2306 3693 ,
2333 3625 2732 3697 persecutionis
2755 3625 3045 3683 adversum
3093 3625 3200 3683 nos
3222 3629 3405 3683 conci-

1807 3705 1932 3752 tata:
1959 3711 2155 3767 expers
2182 3698 2406 3753 omnino
2432 3698 2561 3765 fuit,
2602 3707 2657 3753 et
2686 3699 2923 3754 cultores
2967 3699 3062 3753 Dei
3109 3699 3208 3754 sub
3236 3697 3403 3768 ipsius

1805 3768 2037 3836 imperio
2056 3768 2312 3838 degentes
2343 3769 2413 3823 ab
2456 3773 2602 3824 omni
2635 3784 2771 3823 noxa
2813 3778 2869 3823 et
2914 3770 3107 3838 injuria
3137 3770 3405 3825 immunes

1806 3839 2073 3905 servavit,
2103 3854 2167 3893 ac
2199 3854 2371 3908 neque
2403 3840 2761 3896 Ecclesiarum
2809 3840 3037 3895 aedilicia
3089 3839 3399 3907 subvertit,

1807 3924 1908 3965 nec
1938 3911 2059 3963 novi
2083 3910 2371 3978 quicquam
2395 3910 2658 3965 adversus
2678 3925 2779 3979 nos
2800 3912 3008 3965 statuit.
3038 3910 3177 3977 Quin
3204 3919 3260 3966 et
3287 3910 3398 3966 Eu-

1809 3981 2019 4049 tropius
2044 3980 2097 4034 in
2130 3982 2281 4034 initio
2324 3981 2444 4036 libri
2470 3982 2663 4036 decimi
2694 3982 2876 4036 dicere
2906 3980 3115 4037 videtur
3139 3980 3401 4038 Gallicum

1807 4051 2124 4120 sanguinem
2176 4066 2281 4105 non
2316 4050 2480 4108 fuisse
2529 4052 2707 4107 fusum
2760 4054 2815 4107 in
2856 4053 2958 4108 hac

1807 4121 2061 4190 Loquens
2099 4120 2242 4176 enim
2272 4121 2339 4177 de
2365 4124 2682 4179 Constantio
2704 4164 2719 4188 ,
2744 4123 2815 4177 ita
2837 4125 2912 4177 ait
2946 4141 2959 4175 :

3038 4054 3402 4127 erseeutipne.

3049 4124 3095 4177 ic
3124 4140 3226 4178 non
3253 4124 3406 4179 modo

1809 4192 2045 4265 amabilis
2067 4232 2081 4259 ,
2113 4193 2220 4265 sed
2264 4194 2417 4247 etiam
2450 4195 2747 4248 venerabilis
2778 4191 2945 4249 Gallis
2993 4195 3121 4264 fuit,
3144 4197 3410 4265 praecipue

1809 4264 1946 4334 quod
1971 4262 2279 4336 Diocletiani
2304 4275 2588 4336 suspectam
2618 4266 2940 4335 prudentiam
2963 4262 3052 4331 ,ἐι
3098 4262 3411 4320 Maximiani

1811 4335 2200 4406 sanguinariam
2226 4335 2561 4391 temeritatem
2587 4337 2799 4407 imperio
2843 4338 2954 4407 ejus
2979 4349 3261 4391 euaserant.
3292 4336 3410 4407 Sed

1811 4406 2072 4461 adversus
2102 4407 2218 4462 haec
2260 4407 2556 4462 reclamant
2585 4406 2827 4462 historiae
2867 4406 3246 4464 nonnullarum
3276 4406 3406 4462 Gal-

1812 4477 1901 4550 liae
1921 4477 2204 4550 civitatum
2227 4492 2292 4532 ac
2337 4477 2768 4550 provinciarum,
2812 4494 2933 4550 qua:
2976 4494 3103 4534 suos
3147 4487 3414 4550 martyres

1816 4548 1918 4603 hac
1945 4549 2319 4619 persecutione
2348 4550 2414 4602 ad
2448 4549 2612 4604 Deum
2661 4548 2952 4603 translatos
2980 4548 3308 4619 praedicant;
3341 4551 3412 4604 ita

1818 4628 1878 4675 ut
1906 4619 1991 4672 vix
2021 4618 2124 4673 ulla
2151 4620 2338 4673 civitas
2381 4621 2543 4673 fuerit
2569 4624 2705 4688 intra
2732 4618 3118 4688 Gallias,’quae
3148 4631 3261 4675 tum
3302 4634 3411 4674 non

1818 4690 2031 4746 dicatur
2058 4689 2328 4744 maduisse
2376 4690 2636 4759 sanguine
2681 4686 3136 4744 Christianorum.
3185 4690 3289 4744 Ista
3335 4690 3415 4745 sic

1820 4759 2095 4816 conciliari
2117 4770 2371 4828 possunt,
2401 4758 2553 4814 initio
2602 4759 2822 4828 quidem
2858 4758 3061 4814 Gallias
3088 4775 3116 4812 a
3162 4774 3418 4830 persecu-

1823 4832 1968 4886 tione
1994 4844 2100 4885 non
2128 4829 2296 4885 fuisse
2317 4843 2539 4898 prorsus
2585 4830 2851 4884 immunes
2874 4871 2891 4896 ,
2927 4838 3190 4898 occupato
3224 4829 3416 4885 videli-

1823 4912 1913 4959 cet
1956 4899 2272 4972 Constantio
2327 4910 2514 4956 contra
2573 4899 2830 4972 barbaros
2872 4900 2973 4972 (ut
3018 4901 3415 4955 illustrissimus

1825 4974 2112 5042 episcOpus
2134 4971 2546 5041 Monspeliensis
2590 4969 2908 5042 Franciscujs
2934 4971 3235 5041 Bosquetus
3260 4971 3417 5042 aitin

1827 5041 1967 5099 libro
1984 5041 2177 5115 quarto
2207 5043 2559 5115 Historiarum
2580 5042 2834 5115 Ecclesia:
2855 5041 3167 5115 Gallicanae,
3190 5056 3307 5113 cap.
3331 5041 3417 5112 2),

1829 5131 1893 5170 ac
1921 5112 2021 5185 pro
2070 5114 2459 5169 consuetudine
2481 5155 2525 5185 ,Μ
2554 5123 2610 5168 et
2659 5113 2821 5168 solito
2871 5112 3162 5185 Gentilium
3205 5112 3419 5185 furore,

1830 5182 2028 5241 multos
2057 5185 2382 5240 christianos
2412 5186 2463 5239 in
2487 5183 2676 5239 Galliis
2695 5198 2865 5240 caesos
2910 5185 3095 5239 fuisse.
3124 5182 3423 5239 Confirmat

1832 5257 1948 5312 haec
1990 5258 2250 5312 Eusebius
2282 5258 2333 5310 in
2358 5259 2460 5310 line
2484 5255 2604 5310 libri
2628 5255 2696 5311 de
2724 5256 3049 5326 martyribus
3080 5256 3418 5326 Palzestinaz:

1833 5327 1975 5382 Nam
2000 5344 2116 5399 qua:
2135 5328 2359 5399 ulterius
2383 5328 2494 5399 siue
2533 5338 2651 5399 alii!
2689 5325 2919 5399 regiones
2946 5368 2961 5392 ,
3010 5328 3221 5397 inquit,
3262 5325 3425 5380 Italia

1832 5397 2060 5454 uidelicet
2082 5408 2189 5453 tota
2211 5440 2225 5464 ,
2256 5409 2303 5452 et
2330 5397 2546 5463 Sicilia,
2578 5397 2749 5451 Gallia
2771 5414 2969 5467 quoque
2989 5437 3006 5464 ,
3035 5408 3083 5452 et
3111 5412 3426 5467 quiscunque

1833 5472 1901 5525 ad
1928 5487 2163 5524 occasum
2203 5470 2326 5524 solis
2367 5471 2716 5539 porriguntur,
2765 5466 3020 5537 Hispania
3046 5508 3063 5535 ,
3105 5466 3426 5523 Mauritania

1834 5552 1881 5596 el
1907 5541 2084 5611 Africa
2102 5580 2118 5606 ,
2146 5556 2263 5594 cum
2289 5543 2371 5594 via:
2405 5540 2604 5594 duobus
2646 5540 2823 5609 primis
2872 5539 3235 5611 persecutionis
3275 5539 3426 5611 annis

1833 5610 2044 5682 integris
2080 5615 2306 5682 furorem
2342 5611 2463 5665 belli
2510 5621 2737 5677 experte
2775 5621 2937 5664 essent
2963 5651 2978 5676 ,
3010 5610 3166 5662 divini
3204 5610 3426 5662 numinis

1834 5683 2281 5753 prtesentissimum
2304 5682 2565 5753 auxi/inm
2600 5691 2647 5735 et
2690 5683 3026 5753 pacemrbrevi
3050 5693 3166 5753 sunt
3190 5696 3425 5733 consecu-

1834 5751 1917 5809 ηε.
1953 5756 2102 5807 llune
2129 5763 2306 5808 tamen
2334 5751 2509 5806 locum
2549 5752 2627 5822 ita
2658 5752 2881 5822 intelligi
2929 5754 3040 5808 vult
3081 5751 3427 5807 doctissimus

1834 5824 2143 5887 Dodvvellus
2181 5825 2235 5885 in
2281 5821 2757 5884 Dissertat'maibus
2801 5821 3173 5901 C’ypriauicis,
3223 5830 3281 5883 ut
3329 5836 3430 5895 an-
