3960 6360
537 413 646 471 335
1694 402 1695 405 “
1843 397 2180 459 STEPHANI

2219 385 2491 455 BALUZII
3733 387 3850 450 536

537 545 570 582 a
598 524 880 588 Maxentio,
928 518 1172 592 quamvis
1224 516 1543 592 soceriejus
1588 525 1751 592 esset,
1784 517 1947 592 immo
1977 532 2115 592 nun-
2139 515 2195 575 A
2220 512 2322 592 hoc
2352 512 2490 592 iibro
2516 505 2887 592 Lactantii.“c._
2940 506 3031 592 i8,
3063 502 3309 592 docet-se
3336 516 3403 590 eo
3436 513 3701 591 tempore
3728 524 3845 576 quo

538 614 696 668 quam
720 597 856 650 bene
884 587 1038 668 _iu'_t_er
1065 605 1160 668 eos
1184 587 1524 668 convenisse,
1557 591 1719 668 etiam
1752 589 1964 668 vivente
1995 587 2118 640 Dio.

541 658 791 731 cletiano,
813 672 868 717 et
884 663 1079 717 bellum
1101 662 1239 716 inter
1266 676 1361 716 eos
1381 659 1545 714 fuisse
1560 658 1931 729 gravissimum
1957 671 2023 710 ex
2053 670 2119 731 eo

540 724 906 803 temporequo
928 732 1224 787 Maxentius
1248 732 1477 801 sumpsit
1512 724 1825 799 purpuram,
1853 740 2023 798 usque
2052 724 2120 780 ad

540 807 820 862 imperium
844 803 1055 858 Licinii.
1830 853 1837 859 .

664 877 845 929 riorem
866 872 1135 927 nominari.
1156 871 1351 941 Supra,
1380 886 1432 925 c.
1457 870 1549 941 i8,
1574 868 1819 941 Galerius
1849 866 2121 941 Maximia-

542 963 643 1001 nus
663 946 940 1012 alloquens
966 937 1345 996 Diocletianum
1372 942 1448 994 ait
1470 939 1574 1012 :7Si
1599 941 1704 1012 ipse
1725 940 1899 991 cedere
1928 937 2123 990 noluis-

542 1027 635 1080 sel,
666 1032 720 1070 se
739 1011 833 1068 sibi
858 1014 1225 1075 consulturum,
1261 1029 1321 1065 ue
1348 1011 1568 1079 amplius
1602 1011 1767 1080 minor
1797 1019 1842 1061 et
1871 1019 2123 1080 extremus

544 1077 692 1140 esset.
725 1085 1005 1147 Eusebius,
1039 1083 1091 1136 in
1125 1082 1261 1135 libro
1292 1077 1462 1151 primo
1518 1083 1584 1132 de
1618 1079 1732 1151 Vita
1764 1077 2117 1151 Constantini,

543 1173 595 1211 c.
622 1158 711 1221 I8,
760 1157 836 1208 ait
861 1153 1255 1211 Constantium.
1283 1148 1403 1206 cum
1430 1151 1670 1207 seniores
1699 1148 1921 1215 Augusti
1953 1149 2124 1214 impe-

548 1228 629 1281 rio
674 1242 732 1280 se
763 1223 1122 1287 abdicassent,
1168 1222 1398 1291 primum
1427 1223 1722 1291 Augustum
1764 1220 2123 1273 renuntiatum

545 1312 687 1363 esse,
704 1306 755 1350 et
781 1295 1007 1361 primum
1032 1290 1327 1361 Augustum
1356 1294 1678 1363 appellatum
1708 1290 1847 1342 inter
1872 1298 2123 1363 quatuor,

546 1368 636 1435 qui
662 1359 995 1434 postmodum
1024 1359 1284 1429 designati
1338 1359 1480 1414 sunt.
1536 1359 1677 1414 Idem
1708 1374 1922 1428 semper
1931 1359 2125 1480 Ipriore

546 1438 665 1480 lnm
697 1435 1001 1480 nnminalnr
1026 1432 1079 1480 in
1111 1432 1284 1480 Fastis
1322 1431 1571 1480 ldatianis
1603 1446 1632 1480 a
1662 1429 1897 1480 Zozitno.
1950 1435 2125 1480 1ιιιιό-

546 1429 673 1491 loco
696 1435 1001 1489 nominatur
1026 1432 1079 1486 in
1111 1432 1284 1486 Fastis
1322 1431 1571 1485 Idatianis
1603 1446 1632 1483 a
1662 1429 1897 1493 Zozitno,
1931 1429 2128 1480 Eutro-

546 1509 655 1573 pio,
685 1506 737 1560 in
784 1501 1322 1573 codice_.lnstiuiani,
1357 1504 1415 1573 in
1457 1502 1625 1573 veteri
1685 1498 2033 1573 inscriptione
2058 1496 2127 1573 de

546 1566 953 1631 consecratione
977 1571 1331 1626 Thermarum
1361 1570 1833 1630 Diocletianarutn,
1865 1577 1920 1621 et
1947 1568 1998 1620 in
2030 1566 2128 1619 ali-

548 1655 677 1715 quot
725 1644 846 1699 aliis
876 1641 1338 1715 inscriptionibus,
1362 1656 1481 1715 qua:
1516 1639 1681 1715 apud
1702 1637 2003 1715 _Crttte_rum
2054 1637 2130 1692 le-

544 1708 762 1785 guntur,
796 1729 915 1783 pag.
945 1708 1821 1785 58,7I759,_i_(il,_i6l,2794063.
1859 1708 1923 1785 [Et
1951 1716 2127 1785 tamen

546 1776 723 1840 Elius
747 1776 1063 1853 Spartianus
1091 1784 1141 1834 in
1159 1780 1315 1853 ﬁdlio
1350 1780 1509 1853 Vero,
1539 1790 1594 1834 et
1624 1778 1838 1853 Flavius
1870 1776 2129 1853 Vopiscus

548 1859 603 1910 in
624 1846 839 1936 Ca'rino,
864 1850 1532 1938 Cal-eriumeiaximianum
1561 1849 1839 1938 norninant
1860 1846 2131 1938 antegon-
2159 1879 2207 1938 Β

546 1917 904 1988 stantium,et
955 1921 1007 1976 id
1059 1920 1274 1988 quidem
1334 1929 1573 1989 tempore
1614 1917 1947 1989 Diocletiani.
1989 1917 2132 1989 Sane

546 1986 1055 2066 :equumividebaiur
1071 1986 1128 2066 ui
1156 1992 1199 2066 is
1229 1990 1315 2066 qui
1339 1986 1689 2066 adoptabatur
1717 2003 1745 2040 a
1778 1986 2125 2066 Diocletiano,

547 2057 717 2135 et'qui
751 2064 910 2135 filiam
939 2061 1055 2132 ejus
1080 2060 1347 2115 Valeriam
1379 2057 1605 2135 habebat
1626 2072 1869 2135 uxorem,
1900 2057 2131 2135 priorem

550 2126 729 2189 locum
762 2126 983 2186 haberei
1035 2146 1193 2198 supra
1229 2145 1351 2184 eum
1401 2130 1488 2197 qui
1531 2128 1879 2198 adoptabatur
1905 2143 1933 2179 a
1967 2126 2135 2180 Maxi-

550 2207 749 2270 miano,
782 2202 999 2257 secundi
1031 2197 1134 2255 loci
1162 2200 1419 2270 principe.
1438 2200 1653 2270 Contra,
1686 2197 1876 2270 rationi
1901 2211 2133 2270 censen:

547 2267 761 2330 taneum
796 2283 912 2328 erat
968 2280 1025 2325 ut
1065 2267 1399 2339 vir‘inagure
1447 2268 1737 2322 nobilitatis
1769 2309 1784 2333 ,
1828 2267 2131 2339 cujusmodi

545 2356 660 2400 erat
695 2342 1067 2406 Constantius,
1106 2354 1210 2395 non
1239 2337 1650 2409 postponeretur
1680 2338 1880 2409 homini
1908 2337 2129 2409 agt-esti,

546 2416 1050 2485 pastoripecorum,
1083 2407 1250 2485 atque
1287 2407 1434 2485 illpm
1464 2418 1667 2485 postse
1700 2407 1924 2485 haberet
1944 2408 1995 2459 in
2026 2408 2133 2485 _ad-_-

542 2476 937 2539 ininistratione
976 2476 1302 2549 reipublicaz.
1340 2476 1804 2549 Ego'credideritn
1862 2476 2131 2549 Spartiani

542 2566 597 2609 et
634 2554 855 2624 V0pisci
897 2547 1204 2624 testimonia
1260 2548 1625 2620 postponenda
1656 2563 1775 2602 esse
1826 2547 2131 2624 auctoritati

541 2617 785 2703 veterum
835 2622 1267 2703 inscriptionum,
1305 2629 1359 2673 et
1383 2617 1595 2703 eorum
1628 2627 1903 2703 auctorum
1935 2617 2131 2698 quidi—

542 2704 685 2750 serte
738 2694 890 2747 aiunt
934 2687 1162 2761 primum
1204 2689 1392 2761 locunr
1412 2690 1592 2761 datum
1620 2702 1738 2761 esse
1776 2687 2129 2746 Constantio;

546 2764 844 2835 prassertini
867 2759 988 2835 cum
1012 2761 1047 2835 ii
1072 2762 1162 2835 qui
1181 2759 1326 2813 illum
1354 2759 1566 2835 Galerio
1595 2759 1834 2835 tribuunt
1857 2772 1960 2810 non
1990 2770 2129 2812 trac-

543 2829 773 2890 iaverint
801 2833 939 2886 banc
972 2830 1250 2885 historiam
1281 2845 1343 2882 ex
1373 2831 1645 2898 prolesso,
1697 2829 1791 2881 sed
1846 2842 1943 2898 per
1984 2837 2129 2898 tran-

542 2919 765 2959 sennam
789 2913 842 2980 et
862 2900 1005 2955 aliud
1050 2907 1290 2980 agentes.
1315 2897 1468 2980 Quod
1488 2897 1944 2980 etianrdicendurn
1967 2897 2129 2980 estde

540 2984 759 3029 auctore
789 2973 910 3025 vitm
940 2967 1107 3023 sancti
1142 2969 1382 3039 Procopii
1439 2969 1712 3039 martyris,
1742 2982 1861 3037 qua":
1902 2967 2130 3039 habetur

541 3046 596 3098 in
628 3053 773 3101 tomo
797 3050 990 3111 quarto
1014 3039 1178 3111 Surii.
1208 3039 1297 3093 ubi
1315 3038 1561 3095 Galerius
1587 3039 1759 3107 primo
1789 3039 1907 3092 loco
1954 3038 2130 3092 nomi-

543 3122 705 3168 natur
720 3110 845 3166 ante
868 3110 1261 3164 Constantium.

614 3186 659 3237 Α
685 3183 863 3236 tribus.
891 3180 946 3235 Id
963 3189 1067 3246 est,
1096 3194 1123 3232 a
1154 3178 1387 3240 Galerio,
1412 3179 1613 3232 Severo
1640 3187 1691 3233 et
1712 3177 2016 3232 Maximino.

2224 582 2607 639 Diocletianum
2655 579 2963 649 impellebat
3014 577 3559 649 adiabdirationem.
3591 578 3709 647 jam
3742 595 3849 649 per

2222 666 2393 707 annos
2412 650 2715 721 quindecim
2733 646 2790 721 in
2813 648 3027 721 Illyrico
3044 646 3114 721 ad
3131 649 3301 721 ripam
3327 648 3564 721 Danubii
3594 646 3847 706 luctaSse

2222 738 2342 777 cum
2373 718 2624 791 gentibus
2650 718 2914 785 barbaris,
2942 718 3330 791 _interim_dum
3357 718 3451 772 alii
3480 719 3634 791 intra
3666 720 3850 791 laxio-

2223 809 2310 848 res
2331 788 2704 860 et‘quietiores
2732 799 2905 860 terras
2925 788 3154 843 delicate
3178 788 3534 860 imperarent.
3574 789 3849 860 Profecto

2224 864 2266 916 si
2296 858 2463 916 annos
2494 877 2610 925 sex,
2634 860 2828 929 quibus
2855 859 2947 929 ille
2988 858 3376 929 rempublicam
3420 858 3851 916 administravit

2223 942 2346 1001 post
2401 921 2672 987 secessum
2717 928 3068 1001 Diocletiani,
3101 921 3364 1001 addas‘ad
3391 929 3721 1001 quindecim
3744 931 3848 1001 qui

2224 997 2683 1056 el'lloxerantcum
2717 997 2831 1055 haec
2860 998 3183 1054 dicebantur
3204 1015 3232 1051 a
3265 997 3625 1062 Maximiano,
3659 997 3852 1057 mani-

2225 1074 2417 1127 festum
2450 1073 2554 1127 erit
2596 1071 2745 1125 illum
2785 1077 3055 1123 mortuum
3108 1083 3232 1123 esse
3266 1070 3507 1123 vicesimo
3531 1073 3711 1139 primo
3735 1072 3850 1125 im-

2226 1145 2349 1212 perii
2378 1143 2459 1195 sui
2488 1157 2643 1206 anno,
2680 1150 2736 1212 ut
2783 1141 2978 1212 legitur
3004 1139 3057 1193 in
3095 1140 3321 1207 vulgatis
3351 1140 3697 1196 editionibus
3730 1142 3851 1197 Eu-

2225 1211 2428 1267 Sebiani
2485 1211 2758 1266 Chronici.
2830 1211 3145 1269 Quanquam
3209 1212 3261 1263 in
3330 1212 3719 1265 vetustissimo
3789 1224 3857 1267 et

2227 1284 2433 1351 optimo
2460 1282 2645 1337 codice
2684 1294 2787 1335 ms.
2811 1279 3154 1351 bibliotheca
3182 1277 3541 1351 Colbertinaz,
3573 1293 3632 1335 et
3663 1282 3721 1336 iu
3747 1298 3854 1337 va-

2227 1349 2321 1407 riis
2348 1354 2579 1423 antiquis
2608 1349 3010 1423 exemplaribus
3038 1364 3161 1419 qua:
3186 1349 3761 1423 __Pontacus_testatnr
3781 1368 3855 1409 se

2227 1423 2423 1478 vidisse
2456 1419 2569 1477 lirec
2601 1430 2805 1475 tantum
2857 1421 3105 1489 leguntur
3133 1437 3145 1472 :
3174 1419 3418 1474 Galerius
3470 1421 3858 1479 Maximianus

2227 1494 2461 1546 moritur.
2490 1492 2713 1554 Verum.
2751 1505 2872 1545 cum
2901 1505 2959 1542 ea
3003 1490 3396 1546 sitauctoritas
3443 1492 3752 1560 Lactantii,
3788 1504 3859 1549 ut

2228 1566 2275 1617 ei
2299 1563 2591 1617 contradici
2623 1578 2726 1615 non
2767 1561 2951 1630 possit,
2984 1571 3038 1615 et
3069 1559 3323 1616 Aurelius
3379 1561 3571 1617 Victor
3629 1565 3859 1619 scribat

2229 1633 2501 1688 Galerium
2527 1634 2814 1699 potentiam
2837 1631 3067 1704 Caasaris
3084 1646 3256 1704 a_nnos
3279 1631 3544 1704 tredecim
3569 1639 3858 1704 gessisse,

2231 1704 2509 1773 imperium
2540 1702 2928 1773 quinquennio,
2957 1710 3067 1773 tum
3099 1701 3394 1773 Eutropius
3437 1705 3492 1756 in
3521 1701 3687 1759 initio
3721 1707 3861 1760 libri

2231 1776 2379 1838 noni,
2405 1784 2459 1828 et
2481 1783 2667 1826 auctor
2688 1772 3326 1842 ChroniciAlexandrini,
3358 1789 3413 1842 p.
3438 1773 3575 1839 65t,
3604 1776 3864 1832 doceant

2234 1843 2641 1909 Constantium,
2693 1842 2783 1912 qui
2822 1840 3003 1895 Caesar
3048 1857 3168 1895 cum
3239 1840 3463 1898 Galerio
3516 1844 3703 1900 factus
3740 1859 3860 1912 est,

2234 1914 2433 1967 obiisse
2456 1913 2743 1985 Eboraciin
2767 1912 3061 1977 Britanni,
3091 1927 3236 1966 anno
3255 1912 3474 1985 decimo
3493 1919 3674 1985 tertio
3697 1918 3864 1985 prin-

2234 1985 2443 2053 cipatus
2472 1984 2575 2053 sui,
2613 1986 2662 2036 in
2719 1982 3021 2053 fragmento
3066 1992 3328 2050 praeterea
3384 1983 3456 2039 de
3510 1982 3864 2042 Constantio

2233 2054 2525 2123 Chloro.p.
2549 2052 2676 2114 472,
2694 2054 2900 2122 legatur
2918 2052 3190 2107 Galerium
3215 2054 3517 2122 imperasse
3547 2058 3720 2112 annis
3750 2075 3865 2113 no-

2233 2124 2552 2189 vemdecitn,
2585 2136 2804 2178 necesse
2831 2133 2915 2177 est
2957 2132 3015 2175 ut
3045 2124 3096 2177 in
3122 2137 3240 2177 eam
3270 2129 3606 2182 sententiam
3654 2142 3868 2184 conceo

2233 2193 2444 2259 damus,
2477 2209 2598 2264 qua:
2622 2193 2911 2264 potentiam
2938 2194 3055 2261 ejus
3087 2195 3223 2247 intra
3256 2198 3641 2251 novemdecim
3671 2214 3865 2254 annos

2232 2274 2467 2337 coercet,
2496 2263 2551 2337 et
2578 2263 2881 2337 quindecim
2910 2264 3029 2337 illos
3055 2279 3226 2318 annos
3250 2281 3346 2331 per
3375 2278 3519 2333 quos
3542 2283 3680 2323 cum
3710 2285 3863 2337 gen-

2234 2334 2376 2388 tibus
2398 2335 2638 2388 barbaris
2670 2336 2905 2394 luctavit,
2932 2336 3354 2404 interpretemur
3375 2338 3577 2404 partim
3609 2338 3694 2394 de
3718 2334 3863 2395 ‘bcl-

2234 2405 2297 2457 lis
2327 2421 2445 2473 qure
2476 2405 2586 2479 illic
2610 2406 2777 2479 gessit
2801 2419 2922 2457 cum
2955 2403 3130 2457 adhuc
3168 2403 3423 2479 privatus
3441 2418 3614 2475 esset,
3643 2413 3864 2479 partim

2235 2487 2512 2544 postquam
2541 2474 2723 2550 Caesar
2747 2476 2921 2550 iactus
2951 2482 3055 2535 est,
3084 2484 3137 2550 et
3167 2475 3317 2529 initia
3336 2474 3701 2550 principatus
3734 2483 3866 2550 ejus

2231 2543 2644 2619 revocemus_ad
2674 2543 3180 2619 kaiendasinartias
3219 2543 3610 2619 anni—2931'ut
3639 2552 3730 2606 sic
3761 2543 3866 2619 per

2230 2630 2402 2690 annos
2426 2613 2907 2690 135_Caasar_fu_isse
2926 2614 3031 2690 dici
3055 2619 3223 2683 possit
3246 2632 3391 2670 anno
3413 2616 3545 2685 515,
3573 2635 3694 2690 quo
3726 2613 3865 2677 Dio-

2231 2685 2491 2739 cletianus
2517 2685 2767 2753 deposuit
2796 2685 3103 2753 imperium.

2299 2754 2498 2830 Caesare
2520 2757 2627 2830 ﬁlio
2653 2771 2767 2830 eno.
2794 2754 3017 2830 Calerii.
3051 2766 3111 2809 ut
3138 2757 3354 2825 Opinor,
3388 2757 3555 2823 infra,
3583 2774 3726 2830 cap.
3761 2762 3861 2829 35,

2230 2827 2594 2902 cemmendatis
2638 2824 2836 2902 [licinie
2882 2826 3109 2902 conjuge
3144 2824 3240 2902 iuta
3287 2838 3334 2902 e_t
3384 2830 3542 2902 filio.
3576 2824 3863 2902 Nuspiani

2228 2896 2352 2950 alibi
2384 2897 2608 2971 iegimus
2647 2894 3051 2971 Gaierjoiilium
3071 2896 3268 2971 fuisse.
3291 2894 3436 2971 Sane
3460 2900 3506 2953 si
3532 2894 3861 2971 habuisset,

2228 2981 2295 3020 ex
2322 2964 2692 3034 prioreuxore
2732 2964 3028 3020 habuisset.
3060 2965 3179 3034 Quo
3215 2982 3343 3022 casu
3392 2968 3655 3025 Cmsares
3715 2964 3863 3030 duos

2228 3045 2376 3091 extra
2402 3052 2551 3091 suam
2580 3035 2831 3089 familiam
2854 3051 2959 3089 non
2980 3039 3286 3107 qutesiisset
3310 3055 3324 3093 :
3350 3040 3447 3093 sed
3478 3040 3665 3097 filium
3691 3060 3860 3100 suum

2230 3107 2405 3171 primo
2444 3107 2631 3161 saltent
2667 3108 2781 3160 loco
2817 3107 3172 3161 nominasset.
3207 3109 3284 3163 Ex
3325 3108 3548 3164 Valeria
3601 3129 3724 3168 non
3764 3119 3865 3170 ha-

2228 3175 2360 3230 buit.
2392 3174 2603 3231 Sterilis
2632 3176 2775 3230 enim
2809 3175 2926 3241 fuit,
2958 3186 3015 3231 ut
3045 3177 3207 3233 docet
3245 3178 3382 3234 infra
3424 3179 3767 3240 Lactantius
3808 3187 3860 3240 in

614 3252 867 3308 Licinium
914 3265 966 3321 νζ
996 3245 1310 3321 anna-cum:
1339 3247 1484 3321 mem
1516 3248 1678 3303 ιηάίι
1704 3248 2000 3321 Δξοονκιθε,
2084 3263 2122 3315 ι,
2152 3245 2198 3309 C
2230 3247 2404 3321 capite
2429 3247 2892 3321 quinquagesimo.
2936 3246 3060 3321 limo
3104 3248 3285 3317 itaque
3322 3250 3696 3321 intelligenda
3730 3269 3863 3311 sunt

543 3340 595 3379 c.
631 3325 687 3391 2,
713 3323 799 3377 ubi
830 3323 903 3376 ait
929 3319 1196 3391 Galerium
1224 3317 1625 3391 Maximianum
1667 3317 1866 3391 abiisse
1914 3332 1945 3373 e
1987 3319 2116 3385 vita,

541 3386 683 3448 cum'
711 3392 973 3448 Licinium
1020 3390 1168 3459 prius
1219 3390 1597 3459 imperatorem
1632 3386 1946 3452 creavisset,
1981 3398 2127 3443 vete-

541 3479 656 3519 rem
682 3465 935 3527 amicum,
966 3458 1031 3515 et
1052 3458 1490 3515 contubernalem
1538 3473 1713 3523 suum,
1742 3459 1833 3527 qui
1861 3473 1924 3513 ex
1961 3458 2123 3514 Dacia

538 3542 656 3589 erat
679 3532 953 3589 oriundus.

611 3603 697 3658 Ne
716 3604 883 3672 ﬁlium
905 3602 1209 3672 nominaret.
1241 3598 1354 3668 Ego
1398 3597 1633 3653 arbitror
1653 3597 1795 3672 hunc
1826 3597 2049 3672 ist_or_um_
2066 3608 2122 3655 et

538 3668 881 3745 sequentium
901 3671 1220 3745 _verborum
1271 3683 1489 3745 sensum
1522 3682 1662 3723 esse.
1691 3669 1836 3745 Cum
1875 3668 2122 3745 Galerius

537 3738 797 3799 Licinium
830 3741 1052 3797 haberet
1072 3749 1308 3794 veterem
1333 3738 1561 3793 amicum
1588 3747 1642 3792 et
1660 3738 2116 3807 contubernalem,

538 3815 725 3868 bonum
777 3812 985 3876 militia,
1014 3820 1072 3865 ut
1094 3809 1262 3865 Taciti
1304 3809 1467 3863 verbo
1496 3817 1633 3871 utar,
1686 3817 1731 3861 et
1784 3809 2007 3863 victoriis
2032 3826 2118 3864 so-

539 3885 700 3948 cium,
754 3882 908 3952 cujus
951 3880 1188 3936 consiliis
1235 3879 1301 3934 ad
1356 3879 1533 3952 omnia
1581 3878 2116 3952 regenda‘utebatur,

540 3954 713 4007 noluit
741 3948 917 4006 tamen
971 3952 1119 4005 illttm
1172 3952 1350 4004 facere
1376 3948 1665 4013 Czesarem,
1702 3963 1768 4002 ne
1800 3949 1965 4003 filium
1993 3965 2115 4004 eum

541 4024 864 4084 nominaret,
890 4035 1011 4075 cum
1050 4034 1156 4089 quo
1182 4035 1277 4089 per
1312 4033 1534 4089 omnem
1552 4020 1715 4089 vitam
1739 4020 1942 4073 vixerat
1971 4020 2117 4075 velut

540 4094 709 4148 frater
742 4109 753 4144 :
788 4092 881 4145 sed
906 4088 1264 4144 destinata’in
1310 4088 1522 4156 longum
1543 4088 1768 4156 jaciens,
1797 4105 1919 4142 eum
1952 4091 2003 4143 in
2033 4092 2115 4144 lo-

538 4178 661 4216 cum
688 4161 1007 4224 Constantii,
1026 4168 1116 4213 aut
1145 4159 1287 4213 brevi
1312 4158 1575 4223 morituri,
1597 4167 1687 4212 aut
1712 4168 1858 4214 certe
1888 4173 1982 4227 per
2002 4162 2111 4215 vim

539 4230 884 4293 deturbandi,
924 4230 1247 4284 substituere
1296 4228 1578 4297 cogitabat,
1612 4238 1668 4281 ut
1706 4230 1783 4281 sic
1815 4234 2110 4297 Augustum

539 4313 595 4355 et
624 4306 841 4357 fratrem
875 4308 1223 4369 nuncuparet.
1258 4298 1386 4353 Nam
1419 4301 1507 4368 qui
1557 4300 1753 4352 iiebant
1777 4297 2019 4354 Caesares
2058 4302 2110 4356 in

540 4373 775 4426 filiorum
803 4368 1082 4424 numerum
1113 4370 1416 4431 veniebant,
1444 4377 1499 4422 et
1524 4368 1616 4422 filii
1649 4374 2004 4438 Augustorum
2030 4371 2112 4425 di-

538 4442 815 4497 cebantur.
844 4440 943 4508 Qui
991 4455 1118 4495 vero
1168 4440 1609 4507 nuncupabantur
1662 4440 1881 4508 Augusti
1921 4439 2111 4496 fratres

539 4507 924 4580 imperatorum
985 4510 1412 4580 appellabantur,
1443 4517 1502 4562 ut
1549 4522 1709 4578 supra
1759 4507 1989 4564 vidimus
2040 4511 2109 4567 de

541 4579 863 4637 Maximiano
906 4579 1173 4637 Herculio.
1378 4637 1388 4643 _

1301 4637 1388 4719 Ad
1423 4648 1749 4719 exemplum
1774 4645 2107 4719 Diocléliani,
2135 4622 2191 4683 D

537 4724 624 4793 qui
658 4732 775 4792 post
816 4735 1075 4793 emensos
1125 4717 1489 4793 novemdecim
1520 4733 1690 4772 annos
1740 4718 1947 4793 imperii
1988 4717 2109 4793 Boi-

538 4788 679 4848 omni
706 4792 945 4854 veniens,
963 4790 1110 4845 initia
1138 4788 1381 4858 vigesimi
1410 4797 1559 4843 tanto
1586 4798 1841 4857 apparatu
1868 4790 2109 4845 celebra-

536 4864 629 4927 vit,
658 4873 713 4917 ut
760 4870 1041 4931 propterea
1094 4858 1293 4914 dixerit
1321 4858 1534 4931 Sestus
1585 4858 1754 4931 Rufus
1780 4868 1957 4913 notam
1989 4877 2110 4917 esse

536 4928 784 5002 pompam
813 4928 1070 5002 victoriae,
1093 4944 1227 5002 quur
1252 4929 1351 5002 sub
1382 4928 1712 5002 Diocletiano
1758 4931 1997 5002 principe
2026 4948 2109 4987 re-

534 4997 737 5069 portata
764 5002 831 5055 de
858 5000 1034 5055 Persis
1062 4997 1166 5055 est.
1196 4998 1303 5053 Sed
1336 4997 1559 5069 multum
1589 5012 1655 5059 eo
1686 4997 1924 5069 tempore
1937 4997 2113 5057 'dista-

530 5067 623 5126 bat
642 5072 887 5126 Galerius
907 5085 935 5121 a
952 5068 1311 5123 vicennalibus
1336 5067 1601 5123 suis.Nam
1620 5082 1685 5124 ex
1713 5067 1887 5139 capite
1910 5070 1979 5125 35
2008 5071 2104 5125 hu-

529 5142 617 5209 jus
663 5142 786 5196 libri
832 5139 1099 5208 colligitur
1140 5154 1201 5192 ea
1254 5139 1513 5193 celebrari
1571 5138 1819 5194 debuisse
1860 5138 2102 5196 kalendis

534 5211 775 5276 martiis,
833 5225 951 5279 qua:
996 5217 1221 5263 mortem
1268 5209 1385 5281 ejus
1412 5209 1712 5281 subsecutae
1756 5218 1897 5263 sunt.
1938 5210 2103 5281 Igitur

532 5292 774 5336 mortuus
811 5289 894 5335 est
921 5294 1061 5333 anno
1088 5294 1150 5333 ex
1184 5294 1288 5349 quo
1317 5279 1497 5333 Caesar
1545 5280 1715 5333 factus
1763 5289 1847 5333 est
1890 5279 2099 5336 decimo

531 5366 675 5405 nono
702 5352 1065 5415 ineunte,cum
1088 5350 1280 5404 obierit
1308 5364 1490 5403 mense
1517 5351 1770 5417 maio,qni
1799 5350 1887 5402 fuit
1915 5354 2098 5417 proxi-

532 5437 649 5476 mus
697 5430 821 5475 ante
847 5421 987 5475 diem
1019 5419 1389 5474 vicennalium.
1421 5418 1658 5472 Mortuus
1675 5431 1755 5473 est
1776 5432 1951 5475 autem
1974 5436 2095 5477 cum

528 5502 707 5558 ageret
739 5501 982 5545 octavum
1045 5494 1399 5550 consulatum,
1431 5497 1489 5541 ut
1514 5489 1765 5557 scriptum
1794 5501 1875 5543 est
1915 5492 1964 5545 in
2000 5496 2097 5548 hac

532 5563 752 5615 historia
782 5562 912 5615 etin
957 5560 1130 5614 Fastis
1174 5558 1441 5613 Iilatiztnis.
1477 5564 1563 5621 At,
1596 5566 1639 5611 si
1669 5560 1764 5613 ista
1791 5577 1913 5614 vera
1946 5574 2090 5627 sunt,

525 5636 793 5697 qucmiodo
820 5632 931 5683 fieri
964 5641 1134 5693 potest
1180 5641 1235 5682 ut
1261 5628 1506 5683 Galerius
1561 5630 1899 5698 imperaverit
1939 5636 2092 5688 annis

528 5715 634 5770 uno
648 5711 700 5754 et
731 5703 912 5770 viginti
931 5702 953 5752 Ἰ
973 5700 1075 5754 Tot
1108 5698 1247 5770 enim
1276 5711 1621 5770 numerantur
1642 5717 1669 5749 ει
1695 5704 1976 5754 consulatu
2002 5703 2092 5757 Ti-

526 5769 726 5823 beriani
757 5768 809 5822 ei
837 5771 1034 5832 Dionis,
1062 5786 1169 5837 quo
1194 5768 1437 5821 Galerius
1467 5769 1660 5822 dicitur
1687 5771 1858 5823 factus
1884 5774 2087 5837 Caesar,

524 5851 691 5911 usque
724 5839 792 5895 ad
817 5838 1147 5895 consulatum
1189 5839 1305 5909 ejus
1350 5849 1614 5896 octavum.
1649 5840 1848 5897 Deinde
1891 5841 2007 5913 ipse
2034 5844 2088 5903 iu

2229 3317 2297 3397 de
2324 3316 2690 3397 Candidiano.
2723 3318 2813 3397 qui
2848 3318 3008 3397 paulo
3036 3328 3159 3387 post
3196 3316 3537 3397 nominatur:
3569 3334 3630 3378 et
3668 3342 3857 3397 quem

2228 3387 2538 3442 Lactantius
2586 3386 2721 3441 infra
2776 3388 2846 3461 in
2885 3386 3076 3443 eodem
3139 3391 3317 3458 capite
3346 3386 3861 3461 _quinquage'sinto

2226 3467 2446 3513 annotat
2499 3473 2566 3512 ex
2623 3457 2919 3511 concubina
2974 3457 3215 3521 natum,
3253 3476 3282 3514 a
3344 3457 3574 3517 Valeria
3634 3457 3857 3522 Galerii

2226 3542 2392 3582 uxore
2420 3529 2729 3602 adoptatum
2754 3529 2829 3602 ob
2856 3528 3223 3602 sterilitatem,
3251 3545 3315 3584 ac
3338 3531 3698 3602 desponsum
3726 3540 3856 3592 tiliae

2224 3602 2469 3671 septenni
2496 3597 2768 3671 Maximini
2801 3598 3044 3667 Augusti.
3079 3600 3233 3671 liunc
3261 3615 3395 3671 ergo
3427 3597 3730 3661 Caesarem
3774 3609 3857 3661 fa-

2222 3683 2347 3750 cere
2373 3669 2678 3750 destinabat
2708 3677 2856 3750 priier
2874 3677 3011 3749 post
3027 3668 3693 3750 eelebrata'vicennalia.
3744 3683 3853 3734 Uc-

2220 3738 2365 3793 cisus
2390 3749 2472 3793 est
2497 3749 2673 3793 autem
2710 3736 2740 3791 a
2775 3736 2982 3794 Licinio
3022 3738 3396 3797 Candidianus
3434 3757 3594 3800 anno
3634 3744 3855 3805 Christi

2221 3809 2347 3872 515,
2369 3810 2541 3863 tetatis
2562 3824 2671 3863 suae
2695 3807 2782 3863 l6.

2292 3878 2416 3948 Ipse
2448 3879 2739 3957 deponeret.
2770 3878 3080 3957 Imperium.
3112 3879 3479 3957 Meditabatur
3508 3900 3656 3957 ergo
3683 3888 3853 3945 cale.

2220 3951 2333 4005 rius
2362 3948 2722 4005 secesSionem
2759 3965 2787 4001 a
2817 3948 3092 4017 republica
3125 3961 3245 4018 post
3283 3948 3742 4014 celebrationem
3771 3962 3854 4016 vi-

2219 4021 2541 4085 cennalium,
2574 4029 2632 4074 ut
2661 4020 2927 4074 fortunam
2972 4020 3290 4077 Diocletiani
3333 4023 3690 4084 imitaretur.
3738 4030 3847 4087 Sed

2219 4090 2361 4145 Deus
2390 4101 2580 4169 cuncta
2611 4089 2761 4169 illius
2780 4091 3010 4159 cogitata
3045 4090 3321 4169 dissolvit.
3352 4092 3498 4169 Nam
3529 4112 3728 4169 neque
3768 4104 3846 4156 vi-

2217 4162 2460 4215 cennalia
2499 4160 2809 4225 celebravit,
2841 4173 3012 4228 neque
3039 4160 3442 4219 Candidianum
3472 4166 3608 4224 fecit
3627 4160 3844 4227 ἀπετι-

2216 4246 2354 4296 rem,
2385 4246 2482 4287 nec
2510 4232 2766 4301 consequi
2796 4233 2967 4301 potuit
2990 4233 3085 4285 otii
3115 4231 3494 4290 dulcedinem.

2802 4340 3029 4399 CAPUT
3067 4340 3215 4399 XXI.

2284 4436 2671 4507 Torquebantur
2682 4437 2996 4491 decuriones.
3016 4436 3149 4492 Rem
3182 4439 3345 4493 istam
3369 4446 3676 4500 annotavit
3703 4447 3839 4503 Lac-

2214 4509 2411 4565 tantius
2440 4518 2689 4577 tanquam
2725 4517 2899 4561 actam
2934 4518 3123 4562 contra
3163 4510 3253 4577 jus
3292 4519 3351 4564 et
3406 4526 3659 4571 morem.
3707 4519 3839 4574 Nam

2209 4578 2332 4649 jure
2372 4579 2513 4633 civili
2556 4578 2919 4650 Romanorum
2950 4593 3066 4650 non
3105 4578 3306 4634 licebat
3346 4589 3624 4650 torquere
3669 4589 3837 4643 decu-

2214 4650 2413 4715 riones,
2439 4657 2496 4704 ut
2514 4657 2671 4719 patet
2683 4663 2748 4703 ex
2771 4648 2996 4719 epistola
3016 4649 3360 4705 Constantini
3388 4648 3470 4707 ad
3485 4654 3836 4714 Probianum

2212 4717 2586 4795 proconsulem
2600 4717 2818 4773 Africae.
2842 4717 3336 4795 Quare_Ba_ronius,
3352 4722 3437 4795 ad
3459 4738 3685 4782 annum
3706 4729 3835 4795 3H,

2211 4788 2463 4869 admouet
2488 4790 2618 4869 Acta
2649 4788 2979 4869 purgationis
3017 4788 3528 4869 Felicis,_episcopi
3558 4788 3836 4869 Aptungi;

2211 4862 2635 4935 tani,‘cprrupt_a
2674 4859 3056 4935 esseueo-ioco
3088 4860 3190 4935 ubi
3212 4859 3486 4935 @lianus‘
3526 4859 3836 4935 μτόωηζυι

2210 4927 2754 5005 aitradjugetjtium}
2776 4927 2901 4981 Noli
2930 4930 3100 4999 itaque
3130 4930 3222 4984 tibi
3246 4933 3505 4999 blandiri,
3526 4927 3690 5005 'quod
3721 4958 3834 4994 cuin

2212 5002 2338 5080 mihi
2357 5000 2498 5057 dicas
2527 5000 2624 5080 _Dei
2652 5000 2894 5080 culicum
2915 5009 2963 5053 te
2986 5017 3114 5080 esse,
3138 5018 3202 5055 ac
3232 5013 3518 5080 propterea
3546 5000 3678 5063 'non
3721 5029 3835 5080 pos-

2211 5072 2569 5151 {is-torqueri;
2607 5079 2680 5151 ei
2701 5070 3018 5151 decurionem
3057 5070 3349 5151 legendum
3387 5073 3529 5151 _heic
3561 5070 3833 5151 esse'pro

2210 5138 2309 5194 Dei
2336 5138 2600 5196 cultorem.
2642 5139 2833 5196 Postea
2863 5149 3063 5208 tamen,
3097 5138 3156 5196 ιὶι
3194 5143 3307 5197 illic
3348 5144 3625 5203 observat
3673 5138 3830 5207 Ba'ro-

2209 5212 2352 5277 nius,
2398 5212 2780 5266 Constantinus
2821 5211 2992 5280 legem
3035 5212 3175 5279 tulit,
3221 5226 3281 5268 ut
3324 5214 3684 5278 decuriones
3727 5233 3829 5277 tor-

2207 5284 2357 5351 queri
2387 5283 2573 5338 liceret
2596 5281 2649 5336 in
2679 5281 2905 5351 crimine
2932 5280 3072 5336 falsi.

2280 5350 2764 5434 Perfectiesintieiri.
2786 5350 3112 5434 Laciantius,
3136 5352 3231 5413 lib.
3248 5354 3552 5434 vlostitui.
3580 5377 3714 5434 cap.
3733 5364 3824 5418 I5:

2208 5420 2785 5499 {Veino'perljectissimus
2812 5422 2911 5499 nisi
2938 5423 3027 5490 qui
3051 5440 3247 5499 oni_ne§_
3270 5427 3471 5499 gradus
3505 5420 3822 5499 impleverit.

2204 5490 2692 5547 Perfeciissimatus
2723 5492 2972 5562 dignitas.
2999 5503 3059 5547 ut
3094 5495 3170 5548 ait
3208 5490 3463 5551 Valesius
3493 5490 3711 5557 ad'lib.
3745 5520 3821 5557 xxi

2204 5564 2470 5616 Ammiani
2501 5562 2810 5626 Marcellini,
2839 5564 3017 5617 minor
3055 5575 3173 5618 erat
3210 5566 3640 5629 clarissimatu:
3692 5588 3745 5629 et
3774 5584 3821 5626 ut

2201 5630 2495 5713 Clarissimi
2522 5634 2659 5713 apud
2699 5618 3007 5713 praefectum
3048 5635 3182 5713 urbi
3200 5618 3819 5707 coniverit—ie-l‘i‘aiiinrisio

2200 5701 2573 5771 perfectissimi
2600 5701 2740 5772 apud
2768 5704 3019 5758 vicariam
3046 5706 3457 5771 prmfccluratlt.
3489 5711 3643 5770 Vide
3665 5701 3816 5770 etiam

2200 5781 2354 5826 notas
2379 5773 2621 5826 Balduini
2666 5779 2716 5826 in
2752 5774 2996 5827 Eumeuii
3027 5778 3333 5831 orationem
3376 5778 3448 5834 de
3490 5783 3720 5841 scholis
3748 5788 3815 5839 in-

2197 5843 2525 5912 staurandis,
2548 5843 2815 5911 Juretum,
2849 5846 2902 5901 in
2941 5846 3085 5904 notis
3118 5847 3190 5905 ad
3234 5847 3545 5922 epistolam
3572 5855 3667 5931 ,40
3703 5852 3816 5921 libri
