3960 6330
181 347 283 415 555

852 349 1100 419 lNOTtE
1135 357 1203 417 IN
1242 360 1369 418 LIB.
1416 362 1503 418 DE
1540 352 1891 418 MOBTIBUS
1930 351 2318 420 PERSECUT.
2357 360 2508 419 CAP.
2554 359 2724 420 XXX.

3361 362 3465 425 554

183 475 282 541 bis,
314 475 401 531 ubi
454 476 647 553 legitur
690 475 997 553 Herculium
1053 477 1120 532 ab
1156 477 1369 553 lllyrico
1412 478 1770 549 repudiatum,
1798 477 1853 537 Α
1952 478 2135 553 Generi
2174 479 2362 553 ﬁlium.
2394 478 2524 532 Nam
2555 478 2901 553 Constantius
2922 478 3266 553 Constantini
3296 494 3465 553 pater,

186 548 681 620 tauqnainsialiter
709 548 989 620 repudiari
1024 563 1129 620 non
1162 548 1443 618 potuisset,
1476 548 1632 620 quam
1668 564 1767 603 ne-

185 624 296 690 gata
338 619 399 690 ei
435 618 764 687 habitatione
804 619 1017 690 Illyrici.
1058 619 1226 674 Verus
1270 630 1448 675 autem
1481 618 1768 675 verborum

187 684 445 759 Eumenii,
473 700 531 743 ut
556 684 657 757 ego
681 684 898 759 quidem
920 691 1171 752 arbitror,
1204 706 1395 746 sensus
1416 692 1504 747 hic
1529 706 1650 746 esse
1675 691 1771 746 de-

184 758 284 842 bet,
339 770 397 813 ut
422 761 491 815 ab
518 758 727 842 illyrico
756 760 1068 842 repudiatus
1110 760 1340 827 dicatur,
1380 763 1502 842 quia
1536 762 1771 842 illiant

185 832 428 897 diximus,
452 831 797 885 suasionibus
824 831 935 886 suis
967 832 1182 887 elllcere
1205 848 1308 886 non
1348 831 1518 901 potuit
1558 845 1614 886 ut
1648 833 1773 888 Dio-

185 902 436 973 cletianus
466 912 767 957 resumeret
796 902 1099 970 imperiunm.
1125 903 1308 972 Neque
1330 920 1458 959 vero
1487 905 1769 973 repudium

183 971 306 1026 illud
323 974 551 1043 contigit
577 988 721 1027 anno
744 973 980 1043 secundo
1001 983 1121 1043 post
1149 971 1483 1028 consulatum
1505 971 1771 1028 decimum

185 1042 429 1114 Herculii.
461 1042 513 1097 id
541 1054 645 1111 est,
678 1058 820 1097 anno
844 1042 1040 1097 Christi
1068 1044 1200 1114 3l0,
1224 1054 1282 1098 ut
1305 1055 1456 1114 putat
1501 1044 1769 1110 Valesius,

185 1113 273 1168 sed
299 1113 475 1168 statim
503 1109 638 1185 post
651 1115 899 1186 collatam
933 1115 986 1167 in
1039 1109 1640 1186 Licinium'dignitatem
1673 1109 1775 1186 im}

250 1184 521 1239 ratoriam.
550 1185 826 1253 Siquidem
849 1185 1159 1239 Lactantius
1178 1187 1246 1240 de
1275 1184 1513 1240 discessu
1542 1186 1659 1253 ejus
1703 1184 1772 1239 ab

211 1255 389 1325 llyrico
416 1258 498 1326 sic
522 1256 733 1320 scribit,
759 1266 1009 1325 tanquam
1040 1256 1109 1310 de
1136 1256 1253 1326 l'nga
1278 1258 1583 1325 desperata,
1611 1258 1773 1311 adeo-

184 1341 282 1397 que
302 1327 367 1381 de
391 1325 649 1397 discessu
690 1327 867 1381 subito
893 1336 969 1397 et
995 1325 1247 1397 prtecipiti
1287 1327 1637 1395 profectione.
1667 1329 1769 1381 De-

185 1395 335 1467 nique
366 1396 599 1451 reditum
640 1396 873 1451 Herculii
910 1396 976 1451 ad
1021 1395 1429 1452 Constantinum
1475 1398 1553 1452 sic
1591 1405 1774 1451 narrat

184 1466 441 1533 Valesius,
476 1480 733 1538 tanquam
780 1468 826 1521 si
858 1467 1090 1522 nondum
1122 1468 1214 1523 ille
1254 1469 1661 1523 Constantinum
1690 1470 1773 1523 vi-

183 1539 341 1594 disset
367 1547 488 1607 post
507 1541 846 1593 exactionem
877 1554 1031 1608 suam
1059 1538 1127 1593 ab
1159 1541 1288 1593 urbe
1313 1542 1501 1601 Roma,
1532 1541 1774 1608 adeoque

184 1608 316 1678 apud
338 1606 460 1664 eum
482 1618 813 1679 conquestus
840 1626 946 1663 non
973 1606 1162 1664 luisset
1191 1610 1259 1664 de
1298 1610 1389 1663 lilii
1416 1610 1497 1663 sui
1539 1606 1775 1665 crudeli-

185 1688 284 1735 tate
303 1679 586 1734 adversum
619 1695 711 1745 se;
738 1696 859 1734 cum
888 1690 1064 1734 tamen
1093 1689 1244 1735 certo
1293 1681 1525 1734 sciamus
1547 1696 1614 1734 ex
1644 1681 1774 1735 Lac-

185 1752 343 1821 tantio
391 1751 701 1805 Herculium
729 1751 896 1805 Roma
926 1752 1202 1821 profugum
1253 1754 1465 1806 venisse
1521 1753 1692 1817 primo
1720 1754 1771 1806 in

184 1820 400 1893 Calliam
431 1822 498 1875 ad
551 1820 1240 1887 Censtantinum,et’hinc
1281 1823 1332 1875 in
1389 1823 1652 1893 Illyricum
1706 1822 1771 1877 ad

187 1890 536 1963 Galerinm_et
560 1893 972 1963 Diocletianum,
999 1903 1052 1947 et
1082 1892 1151 1947 ab
1190 1894 1293 1948 isto
1324 1890 1656 1963 repudiatum
1688 1908 1776 1949 re-

184 1963 335 2017 diisse
360 1964 413 2017 in
445 1961 680 2018 Galliam
711 1963 776 2018 ad
808 1962 1240 2018 Constantinum.

252 2032 472 2102 Utroque
492 2043 763 2103 prasente.
793 2033 1124 2088 Diocletiano
1148 2035 1397 2089 nimirum
1422 2044 1475 2090 et
1499 2034 1774 2088 Maximia-

185 2119 253 2160 no
281 2103 552 2159 Herculio.
600 2102 774 2160 Unum
808 2104 928 2159 heie
953 2105 1188 2159 occurrit
1220 2106 1634 2160 examinandum
1658 2147 1671 2167 ,
1704 2122 1772 2161 an

185 2176 398 2230 istorum
430 2176 727 2245 praisentia
770 2175 1026 2229 trahenda
1065 2176 1133 2229 sit
1155 2177 1220 2230 ad
1249 2192 1593 2240 Consettsum,
1629 2192 1772 2245 pra:-

184 2246 358 2300 sertim
388 2260 513 2300 cum
552 2246 658 2300 ista
682 2256 974 2315 agerentur
1000 2261 1029 2299 a
1057 2245 1296 2311 Galerio,
1329 2248 1544 2301 homine
1579 2245 1768 2300 admo-

183 2316 301 2371 dum
334 2318 604 2385 pervicaci
630 2332 695 2372 ac
722 2319 991 2385 superbo.
1024 2327 1078 2372 et
1106 2320 1199 2386 qui
1228 2319 1416 2371 stricto
1453 2318 1598 2372 velut
1642 2333 1773 2373 ense

183 2388 476 2457 supplicare
499 2398 693 2443 suetus
717 2396 855 2452 erat,
877 2397 932 2442 et
955 2404 1020 2441 an
1043 2400 1346 2442 consensus
1364 2389 1453 2442 ille
1482 2388 1770 2444 trahendus

181 2472 381 2513 rursum
411 2459 482 2514 sit
509 2458 581 2512 ad
608 2468 863 2523 cieteros,
909 2473 1073 2528 penes
1102 2474 1236 2527 quos
1268 2458 1574 2526 reipublicm
1601 2468 1774 2528 potes-

182 2540 256 2582 tas
292 2537 426 2583 erat.
477 2528 619 2584 Nam
670 2530 721 2583 id
753 2530 934 2583 dicere
981 2529 1191 2583 videtur
1218 2528 1482 2583 Eusebius
1521 2529 1611 2582 lib.
1653 2545 1768 2596 vm,

181 2613 289 2669 cap.
321 2599 386 2674 ιβ
412 2618 425 2654 :
450 2603 676 2661 Λικίνιος
699 2599 752 2655 δὲ
794 2601 877 2655 ἐπὶ
915 2602 1113 2674 τούτοις
1156 2601 1257 2674 ὑπὸ
1296 2609 1457 2674 κοινῆς
1485 2599 1655 2674 ψήφῳ
1672 2609 1771 2655 τῶν

180 2669 493 2747 aput-atier
518 2674 859 2747 αὐτοκράτωρ
880 2675 981 2747 ιιοιὶΔ
1002 2673 1256 2732 σιϐαστός
1286 2669 1582 2747 ὼαπέφήνεξ
1619 2672 1772 2747 Hunc

181 2740 344 2811 locum
387 2740 719 2811 interpretes
768 2740 839 2797 in'
870 2744 1050 2796 varios
1075 2757 1266 2796 sensus
1284 2740 1672 2811 traduxerunt.
1706 2743 1771 2797 Et

180 2809 411 2866 Bullinus
440 2809 667 2882 quidem
714 2812 783 2866 ita
816 2815 975 2867 vertit
1003 2829 1017 2865 :
1053 2812 1160 2867 Sed
1188 2821 1235 2865 et
1265 2810 1490 2865 Licinius
1515 2814 1771 2866 communi

181 2883 393 2936 omnium
417 2884 675 2938 sententia
696 2885 925 2953 adscitus
952 2886 1005 2936 in
1031 2884 1330 2952 imperium,
1369 2886 1625 2951 Augustus
1652 2900 1772 2953 pro-

180 2953 453 3007 nuntiatur.
487 2953 766 3009 Museulus
801 2971 814 3007 :
849 2952 1080 3007 Licinius
1102 2969 1219 3007 vero
1236 2955 1496 3007 communi
1521 2957 1769 3009 sententia

181 3033 521 3095 potentatuum
579 3034 627 3077 et
674 3025 803 3095 ipse,
830 3025 1108 3093 imperator
1155 3035 1202 3077 et
1241 3025 1504 3092 Augustus
1542 3035 1764 3079 creatur.

180 3093 704 3165 ChristOphorsonus‘
730 3112 744 3149 τ
773 3094 1004 3149 Licinius
1031 3096 1268 3165 deinceps
1309 3096 1563 3149 cominuni
1593 3111 1768 3151 eorum

180 3162 414 3236 suffragio
440 3177 488 3220 et
518 3182 775 3220 consensu
804 3183 954 3233 penes
981 3182 1109 3235 quos
1131 3162 1331 3220 summa
1358 3175 1579 3235 potestas
1617 3176 1724 3220 erat
1747 3209 1762 3236 ,

181 3235 445 3307 imperator
484 3248 533 3291 et
580 3238 841 3307 Augustus
868 3238 1178 3291 declaratur.
1218 3237 1456 3307 Denique
1484 3236 1767 3296 Valesius:
1796 3238 1843 3302 C

178 3305 396 3361 Licinius
463 3304 731 3361 communi
788 3307 1153 3373 imperatorum
1226 3304 1473 3376 su/fragio
1546 3307 1770 3375 impera-

179 3385 271 3450 εον⁸
297 3385 344 3432 et
386 3378 657 3450 Augustus
705 3378 993 3432 declaratus
1058 3377 1655 3450 est.7Rullinus_igitur
1714 3381 1765 3435 in

176 3446 437 3519 ambiguo,
463 3446 729 3519 relinquit
799 3464 936 3518 quos
966 3449 1188 3519 intelligi
1231 3450 1381 3502 velit.
1440 3448 1621 3518 Neque
1657 3450 1767 3504 cla-

177 3518 279 3589 rius
304 3518 362 3575 se
390 3518 674 3576 Masculus
712 3522 946 3589 explicat
970 3559 986 3582 .
1033 3518 1161 3588 quid
1209 3527 1576 3588 potentatuum
1607 3536 1766 3575 voca-

177 3587 294 3661 bulo
314 3590 628 3660 signiﬁcare
650 3587 805 3661 velit,
836 3587 1099 3646 incertum
1139 3587 1552 3661 relinquens.At
1579 3590 1766 3646 Chriso

175 3660 526 3730 topborsonus
556 3670 618 3715 et
646 3660 889 3717 Valesius
929 3672 1115 3732 aperte
1169 3663 1517 3732 pronuntiant
1574 3661 1624 3714 id
1655 3661 1764 3717 l'ac-

177 3738 277 3784 tum
307 3745 426 3788 esse
448 3737 730 3788 communi
774 3731 1158 3804 imperatorum
1180 3773 1213 3804 ,7
1236 3731 1349 3804 sive
1380 3746 1566 3786 eorum
1598 3747 1763 3799 penes

177 3814 300 3867 quos
318 3818 526 3857 summa
554 3812 800 3874 potestas
827 3802 966 3867 erat,
1000 3803 1277 3874 suffragio.
1307 3802 1631 3874 Verum_ista
1682 3803 1762 3858 itt-

178 3876 479 3944 terpretatio
530 3872 826 3944 plurimum
874 3874 1034 3928 habet
1078 3873 1428 3928 dillieultatis.
1474 3872 1607 3927 Nam
1637 3889 1759 3929 cum

178 3941 311 4015 istud
328 3941 622 4015 concilium
657 3946 1084 4015 praecipitanter,
1123 3954 1178 3998 ut
1210 3944 1382 4013 palam
1410 3952 1513 4008 est,
1542 3954 1757 4011 captum

177 4026 212 4087 tt
226 4012 434 4070 Galerio
460 4016 553 4084 sit,
587 4012 849 4087 temporis
876 4019 1136 4084 angustia:
1166 4012 1274 4069 nun
1296 4015 1663 4083 permiserunt
1703 4025 1761 4069 ιιι

176 4080 457 4153 Cassarum,
487 4080 579 4157 qui
607 4087 664 4141 in
691 4080 980 4155 provinciis
1008 4095 1181 4149 erant,
1214 4080 1509 4157 consensus
1538 4093 1758 4155 expete-

179 4162 344 4222 retur;
387 4167 443 4213 et
474 4156 582 4212 non
612 4167 731 4212 erat
772 4159 858 4212 hic
888 4173 1003 4212 mos
1040 4157 1257 4213 Galerii.
1302 4156 1565 4211 Prteterea
1608 4167 1759 4211 certo

177 4224 337 4296 colligi
360 4237 539 4298 potest
564 4244 630 4284 ex
662 4228 894 4284 Eusebio
927 4236 981 4283 et
1011 4227 1323 4294 Lactantio,
1358 4228 1429 4280 uti
1461 4237 1645 4296 postea
1671 4228 1756 4281 di-

178 4307 387 4364 cemus,
415 4314 484 4355 ne
527 4314 596 4355 ue
626 4298 995 4365 Maximinum,
1031 4313 1200 4366 neque
1235 4298 1645 4352 Constantinum
1677 4299 1758 4352 in-

178 4373 463 4424 terroaatos
486 4314 682 4424 ﬁnisse.
712 4370 896 4424 Neuue
922 4370 1195 4424 probabile
1224 4369 1349 4423 item
1371 4378 1453 4423 est
1496 4368 1753 4423 Maxentii

178 4373 463 4439 terrogatos
489 4368 682 4441 fuisse.
712 4370 896 4441 Neque
921 4370 1195 4438 probabile
1224 4369 1349 4423 item
1371 4378 1453 4423 est
1496 4368 1753 4441 Maxentii

178 4449 485 4512 consensum
515 4440 687 4512 luisse
715 4440 1054 4512 requisitum,
1080 4440 1528 4512 adversnsgquem
1558 4440 1752 4493 bellum

180 4510 473 4581 parabatur.
508 4509 809 4581 Reliquuin—
842 4513 1001 4578 igitur
1029 4522 1112 4567 est
1140 4520 1195 4564 ut
1223 4509 1311 4563 hic
1340 4509 1564 4581 Eusebii
1604 4512 1753 4565 locus

179 4577 495 4651 intelligatur
513 4585 585 4637 de
603 4577 1034 4652 Imperatotibus,
1066 4582 1319 4652 nimirun't
1338 4580 1405 4634 de
1425 4580 1752 4635 Diocletiano

178 4650 422 4722 veterano
446 4653 600 4722 Rege
619 4694 635 4721 ,
670 4650 739 4707 de
765 4653 1080 4708 Maximiano
1110 4650 1379 4711 Herculio.
1406 4652 1492 4719 qui
1517 4659 1626 4704 tmn
1655 4653 1753 4705 im-

175 4721 373 4793 perium
401 4721 794 4793 resumpserat,
832 4724 975 4779 etde
997 4723 1212 4779 Galerio
1247 4723 1585 4793 Maximiano.
1619 4722 1751 4777 Nam

179 4788 227 4865 bi
257 4799 362 4847 tres
401 4802 514 4865 tum
552 4788 710 4850 erant
735 4788 994 4851 Carnunti
1014 4836 1029 4862 ,
1058 4809 1181 4865 cum
1212 4792 1447 4847 Licinius
1478 4792 1646 4847 lactus
1672 4802 1757 4865 est

178 4857 458 4934 Augustus.
489 4864 678 4934 Itaque
705 4881 892 4921 verum
922 4857 1026 4919 non
1055 4860 1139 4921 est
1164 4865 1308 4918 omni
1335 4878 1399 4919 ex
1424 4873 1573 4931 parte
1614 4864 1756 4932 quod

181 4930 290 4987 heic
308 4935 382 4989 ait
403 4930 692 5001 Eusebius,
718 4936 976 4991 Licinium
1007 4937 1200 4991 factum
1228 4950 1347 4989 esse
1374 4930 1752 5003 imperatorem

179 5010 229 5053 et
246 5004 542 5075 Augustum
561 5008 1034 5063 communieorum
1056 5020 1341 5072 consensu,
1368 5006 1458 5074 qui
1476 5016 1587 5059 tum
1612 5021 1756 5060 rem-

178 5073 433 5147 publicam
458 5078 826 5147 possidebant.

246 5143 348 5201 Sea:
364 5143 603 5271 gerunt.
631 5149 888 5204 Nimirum
918 5149 1269 5204 Maximianus
1302 5146 1581 5203 Herculius
1601 5187 1615 5209 ,
1655 5145 1760 5201 Ga-

246 5215 332 5270 'ius
416 5220 756 5271 axitniauus.
787 5221 1106 5271 Maximinus
1130 5227 1491 5271 eotznontento
1517 5216 1645 5271 Daia
1674 5217 1759 5271 vel

180 5210 332 5288 lerius
364 5210 756 5288 Maximianus,
787 5221 1106 5275 Maximinus
1130 5227 1491 5288 cognomento
1517 5216 1645 5271 Daia
1674 5217 1759 5272 vel

180 5284 329 5357 Data.
351 5284 761 5357 Constantinus,
791 5290 1091 5346 Maxentius
1115 5299 1171 5345 et
1198 5284 1452 5344 Licinius.

216 5354 509 5436 ﬂeuerunt
541 5377 713 5436 suum.
747 5354 1154 5436 Constantinum
1178 5404 1190 5419 .
1221 5363 1308 5429 qui
1355 5360 1637 5436 austam_.
1672 5373 1759 5414 se-

180 5430 337 5483 nioris
373 5431 681 5486 Maximiani
714 5432 977 5487 minorem
1011 5434 1208 5497 liliam,
1248 5430 1407 5500 paulo
1434 5439 1558 5483 ante
1583 5432 1753 5485 duxe-

180 5506 285 5571 rat.
323 5504 514 5556 eodem
544 5516 686 5556 anno
732 5504 1005 5571 nimirum,
1036 5518 1141 5571 quo
1172 5513 1226 5556 et
1257 5503 1488 5557 Severus
1514 5502 1753 5564 occisus.

180 5577 230 5642 et
254 5567 484 5642 Licinius
514 5572 686 5627 laetus
718 5583 801 5628 est
829 5567 1140 5642 imperator.
1179 5572 1374 5627 incerti
1408 5573 1759 5642 panegyricus

179 5633 490 5712 Maximiano
514 5654 571 5696 et
596 5633 947 5698 Constantino
975 5644 1149 5697 dictus
1179 5644 1228 5697 in
1271 5633 1469 5712 nuptiis
1512 5633 1754 5696 Faustae:

184 5705 225 5787 ρ
249 5711 485 5787 diuinum,
502 5721 672 5787 tuum,
703 5714 1053 5776 Maximiane,
1081 5705 1361 5787 judicium,
1390 5716 1476 5787 qui
1505 5717 1640 5766 nunc
1670 5713 1759 5768 tibi

171 5778 287 5848 jure
310 5783 605 5857 adoptionis
619 5795 871 5863 nepotem,
902 5778 1185 5863 majesfatis
1203 5778 1378 5840 ordine
1389 5778 1579 5857 lilium,
1609 5787 1760 5839 etiam

178 5855 545 5923 generumcssc
573 5855 817 5919 voluisti!
858 5855 863 5857 ⁷
979 5855 996 5863 ⁷
1392 5855 1433 5905 λ

1805 1862 1853 1922 Β

1775 4619 1831 4680 D

1874 551 2172 617 repudiata,
2203 560 2259 623 ut
2281 552 2465 618 jussus
2489 562 2626 614 erat,
2662 551 2885 611 Helena.
2920 551 3261 608 Theodoram
3290 551 3465 623 duxit,

1873 636 2034 693 quam
2064 622 2304 675 nonnulli
2337 622 2551 675 tradunt
2576 622 2811 677 Herculii
2842 624 3006 677 liliam
3029 623 3216 692 luisse,
3245 626 3337 679 alii
3362 622 3471 695 pri-

1872 707 2111 749 νιαηειιιι.

1927 707 2170 829 gangliis:
2191 762 2385 833 regiam
2396 773 2601 816 vestem.
2625 764 2677 817 ld
2700 772 2804 829 est,
2829 779 3153 833 purpuram;
3178 774 3231 819 et
3258 768 3335 820 sic
3363 768 3469 823 ite-

1874 850 1993 891 rum
2018 833 2084 886 ad
2116 835 2276 886 vitam
2306 832 2571 904 privatam
2601 834 2785 904 rediit.
2823 832 3043 889 Fttt‘tttm
3073 836 3212 890 istud
3242 840 3309 891 ab
3337 838 3471 893 Her-

1876 907 2019 959 culio
2042 904 2229 957 scribit
2264 903 2563 975 Hadrianus
2597 903 2908 959 Valesinsin
2932 906 3067 959 libro
3095 908 3266 975 primo
3289 924 3467 965 rerum

1874 976 2280 1051 Francicarum,
2306 990 2359 1044 p.
2384 974 2477 1038 21,
2501 984 2786 1051 ﬂllll‘ﬂllillll
2817 974 3247 1051 proficisceretur
3271 979 3320 1032 in
3348 980 3471 1051 illy-

1876 1062 2058 1119 ryeum
2083 1088 2123 1119 ,_
2149 1046 2198 1097 id
2226 1056 2332 1119 est,
2374 1061 2516 1099 anno
2542 1047 2646 1119 307
2689 1059 2938 1101 exeunte.
2975 1046 3175 1101 Verttm
3209 1046 3471 1119 repugnat

1884 1115 2195 1187 Lactantius
2226 1115 2348 1169 huic
2391 1116 2707 1185 sententias,
2762 1122 2850 1187 qui
2896 1119 3184 1171 secundam
3233 1115 3468 1175 Herculii

1875 1186 2265 1241 abdicationem
2298 1187 2499 1258 diserte
2530 1186 2827 1241 revocatad
2854 1190 3147 1257 posteriora
3181 1201 3461 1258 tempora:

1876 1258 1968 1311 sed
1996 1272 2193 1310 annum
2227 1272 2330 1310 non
2373 1257 2590 1311 indicat.
2618 1258 2899 1312 Probabile
2935 1268 3108 1312 tamen
3142 1272 3223 1313 est
3256 1257 3305 1315 id
3354 1262 3469 1316 lac-

1879 1340 1989 1381 tum
2021 1344 2124 1380 non
2156 1330 2224 1379 ita
2258 1328 2424 1380 multo
2451 1337 2732 1397 postquam
2759 1330 2823 1381 ad
2849 1330 3254 1384 Constantinum
3279 1332 3472 1387 rediis-

1875 1408 1959 1453 set
1987 1414 2050 1454 ex
2075 1397 2309 1468 Illyrico,
2359 1398 2406 1451 id
2437 1410 2539 1461 est,
2574 1414 2714 1452 anno
2744 1399 2848 1455 508
2880 1403 3116 1464 ineunte,
3144 1405 3261 1466 ipso
3288 1404 3468 1458 decies

1875 1478 1931 1543 et
1957 1469 2281 1543 Maximiano
2304 1468 2511 1543 septies;
2530 1470 2862 1543 consulibus.
2887 1470 3019 1524 Nam
3044 1471 3187 1525 nulla
3213 1471 3472 1543 deinceps

1878 1539 2172 1594 facinorum
2208 1539 2323 1608 ejus
2351 1541 2552 1593 mentio
2595 1541 2823 1594 habetur
2853 1556 3021 1610 usque
3052 1543 3117 1595 ad
3142 1558 3339 1596 annmn
3364 1539 3470 1601 5ἱο

1877 1626 1983 1678 quo
2014 1610 2257 1685 interiit;
2290 1619 2343 1663 et
2373 1613 2453 1663 vir
2473 1611 2852 1685 cupidissimus
2881 1613 3143 1681 signando
3171 1628 3343 1685 annos
3373 1630 3470 1685 per

1876 1682 2194 1752 consulatus
2216 1694 2364 1752 suos,
2389 1682 2844 1749 consuldeinceps
2873 1698 2977 1735 non
2999 1685 3265 1752 reperitur
3282 1682 3468 1740 fuisse.
3548 1724 3555 1731 ρ

1953 1751 2149 1823 Relicta
2169 1750 2389 1823 militum
2421 1760 2582 1813 parte.
2627 1753 2678 1804 ln
2709 1750 3170 1823 potestate;soceri
3197 1760 3278 1807 sui
3309 1757 3474 1811 Maxi-

1880 1820 2064 1878 miani.
2092 1822 2196 1877 Sed
2223 1821 2385 1875 homo
2410 1824 2643 1889 perlidus
2665 1820 2758 1877 eos
2789 1824 3093 1877 sollicitavit
3114 1824 3179 1877 ad
3204 1824 3474 1882 defectio.

1881 1908 2024 1964 nem.
2064 1891 2261 1955 Testis,
2295 1891 2875 1964 prmterLactantium,
2908 1896 3200 1949 Eumenius
3224 1897 3273 1949 in
3308 1912 3472 1964 pane-

1877 1962 2063 2033 gyrico
2086 1978 2243 2032 quem
2270 1972 2451 2029 postea
2483 1963 2618 2016 dixit
2639 1964 3012 2027 Constantino,
3046 1966 3131 2020 ubi
3156 1980 3276 2019 cum
3300 1962 3468 2022 dixis-

1878 2044 1959 2104 set
1987 2033 2369 2088 Maximianum
2392 2048 2592 2100 genero
2613 2049 2711 2088 suo
2742 2035 3013 2104 pejerasse
3033 2078 3047 2101 ,
3077 2039 3258 2090 statim
3285 2039 3469 2095 addit:

1880 2103 2006 2157 [Iam
2030 2113 2103 2157 est
2134 2105 2283 2177 fides,
2309 2106 2416 2157 haec
2446 2105 2623 2175 religio
2646 2103 2862 2170 palatini
2883 2108 3097 2159 sacrarii
3123 2107 3301 2161 devota
3324 2126 3475 2177 pene-

1877 2177 2093 2249 tralibus
2119 2216 2133 2237 ,
2153 2185 2236 2249 _ut
2265 2175 2398 2249 lente
2421 2185 2467 2227 et
2495 2185 2821 2241 cunctanter,
2855 2178 2972 2249 jam
2999 2178 3187 2231 scilicet
3218 2175 3332 2232 cum
3369 2181 3474 2235 illis

1879 2247 1994 2299 belli
2020 2246 2272 2308 consiliis,
2288 2246 2480 2318 itinere
2502 2254 2733 2313 confecto
2752 2288 2768 2313 ,
2796 2246 3108 2318 consumptis
3133 2251 3293 2317 capiis
3322 2266 3473 2304 man-

1877 2319 2097 2375 sianum.
2132 2332 2194 2368 ne
2212 2316 2325 2389 quis
2346 2318 2584 2383 consequi
2605 2330 2771 2386 posset
2793 2316 3064 2383 exercitus,
3104 2316 3310 2389 repente
3338 2322 3475 2377 intra

1878 2389 2094 2454 parietes
2123 2387 2402 2440 consideret
2434 2401 2750 2458 purpuratus
2771 2430 2784 2452 ,
2817 2399 2862 2441 et
2890 2389 2966 2442 bis
3004 2387 3295 2458 depositum
3325 2396 3473 2447 tertio

1876 2468 2150 2527 usurparet
2180 2458 2480 2525 imperium,
2524 2458 2715 2512 litteras
2742 2460 2810 2511 ad
2837 2460 3191 2514 sollicitandos
3223 2465 3475 2517 exercitus

1876 2529 2113 2593 mitteret,
2145 2527 2297 2597 [idem
2328 2529 2547 2581 militum
2564 2530 2888 2597 prmiorum
2915 2532 3248 2584 ostentatione
3264 2536 3474 2587 turbare

1873 2607 2085 2651 tentaret
2114 2640 2128 2664 ,
2168 2614 2344 2671 secure
2374 2598 2561 2651 scilicet
2593 2615 2783 2671 usurus
2808 2613 3034 2671 exercitu
3060 2624 3083 2666 ,·
3103 2618 3251 2671 quem
3273 2605 3473 2660 venales

1876 2685 2059 2723 manus
2091 2668 2272 2722 habere
2301 2669 2571 2722 docuisset.
2619 2670 2772 2724 Istius
2802 2670 2904 2723 loci
2932 2668 3149 2725 sensum
3196 2671 3471 2730 Livineius

1874 2740 1947 2793 ait
1980 2741 2120 2795 hunc
2152 2755 2274 2796 esse
2295 2780 2308 2803 ,
2362 2752 2417 2792 ut
2449 2740 2799 2813 lliaximianus
2828 2740 3107 2797 Herculius
3139 2743 3472 2813 intelligatur

1874 2813 2230 2879 resumpsisse
2256 2824 2543 2881 purpuram
2570 2810 2795 2879 Arelati,
2817 2827 2935 2865 cum
2969 2813 3099 2867 urbe
3124 2810 3338 2881 pulsus,
3368 2815 3472 2869 Ita-

1875 2881 1941 2935 lia
1974 2881 2203 2949 lugatus.
2233 2895 2296 2934 ac
2334 2880 2549 2951 illyrico
2576 2885 2907 2949 repudiatus,
2948 2899 2975 2935 a
3008 2880 3361 2938 CnnStantiho
3388 2898 3473 2942 est

1874 2963 2150 3021 exceptus.
2183 2951 2351 3004 Recte
2378 2968 2542 3017 sane,
2589 2962 2843 3021 quantum
2886 2953 2950 3007 ad
3000 2953 3312 3010 Historiam.
3361 2956 3470 3012 Sed

1875 3026 2056 3093 nescio
2084 3024 2170 3076 ubi
2205 3023 2467 3093 invenerit
2510 3032 2625 3075 acta
2668 3026 2780 3076 hace
2826 3038 2946 3078 esse
2983 3025 3124 3093 apud
3169 3026 3465 3082 Arelatem.

1871 3091 2059 3162 Neque
2100 3097 2242 3147 enim
2269 3094 2318 3144 id
2367 3092 2493 3147 dicit
2525 3094 2819 3148 Eumenius
2841 3135 2854 3159 ,
2896 3095 2989 3149 sed
3015 3091 3218 3150 tantum
3248 3113 3307 3152 se
3336 3113 3472 3152 con-

1873 3163 2097 3218 clusisse
2126 3168 2178 3219 in
2209 3162 2422 3218 civitate
2450 3162 2785 3235 Arelatensi,
2830 3181 2937 3235 quo
2985 3181 3107 3220 eum
3158 3179 3470 3234 persecutus

1876 3242 1958 3308 est
1975 3238 2252 3308 exercitus
2277 3234 2656 3308 Constantini,
2703 3246 2757 3289 et
2799 3234 2922 3308 inde
2964 3236 3249 3291 Massiliam
3283 3253 3469 3308 p08lea

1876 3304 2107 3379 fugisse.
2128 3306 2249 3379 Mihi
2281 3317 2486 3359 certum
2543 3307 2753 3359 videtur
2795 3307 3099 3362 Herculium
3141 3304 3466 3379 purpuram,

1871 3391 2029 3449 quam
2062 3376 2145 3431 bis
2186 3377 2544 3442 deposuerat,
2592 3379 2947 3449 resumpsisse
2982 3379 3039 3449 in
3086 3376 3195 3444 ipSa
3244 3376 3469 3436 civitate

1871 3446 2239 3520 'l'revirorum,
2268 3458 2359 3500 aut
2382 3461 2489 3520 non
2513 3447 2700 3520 ‘multo
2734 3446 2946 3520 procul.
2976 3448 3030 3502 id
3058 3451 3185 3501 mihi
3212 3451 3467 3520 colligere

1869 3518 2056 3589 videor
2080 3533 2147 3571 ex
2179 3518 2261 3571 his
2288 3516 2464 3571 verbis
2510 3515 2770 3571 Lactantii
2799 3560 2813 3582 ,
2866 3519 2951 3573 ubi
2985 3521 3055 3572 ait
3102 3534 3224 3573 eum
3282 3515 3466 3589 pa'ucis

1868 3597 1990 3657 post
2018 3588 2231 3654 diebus,
2252 3603 2409 3655 quam
2432 3588 2815 3657 Constantinus
2840 3590 3111 3657 prolectus
3128 3600 3244 3643 erat
3269 3591 3334 3645 ad
3346 3608 3466 3646 ver-

1866 3656 1985 3713 Sum
2016 3657 2275 3723 Francos,
2298 3672 2418 3712 cum
2451 3656 2731 3732 thesauros
2749 3656 2988 3728 publicos
3017 3661 3317 3727 invasisset,
3338 3677 3465 3732 pur-

1868 3742 2290 3799 purantrepente
2306 3731 2622 3798 sumpsisse,
2646 3745 2767 3782 eum
2818 3732 3112 3785 aestimaret
3147 3731 3464 3787 Constanti-

1865 3798 1993 3855 nunt
2036 3802 2262 3855 intrasse
2302 3800 2435 3853 lines
2463 3799 2834 3854 barbarorum.
2868 3798 2997 3854 Nam
3027 3801 3359 3857 Francorum
3400 3804 3464 3857 li-

1864 3885 1979 3924 mes
2007 3881 2123 3944 erat
2153 3872 2293 3944 circa
2329 3869 2649 3944 Danubium.
2789 3870 3027 3944 thesauri
3062 3872 3293 3941 publici,
3326 3889 3464 3944 quos

1864 3950 1976 4013 tum
2005 3942 2202 4013 invasit
2223 3940 2524 4013 Herculius,
2547 3957 2651 3995 non
2678 3942 2804 3996 alibi
2824 3940 3111 4011 potuerunt
3144 3958 3267 3997 esse
3298 3940 3458 4013 quam

1862 4012 1914 4065 in
1948 4012 2143 4081 palatio
2183 4011 2549 4081 Imperatoris,
2583 4012 2633 4065 id
2665 4023 2768 4077 eSt,
2795 4013 3086 4068 incivitate
3112 4011 3456 4070 Treverensi.

1862 4081 2043 4153 itaque
2067 4083 2346 4156 Herculius
2370 4098 2473 4156 non
2495 4082 2682 4156 potuit
2711 4084 2847 4156 intra
2880 4099 3079 4153 paucos
3109 4086 3225 4138 dies
3253 4101 3460 4156 purpu-

1860 4169 1975 4279 r'iam
2006 4169 2279 4236 resumere
2305 4153 2507 4207 Arelati
2532 4193 2547 4218 ,
2580 4168 2699 4224 quae
2735 4155 2894 4225 longo
2927 4156 3210 4211 intervallo
3240 4153 3405 4213 distat
3430 4173 3458 4211 a

1911 4240 2134 4279 reverts.

1911 4241 1965 4278 re
1975 4240 2134 4281 VCI‘IS.

1935 4295 2086 4363 Quod
2114 4297 2297 4369 ipsum
2312 4311 2411 4369 non
2440 4296 2654 4349 deceret.
2702 4294 2998 4369 Eumenius
3038 4298 3089 4352 in
3133 4301 3461 4369 panegyrico

1858 4363 2226 4440 Constantini:
2255 4365 2465 4420 Talibus
2487 4375 2534 4419 te
2555 4382 2647 4440 pro
2671 4367 2891 4420 utilitate
2906 4384 2967 4420 ac
2988 4363 3234 4440 dignilate
3251 4363 3459 4438 publica

1855 4437 2008 4491 rebus
2028 4441 2276 4511 intentum
2295 4447 2581 4511 averterunt
2598 4438 2651 4511 in
2680 4454 2733 4489 se
2757 4440 2874 4511 noui
2893 4437 3062 4493 motus
3084 4442 3194 4511 ejus
3216 4437 3456 4511 hominis,

1856 4525 2006 4579 quem
2026 4509 2339 4563 successibus
2368 4510 2468 4562 tuis
2490 4508 2713 4561 maxime
2740 4508 2913 4577 {avere
2943 4508 3216 4570 decuisset.

2434 4617 2664 4674 CAPUT
2703 4619 2876 4676 XXX.

1930 4714 2105 4790 ηρίενι
2133 4714 2488 4790 ad_maritum.
2511 4713 2809 4790 Eutropius
2834 4715 2923 4790 lib.
2947 4732 2985 4790 _x
3018 4734 3031 4770 :
3056 4715 3277 4772 Detectis
3297 4721 3456 4790 igitur

1855 4782 2055 4841 insidiis
2085 4801 2173 4855 per
2204 4782 2454 4855 Faustam
2495 4783 2693 4855 filiam,
2724 4800 2839 4853 quae
2868 4784 3044 4838 dolum
3083 4791 3188 4841 viro
3215 4782 3455 4848 enuntia-

1857 4865 2016 4921 νεῖαι,
2049 4853 2275 4931 profugit
2308 4853 2582 4931 Herculius
2609 4853 2936 4931 Massiliam;
2965 4857 3132 4931 ibique
3151 4875 3449 4931 oppressus,

1895 4944 2035 4981 tetras
2065 4923 2517 4998 dedit'justissimo
2538 4926 2694 4978 exitu.
2728 4923 2954 4998 allitur
2983 4923 3292 4998 Eutropius.
3318 4923 3450 4989 Nam

1895 4946 2035 4981 cenas
2065 4946 2203 4980 aeau
2226 4946 2517 4998 μιδηδδιιιιο
2538 4946 2694 4978 επιηι.
2728 4946 2954 4980 l‘allllur
2984 4946 3292 4998 ILIIll'OpIUS.
3318 4946 3450 4989 nam

1860 4946 2145 5054 fierculius
2164 5010 2287 5051 ante
2316 4995 2603 5050 Massiliam
2628 4996 2931 5069 prolugerat
2950 5039 2965 5061 ,
2998 5015 3158 5069 quam
3181 5000 3324 5057 hunc
3353 5004 3453 5060 do-

1864 5069 1973 5123 lum
1995 5076 2361 5137 c'omponeret,
2387 5077 2445 5121 ut
2467 5075 2611 5137 patet
2634 5081 2699 5121 ex
2728 5066 3028 5123 Lactantio;
3050 5068 3448 5130 Graviusetiatn

1863 5142 2057 5211 erravit
2087 5136 2356 5202 Zozimus,
2381 5139 2532 5191 aiens
2551 5136 2877 5202 Herculium,
2905 5142 3044 5211 quod
3075 5141 3268 5197 Fausta
3288 5159 3452 5200 cona-

1864 5220 1975 5265 tum
2007 5210 2147 5264 illius
2168 5210 2562 5272 antevenisset,
2586 5223 2649 5261 at:
2673 5224 2783 5263 rem
2809 5221 2970 5265 totam
2996 5212 3345 5270 Constantino
3369 5218 3450 5270 in-

1862 5282 2115 5344 dicasset,
2147 5282 2198 5334 in
2214 5281 2640 5352 desperationem
2657 5295 2833 5334 rerum
2862 5284 3101 5336 omnium
3135 5285 3446 5352 adductum,

1862 5355 2000 5423 apud
2043 5352 2266 5423 Tarsum
2305 5351 2493 5404 inorbo
2541 5352 2830 5423 extinctum
2859 5368 3000 5407 esse.
3045 5353 3293 5409 Confudit
3328 5351 3449 5413 heic

1861 5420 2103 5479 videlicet
2137 5421 2514 5494 Maximianum
2558 5437 2678 5494 cum
2708 5420 3017 5494 Maximino,
3050 5427 3140 5494 qui
3171 5426 3445 5494 Orientem

1864 5494 2101 5567 tenebat.
2130 5494 2309 5567 e_tqni
2340 5493 2526 5567 pulsus
2554 5510 2581 5544 a
2612 5492 2817 5546 Licinio
2836 5534 2851 5560 ,
2899 5496 3036 5563 apud
3060 5492 3296 5567 Tarsum
3326 5514 3450 5567 pos-

1863 5574 2036 5619 tremo
2067 5564 2118 5617 iii
2142 5564 2325 5617 Cilicia
2358 5564 2509 5629 obiit,
2543 5573 2595 5616 ut
2625 5568 2965 5618 annotabitur
2995 5565 3149 5620 infra.
3182 5568 3286 5623 Sed
3317 5564 3450 5625 ncu-

1862 5644 1945 5690 ter
1968 5636 2149 5688 dolum
2181 5633 2489 5701 explicavit,
2519 5650 2676 5702 quem
2720 5637 2965 5689 retulisse
2998 5636 3244 5692 videntur
3269 5642 3333 5693 ad
3364 5646 3447 5696 in-

1863 5708 2135 5784 vasionem
2170 5706 2397 5784 imperii.
2426 5704 2579 5784 _Ut_i_us
2618 5704 2914 5784 Eucherius
2935 5748 2948 5769 ,
2997 5707 3277 5784 episcopus
3307 5710 3449 5784 Lug-

1862 5777 2141 5838 dunensis,
2173 5777 2223 5827 in
2251 5775 2469 5829 liistOria
2486 5775 2773 5846 Martyrum
2802 5775 3199 5846 Agunncnsinni
3226 5775 3451 5838 annota-

1867 5848 1947 5908 vit
1974 5846 2352 5906 Maximianum
2402 5845 2710 5920 Herculium
2752 5845 3015 5913 struxisse
3046 5850 3267 5916 insidias
3308 5852 3449 5925 Cous
3508 5932 3513 5939 '
