3960 6346
105 331 278 395 357-

687 444 926 519 ;CAPUT
967 445 1204 511 xxxu;

190 581 511 636 Maximinus
535 580 726 637 iratus.
759 581 1044 645 Eusebius,
1075 581 1171 637 lib.
1199 597 1317 646 vnt,
1336 596 1457 652 cap.
1490 583 1581 647 15,
1607 596 1730 637 cum

114 651 341 709 dixisset
382 652 656 707 L'cinium
678 661 733 706 et
750 652 1130 722 imperatorem
1148 651 1512 722 etAngustmn
1531 653 1730 709 factum

112 724 305 789 fttiSse,
330 725 483 776 addit
499 744 513 778 :
532 723 688 787 Quod
709 724 915 792 quidem
942 722 1260 778 Maximinus
1290 741 1425 792 (egre
1450 724 1731 778 admodum

115 797 257 859 tulit,
287 796 377 863 qui
399 796 649 848 hactenus
676 794 850 851 Ctesar
868 794 1117 847 duntaxat
1142 794 1204 847 ab
1227 796 1461 848 omnibus
1493 795 1730 864 appella¢

116 867 286 920 batur.
313 865 357 918 Η
364 867 413 918 ic
432 882 553 934 ergo
584 879 694 932 prta
717 865 913 919 emeris
939 866 1205 937 tyrannica
1226 866 1431 937 ingenio
1455 867 1727 937 praeditus,

113 936 383 1006 Augustus
409 954 443 990 a
470 938 745 1006 semetipso
769 936 1092 1006 renuntiatus
1118 946 1210 990 est.

192 1008 357 1061 Mittit
375 1023 519 1079 ergo.
549 1005 801 1062 Galerius
835 1007 900 1061 ad
922 1005 1292 1076 Maximinum,
1316 1016 1375 1063 ut
1403 1023 1526 1063 cum
1549 1008 1730 1080 placa-

110 1090 216 1136 ι-θι.
600 1082 613 1097 ⁸

190 1149 444 1217 Disposlt.
485 1164 638 1203 suam
666 1155 844 1202 servet.
878 1148 1010 1216 Quia
1046 1149 1308 1205 Licinium
1335 1160 1572 1207 veterem
1600 1166 1730 1206 eon-

109 1221 533 1293 tubernzilemet
561 1220 806 1274 victoria:
834 1224 1043 1274 socium
1087 1220 1294 1277 fecerat
1336 1222 1725 1293 Imperatorem

108 1291 341 1348 secundi
374 1292 499 1344 loci.

178 1363 396 1433 Πειρη-αι
415 1362 817 1434 ριιιιίμῡίςιιιιιι
848 1361 899 1416 id
932 1372 1151 1433 propter
1172 1362 1477 1427 Galerium,
1510 1364 1603 1434 qui
1634 1378 1725 1419 se-

107 1450 212 1489 nex
237 1432 377 1488 erat.
412 1432 545 1503 Nam
575 1432 645 1487 de
674 1432 883 1487 Licinio
922 1432 1045 1488 non
1078 1448 1240 1503 posse
1286 1432 1554 1503 intelligi,
1604 1434 1728 1489 hinc

108 1516 256 1575 patet
285 1546 300 1567 ,
348 1494 507 1575 quod
520 1516 643 1557 cum
672 1504 894 1575 interiit,
920 1494 1157 1558 nondum
1185 1514 1303 1559 erat
1320 1494 1724 1571 sexagietiaritts.

106 1573 367 1643 i'lpitome
401 1574 664 1646 Victoris:
697 1573 799 1626 Hic
821 1573 1054 1628 Licinius
1073 1591 1210 1628 anno
1238 1576 1602 1629 dominationis
1623 1582 1730 1646 fere

62 1708 67 1711 ν
107 1657 221 1716 post
245 1645 767 1716 quintamdecimam,
783 1646 898 1699 sine
919 1646 1148 1715 proxime
1174 1646 1566 1716 sexagesimum,
1589 1645 1727 1700 ccci.

105 1715 270 1770 ditur.
302 1715 362 1769 In
392 1716 569 1771 Fastis
596 1717 847 1770 idnttanis
869 1718 1083 1771 occisus
1103 1715 1312 1770 dicitur
1325 1717 1425 1771 sub
1443 1718 1727 1771 consulatu

104 1788 319 1842 Paulini
353 1797 407 1843 et
428 1787 652 1852 Juliani,
682 1788 771 1856 qui
799 1787 852 1840 in
881 1802 1081 1841 annum
1114 1786 1220 1841 525
1244 1786 1451 1841 ittcidit.
1476 1787 1615 1841 Obiit
1640 1804 1730 1842 au-

104 1869 214 1913 tem
267 1859 373 1912 sub
423 1858 586 1912 linem
641 1858 790 1911 anni.
844 1858 901 1912 lu
947 1856 1250 1927 fragmento
1292 1860 1359 1913 de
1414 1856 1729 1913 Constantio

103 1930 312 1983 Cbloro
362 1928 562 1984 dicitur
607 1942 862 1997 regnasse
891 1944 1063 1981 annos
1089 1929 1156 1984 l9
1175 1968 1191 1994 ,
1225 1929 1335 1983 lilio
1363 1938 1417 1983 et
1440 1944 1606 1983 uxore
1637 1947 1731 1983 su-

104 2000 450 2069 perstitibus.
492 2000 646 2066 Quod
674 2014 859 2053 verum
890 2014 955 2053 ex
989 2001 1135 2053 omni
1161 2008 1312 2068 parte
1340 2016 1445 2053 non
1469 2011 1569 2054 est.
1593 1999 1727 2054 Nam

104 2073 175 2124 ab
205 2086 356 2125 anno
382 2070 488 2125 507
513 2079 748 2124 exeunte
776 2085 945 2139 usque
968 2070 1035 2123 ad
1060 2086 1259 2123 anntttn
1282 2070 1409 2133 524,
1426 2086 1532 2140 quo
1553 2071 1618 2123 ad
1651 2073 1730 2126 vi-

103 2151 215 2195 tam
258 2141 528 2210 privatam
557 2155 744 2195 mense
771 2140 979 2194 octobri
1015 2141 1175 2194 rediit
1201 2142 1375 2196 victus
1399 2156 1430 2195 a
1457 2140 1727 2195 Constan-

104 2217 241 2276 tino,
276 2221 640 2266 numerantur
664 2212 789 2263 anni
820 2219 1026 2264 tantum
1057 2212 1145 2264 l7.
1178 2212 1330 2277 Quod
1362 2212 1406 2266 si
1431 2227 1576 2266 anno
1598 2212 1727 2279 524,

101 2298 227 2337 cum
276 2292 468 2352 ageret
512 2283 783 2336 decimum
811 2282 1099 2351 septimum
1128 2282 1341 2352 imperii
1372 2283 1456 2336 sui
1481 2299 1681 2337 annum
1710 2324 1724 2351 ,

101 2354 352 2408 nondum
378 2364 573 2410 nactus
594 2363 713 2408 erat
731 2368 933 2406 annum
962 2354 1138 2406 :etatis
1165 2366 1280 2407 sua:
1305 2354 1722 2422 sexagesimum,

96 2425 212 2493 jam
258 2434 475 2478 constat
525 2440 648 2478 eum
700 2424 898 2477 factum
938 2422 1107 2477 fuisse
1153 2424 1531 2492 imperatorem
1583 2439 1729 2479 anno

101 2496 331 2551 circiter
356 2496 535 2550 aetatis
559 2509 674 2548 sua:
704 2494 1137 2563 quadragesimo.
1182 2493 1368 2564 Itaque
1396 2508 1517 2563 quae
1543 2495 1611 2550 de
1638 2512 1729 2551 ca-

100 2567 188 2621 nis
216 2566 346 2621 beic
375 2566 638 2621 dicuntur
667 2565 734 2619 ad
767 2581 889 2618 cum
913 2564 1110 2619 referri
1134 2578 1239 2618 non
1264 2575 1509 2634 possunt.

175 2636 341 2692 Tollit
366 2637 633 2691 Grecorum
660 2650 866 2689 nomen.
904 2635 1024 2691 Non
1053 2635 1269 2706 quidem
1300 2644 1357 2689 ιιι
1385 2651 1582 2691 nomen
1609 2636 1728 2691 C:e~

100 2722 292 2763 sarum
338 2708 622 2771 aboleret,
680 2706 822 2774 quod
861 2708 1219 2774 imperatores
1248 2721 1462 2775 semper
1488 2710 1728 2763 retinue-

102 2790 261 2845 runt,
315 2778 415 2832 sed
449 2790 503 2830 ut
531 2778 600 2831 ab
649 2792 719 2831 eo
745 2777 1003 2847 deinceps
1030 2778 1365 2831 abstinerent
1404 2777 1518 2841 illi,
1551 2782 1639 2847 qui
1675 2783 1726 2834 in

99 2866 259 2920 spem
288 2848 505 2916 imperii
534 2850 942 2920 adoptarentur,
971 2858 1031 2920 et
1050 2849 1129 2902 sic
1156 2847 1532 2920 excluderetur
1558 2851 1727 2903 Maxi-

99 2918 307 2974 minus.
343 2920 498 2974 llnnc
530 2931 660 2989 puto
693 2918 851 2987 hujus
880 2918 983 2973 loci
1006 2933 1222 2973 sensum
1255 2918 1611 2973 esse.Contra
1646 2923 1727 2974 vir

97 2992 393 3060 religionis
422 3001 479 3045 et
504 2990 766 3044 doctrinm
800 2990 957 3043 laude
986 2989 1215 3051 insignis
1236 2989 1505 3044 Antonius
1532 2990 1728 3060 Pagina

98 3063 154 3116 in
184 3060 583 3115 dissertatione
628 3061 906 3130 Itypatica,
966 3075 1021 3129 p.
1053 3061 1187 3120 158,
1232 3068 1384 3127 putat
1412 3060 1577 3114 alium
1604 3077 1726 3118 esse

99 3135 403 3187 verborum
464 3131 729 3186 Lactantii
787 3146 1053 3192 sensum,
1114 3146 1288 3199 eaque
1333 3131 1401 3184 ad
1447 3130 1722 3186 Galerium

814 330 1021 388 NOTIE
1059 332 1125 389 IN
1165 327 1427 390 LIB.'Dl".
1469 331 1819 390 MORTIBUS
1856 331 2243 389 PEHSECUT.
2287 333 2440 389 CAP.
2483 331 2723 390 XXXIII.

1759 450 1815 509 Α
1838 443 2038 516 Galerii
2062 446 2279 516 quidem
2305 460 2525 511 nomen,
2576 454 2634 501 ut
2659 445 2893 503 senioris
2937 444 3213 516 principis,
3254 444 3432 516 ptimo

3319 330 3425 389 558

1834 515 1955 584 loco
1989 514 2233 585 ponitur.
2268 528 2379 574 tum
2410 518 2786 584 Constantini,
2816 514 3013 573 deinde
3043 528 3315 584 postremo
3342 514 3431 570 Li~

1833 589 1980 642 cinii.
2009 589 2159 656 Quod
2184 588 2383 644 indicat
2432 588 2751 659 dignitatern
2776 588 2930 643 istius
2958 602 3168 656 passam
3198 586 3431 641 csseali-

1831 673 1989 726 quam
2022 657 2513 716 contradictionem
2544 659 2684 729 apud
2715 657 3158 729 Constantinum,
3201 672 3431 729 eamque

1833 724 1941 810 non
1969 732 2125 854 alliter
2151 730 2399 800 sopitum,
2428 724 2596 802 quam
2620 730 2915 800 rejieiettdo
2940 724 3202 785 Licinium
3234 728 3287 781 in
3313 724 3426 783 ter-

1833 809 1964 854 ttum
2005 815 2183 854 neum.
2390 812 2399 819 ‘
2955 823 2961 829 -

1832 809 1964 854 ltum
1989 809 2183 855 Ineunt.
2390 812 2399 819 ‘
2955 823 2961 829 -

1905 876 2192 942 Augustum
2233 888 2286 926 se
2316 881 2690 937 nuncupatum.
2734 870 3035 939 Singularis
3064 879 3166 942 est_
3198 867 3430 942 lmicque

1830 940 2095 997 Lactantii
2125 944 2403 1009 scriptioni
2435 943 2595 1011 plane
2618 944 2946 997 conveniens
2974 943 3120 998 locus
3142 940 3340 995 Bullini
3361 956 3431 997 ex

1830 1011 1924 1083 lib.
1956 1029 2031 1079 nt,
2064 1029 2180 1082 cap.
2212 1013 2265 1076 5,
2298 1015 2383 1068 ubi
2418 1014 2642 1083 loquens
2668 1015 2736 1067 de
2762 1014 2950 1068 eodem
2979 1011 3267 1067 Maximino
3310 1017 3383 1065 ait
3409 1029 3427 1065 :

1832 1081 1902 1137 Et
1929 1081 2157 1152 quamvis
2181 1087 2227 1139 ei
2248 1102 2396 1154 agere
2419 1081 2604 1139 cuncta
2631 1100 2694 1138 ex
2730 1084 2976 1139 sententia
3011 1085 3215 1145 liceret.
3241 1083 3431 1151 quippe

1831 1157 1918 1222 qui
1933 1158 2047 1227 jmn
2070 1156 2167 1209 sibi
2192 1158 2342 1227 etiam
2371 1156 2592 1226 Augusti
2620 1172 2911 1210 concessum
2934 1154 3431 1227 prmumpserutdi—

1831 1225 2096 1294 quitatem,
2143 1226 2301 1279 videri
2330 1225 2497 1281 tamen
2544 1229 2650 1279 vult
2682 1228 2819 1294 quod
2849 1226 3105 1294 aliquibus
3123 1226 3284 1296 justis
3320 1225 3430 1279 Iuro

1829 1296 2115 1368 rationibus
2134 1307 2273 1368 agat.
2295 1296 2591 1352 Continuat
2617 1297 2901 1360 Eusebius,
2931 1297 3022 1350 lib.
3043 1312 3158 1359 \ttu,
3187 1312 3306 1365 cap.
3336 1297 3426 1360 15,

1832 1367 1919 1420 ubi
1943 1382 2063 1421 eum
2099 1367 2324 1423 disissct
2347 1368 2607 1422 Licinium
2638 1370 3016 1435 imperatorem
3045 1377 3099 1422 et
3130 1370 3428 1436 Angustum

1830 1436 2162 1492 declaratum
2187 1455 2309 1494 esse
2336 1440 2518 1493 addit:
2546 1439 2699 1505 Quod
2725 1439 2933 1507 quidem
2953 1437 3272 1492 Maximinus
3294 1453 3430 1508 agre

1830 1509 2108 1562 admodum
2145 1510 2279 1576 tulit,
2309 1510 2395 1578 qui
2424 1513 2672 1563 hactenus
2700 1510 2872 1563 Cursor
2889 1510 3139 1563 duntaxat
3164 1512 3228 1561 ab
3258 1509 3428 1562 enmi-

1830 1579 1924 1633 bus
1953 1581 2329 1648 appellabatur.
2372 1579 2472 1633 Hic
2519 1597 2639 1650 ergo
2668 1596 2776 1649 prtc
2814 1580 3010 1634 ueteris
3045 1580 3312 1649 tyrannica
3348 1580 3431 1632 in-

1829 1652 1978 1720 genio
2004 1653 2271 1720 praeditus,
2314 1651 2576 1721 Augustus
2603 1669 2634 1704 ιι
2663 1652 2935 1722 semetipso
2965 1651 3288 1705 renuntiatus
3329 1659 3425 1704 est.

2370 1760 2598 1822 CAPUT
2638 1758 2879 1820 XXXIII.

1758 1829 1806 1888 Β
1910 1853 2031 1909 Dec.
2057 1866 2104 1910 et
2122 1868 2221 1910 oct.
2236 1872 2421 1910 annus.
2440 1855 2489 1909 is
2511 1867 2593 1911 est
2610 1871 2784 1911 annos
2803 1854 3005 1915 Clu-isti
3024 1854 3150 1920 510,
3179 1864 3432 1912 utosten-

1836 1924 1914 1980 dit
1945 1938 2155 1995 tempus
2200 1930 2390 1983 mortis
2430 1926 2648 1981 Galerii.
2675 1926 2808 1982 Nam
2853 1942 2974 1980 cum
3018 1928 3108 1982 ille
3154 1926 3434 1995 inetepcrit

1834 2006 2098 2066 aegrotare
2126 2014 2268 2051 anno
2302 1998 2368 2052 l8
2392 1998 2597 2066 imperii
2625 2001 2729 2070 sui,
2758 1998 3097 2070 a'grotatterit
3126 2009 3305 2051 autent
3334 2013 3431 2070 per
3521 2021 3524 2024 η

1832 2082 2032 2122 annum
2063 2079 2361 2136 perpetem,
2395 2079 2447 2121 et
2490 2069 2686 2123 obierit
2710 2084 2854 2123 anno
2899 2067 3026 2132 3H,
3056 2083 3240 2121 mense
3268 2067 3428 2132 maio,

1836 2138 2055 2206 planum
2078 2148 2162 2193 est
2195 2153 2397 2194 annum
2424 2149 2672 2195 octavum
2705 2149 2758 2193 et
2784 2139 3055 2197 decimum
3082 2138 3292 2207 imperii
3314 2139 3432 2209 ejus

1833 2222 2132 2277 congruere
2157 2225 2279 2264 cum
2318 2225 2463 2263 anno
2495 2210 2693 2265 Christi
2727 2212 2854 2265 510.

1905 2270 2196 2353 Insonttbili
2248 2283 2423 2350 plaga.
2475 2280 2823 2353 Lactantius!
2885 2280 2979 2335 lib.
3036 2270 3431 2353 \‘ttjlttSIitutq

1834 2364 1955 2422 cap.
2002 2349 2065 2403 15
2095 2370 2107 2404 :
2147 2348 2407 2405 Percussit
2442 2348 2746 2422 Egyptum
2778 2350 2916 2405 Deus
2945 2351 3216 2405 insanabili
3254 2349 3428 2422 plaga.

1904 2419 1972 2474 In
2012 2423 2109 2491 inf.
2161 2440 2246 2491 pa.
2297 2419 2616 2492 genitalium.
2656 2421 2792 2483 Vide
2830 2422 3155 2489 Eusebium,
3196 2422 3292 2477 lib.
3338 2419 3428 2476 i’ttt

1834 2489 2242 2561 llistaeccle‘sq
2269 2489 2387 2560 cap.
2438 2494 2524 2560 l6,
2552 2502 2607 2548 ct
2631 2493 2725 2547 lib.
2760 2493 2870 2561 Ide
2904 2493 3018 2547 Vita
3059 2492 3429 2561 Constantini,

1831 2576 1951 2633 cap.
1986 2560 2084 2625 57;
2136 2563 2442 2633 Ruflinum,
2477 2565 2568 2619 lib.
2604 2577 2715 2623 vni.
2749 2578 2868 2633 cap.
2903 2564 3002 2624 l8;
3048 2560 3430 2631 Fragmentum

1831 2631 1897 2757 ge
1922 2632 2277 2757 ngstantino
2307 2632 2526 2699 Clitore,
2556 2648 2680 2704 pag.
2706 2631 2831 2699 £72,
2875 2644 2930 2693 et
2953 2634 3228 2700 Urosium,
3257 2632 3295 2687 l.
3327 2648 3425 2700 vn,

1877 2720 1950 2757 ιι).
2051 2743 2063 2756 .

1829 2717 1950 2757 Clit).
1971 2717 2063 2757 26.

1900 2720 2181 2828 Ιἱιιῗιῗιιειίιιιι
2198 2776 2312 2845 jam
2343 2776 2438 2829 cic.
2471 2773 2529 2829 la
2572 2773 2758 2830 codice
2797 2775 3160 2845 manuscripto
3188 2775 3383 2845 legitur
3411 2792 3425 2828 :

1831 2844 1940 2918 Sed
1971 2844 2320 2918 inductaijam
2356 2847 2613 2918 cicatrice,
2645 2846 2832 2918 scindit
2856 2844 3160 2902 rulnus.Es
3195 2844 3300 2917 quo
3331 2862 3431 2901 nos

1830 2917 2004 2990 primo
2048 2916 2457 2990 confeceramus
2491 2935 2504 2969 :
2552 2916 2657 2972 Sed
2700 2917 2962 2990 inductam
2982 2920 3098 2990 jam
3143 2916 3432 2990 cicatricem

1828 2986 2016 3040 scindit
2069 2988 2280 3042 uulnus.
2312 2988 2465 3043 Nunc
2487 3003 2638 3042 vero.
2660 2989 2900 3053 vidi-tuus
2934 2986 3266 3045 retinendam
3309 3002 3430 3043 esse

1832 3058 2118 3113 lectimtetn
2152 3061 2348 3114 veteris
2390 3059 2540 3123 libri;
2571 3074 2670 3127 pro
2708 3059 2894 3113 scindit
2942 3069 3119 3115 tamen
3167 3075 3432 3128 reponen-

1828 3128 1955 3200 dum
1987 3143 2108 3183 esse
2140 3130 2410 3184 scinditur.
2434 3129 2650 3193 Noster,
2695 3129 2787 3184 lib.
2818 3147 2867 3200 ιι
2891 3128 3147 3192 Institnt.,
3172 3148 3293 3200 cap.
3317 3131 3387 3186 24
3414 3147 3427 3182 :

99 3204 470 3274 Maximinum
500 3202 1071 3274 cognomentobantm
1114 3197 1396 3274 referenda
1426 3217 1583 3274 esse,
1614 3218 1723 3274 non
1749 3206 1807 3268 ο,
1831 3197 2121 3274 Ρθνιιιοίιηι
2160 3202 2387 3274 rescissis
2436 3199 3049 3274 vulneribus/fundere.
3103 3197 3270 3263 Paulo
3311 3210 3434 3271 post

98 3291 239 3329 vero
258 3275 329 3327 ad
364 3270 642 3329 Galerium
671 3272 1078 3327 Maximianum.
1126 3271 1195 3326 At
1229 3270 1466 3326 Joannes
1504 3270 1723 3329 Colum-

98 3346 228 3409 bus,
257 3346 314 3398 in
344 3343 791 3398 annotationibus
821 3343 887 3396 ad
917 3343 1059 3397 hunc
1078 3344 1252 3395 locum
1271 3382 1287 3407 ,
1336 3344 1518 3397 mirari
1556 3362 1616 3398 se
1649 3346 1724 3400 ait

101 3415 409 3471 Antonium
440 3414 662 3484 Paginm
690 3414 807 3467 huic
834 3415 904 3468 de
933 3413 1258 3467 Maximiano
1284 3413 1412 3466 Daia
1441 3416 1719 3484 accipere,

100 3502 233 3541 cum
253 3486 440 3542 series
467 3485 760 3541 Verborum
791 3496 845 3539 et
871 3500 962 3539 res
990 3486 1103 3555 ipsa
1130 3484 1324 3539 doceat
1372 3484 1722 3555 intelligenda

99 3572 228 3611 ecse
260 3562 334 3610 de
355 3556 577 3611 Galerio
623 3556 950 3609 Maximiano
982 3573 995 3609 :
1052 3556 1211 3627 istum
1261 3555 1443 3621 enim,
1482 3560 1573 3627 qui
1608 3556 1721 3627 jam

100 3637 400 3683 veteranus
427 3638 575 3690 erat,
616 3637 991 3681 contumacem
1022 3624 1129 3679 dici
1157 3641 1262 3679 neu
1294 3640 1453 3694 posse
1483 3626 1534 3680 in
1562 3624 1722 3683 novi-

100 3703 238 3752 tium
267 3701 659 3768 imperatorem
690 3697 1070 3760 Maximinum,
1123 3713 1245 3750 cum
1278 3702 1623 3768 contumacia
1652 3701 1725 3755 sit

101 3770 387 3824 interioris
410 3769 465 3822 in
496 3769 852 3837 superiorem.
908 3767 1020 3834 Ego
1056 3782 1185 3822 vero
1211 3767 1444 3821 arbitror
1483 3778 1630 3825 recte
1666 3773 1721 3825 in

102 3840 207 3895 hoc
233 3842 361 3894 loco
387 3843 779 3908 reprehensum
806 3853 926 3893 esse
949 3838 1167 3909 Pagina)
1201 3838 1541 3909 a_Columbo.

180 3906 535 3964 Maxentium.
572 3914 678 3963 Aut
708 3910 863 3963 valde
894 3906 1072 3973 fallor,
1119 3919 1213 3962 aut
1242 3906 1493 3963 Maxentii
1526 3924 1721 3966 nomen

102 3982 249 4045 istic,
280 3993 339 4035 ut
372 3983 427 4033 in
448 3983 720 4034 Chronico
751 3980 1130 4043 Alexandrino,
1170 3992 1453 4047 perperam
1486 3982 1720 4048 positum

100 4062 187 4106 est
219 4068 320 4120 pro
349 4052 664 4105 Maximino.
696 4050 853 4104 Nulla
884 4053 1027 4104 enim
1058 4051 1199 4103 inter
1223 4049 1340 4103 iure
1365 4052 1568 4105 mentio
1611 4051 1721 4106 Ma-

102 4125 301 4188 xentii,
329 4138 498 4192 quem
525 4122 770 4176 Galerius
802 4120 1150 4175 Maximianus
1177 4135 1334 4174 socer
1358 4120 1476 4189 ejus
1507 4122 1719 4188 oderat,

101 4205 159 4247 et
200 4203 263 4247 ut
294 4194 513 4247 hostem
558 4194 827 4261 publicum
858 4193 1016 4260 paulo
1054 4199 1181 4246 ante
1225 4192 1371 4246 bello
1396 4193 1717 4262 appetierat.

102 4265 173 4318 At
222 4264 308 4318 vir
337 4264 678 4318 clarissimus
704 4262 944 4318 Joannes
973 4262 1271 4317 Columbus
1298 4264 1494 4317 retinet
1525 4265 1577 4317 itt
1618 4264 1724 4320 hoc

103 4336 229 4390 loco
251 4349 462 4389 nomvn
489 4334 770 4398 Maxentii,
803 4334 951 4388 addit
976 4349 1105 4389 vero
1145 4332 1420 4388 Maximini
1451 4337 1594 4389 Dcite
1624 4349 1722 4390 uo-

100 4423 253 4468 meu,
281 4407 433 4474 quod
454 4422 485 4458 ιι
508 4407 835 4461 dormitante
860 4405 1079 4459 librario
1100 4407 1358 4458 omissum
1391 4420 1512 4460 esse
1541 4417 1716 4472 putat,

100 4488 157 4530 et
195 4488 441 4544 quatuor
464 4477 816 4544 imperatores
844 4476 1002 4543 paulo
1025 4486 1145 4545 post
1174 4479 1478 4530 ItOtninatos
1498 4481 1572 4529 ait
1598 4492 1721 4532 esse

99 4548 402 4612 Licinium,
440 4548 812 4612 Maximinum,
843 4544 1167 4600 Maxentium
1194 4556 1248 4599 et
1279 4544 1714 4602 Constantinum.

98 4619 228 4673 Mitti
276 4591 454 4671 ιιιιιΙίο
482 4618 712 4671 similius
752 4591 882 4671 vero
923 4618 1134 4673 videtur
1191 4618 1262 4671 ita
1314 4616 1721 4686 intelligendum
1746 4591 1804 4651 Π

96 4706 224 4745 esse
254 4689 408 4743 hunc
438 4690 640 4751 locum,
686 4701 741 4741 ut
770 4699 999 4757 quatuor
1024 4689 1168 4753 illus,
1204 4704 1339 4756 quos
1369 4689 1726 4756 imperatores

98 4762 380 4814 nominari
406 4759 560 4826 jussit
596 4759 864 4824 Galerius,
884 4759 1130 4814 dieumus
1153 4761 1253 4812 bos
1274 4774 1414 4821 esse,
1444 4760 1617 4827 ipsum
1648 4762 1727 4814 vi-

96 4832 305 4885 delicet
339 4834 517 4895 primo
555 4829 868 4893 Galerium,
899 4841 958 4883 ut
992 4846 1091 4901 par
1117 4838 1260 4894 erat,
1289 4839 1401 4883 tum
1436 4829 1724 4901 Lit-inium,

96 4903 307 4957 deinde
335 4902 705 4958 Maximinum.
737 4900 1011 4969 postremo
1027 4901 1463 4955 Constantinum.
1489 4900 1643 4965 Nam,
1668 4910 1728 4956 ut

95 4987 263 5029 antea
290 4974 428 5039 dixi,
464 4973 607 5026 nullo
631 4982 740 5026 tum
767 4971 969 5027 mentio
992 4971 1276 5036 Maxentii;
1306 4981 1359 5024 et
1386 4982 1591 5026 certum
1644 4985 1727 5027 est

94 5043 465 5114 Maximinum
516 5058 624 5097 non
675 5047 915 5114 potuitne
961 5040 1245 5113 praeteriri.
1280 5041 1520 5098 llabebat
1576 5045 1724 5100 enim

96 5118 414 5170 exercitum
445 5113 659 5168 fortem.

175 5186 581 5240 Constantinum
613 5186 692 5250 ﬁt.
724 5198 849 5255 aug.
885 5182 960 5238 Ex
993 5183 1094 5238 hoc
1130 5186 1398 5254 praecipue
1423 5184 1544 5238 loco
1573 5184 1727 5239 colli—

93 5272 170 5328 go
212 5272 571 5328 consensum
609 5254 948 5310 Constantini
994 5255 1313 5328 requisitum
1383 5271 1488 5308 non
1537 5255 1724 5328 tuisse,

95 5326 227 5382 cum
258 5328 506 5382 Licinius
550 5326 722 5381 iactos
746 5336 831 5381 est
870 5327 1181 5395 imperator.
1214 5326 1424 5393 Quippe
1449 5326 1727 5393 probabile

92 5415 212 5454 non
235 5411 325 5454 est
341 5415 489 5464 eum,
525 5398 614 5467 qui
640 5399 931 5466 imperator
951 5408 1006 5453 et
1019 5398 1290 5466 Augustus
1307 5398 1483 5451 dictus
1502 5398 1570 5449 ab
1596 5396 1732 5451 lier—

93 5473 251 5525 culio
281 5471 486 5537 fuerat,
516 5469 608 5539 qui
645 5468 785 5522 “illis
815 5478 869 5522 et
892 5484 1061 5537 gener
1086 5473 1446 5537 Augustorum
1473 5477 1610 5531 erat,
1642 5470 1721 5535 vi-

92 5557 224 5595 rum
250 5554 520 5609 praeterea
541 5550 847 5609 spectatura
880 5540 1090 5601 militia,
1123 5539 1533 5593 fortissimorum
1561 5554 1721 5593 exer-

91 5614 317 5667 cituum
356 5614 579 5676 ducem,
621 5622 673 5665 et
714 5610 949 5664 victoriis
980 5610 1161 5664 multis
1204 5611 1499 5678 insignem,
1535 5618 1724 5677 μεδεο-

95 5698 224 5738 tum
265 5685 438 5740 fuisse
476 5682 581 5737 sibi
631 5681 878 5747 praeferri
924 5681 1194 5735 hominem
1233 5696 1449 5734 novum.
1486 5680 1550 5734 Et
1591 5697 1722 5734 sane

92 5755 292 5810 nescio
346 5770 416 5810 an
467 5755 570 5809 ista
606 5754 686 5808 sic
710 5767 779 5807 ex
804 5754 949 5805 omni
1001 5761 1151 5821 parte
1180 5753 1561 5806 sneoessminl.
1590 5751 1721 5806 Nam

93 5825 157 5881 in
183 5827 371 5883 edicto
388 5827 522 5883 anni
550 5824 682 5890 511,
708 5824 802 5879 ubi
833 5831 946 5879 tres
974 5824 1330 5894 imperatores
1352 5824 1723 5893 nominantur,

1828 3269 2042 3340 lacuna,
2088 3282 2145 3325 ut
2184 3273 2312 3326 olim
2357 3273 2684 3331 monuimus.
2708 3272 2787 3325 sic
2810 3276 2948 3327 torto
2968 3274 3266 3340 supplenda
3310 3269 3429 3327 est:

1828 3338 2061 3411 Rursum
2091 3344 2188 3397 levi
2222 3344 2451 3411 corporis
2479 3351 2619 3396 motu
2644 3344 2963 3398 vulneratus.
2997 3338 3095 3400 libi
3132 3344 3433 3401 Columbus

1828 3410 1934 3480 legi
1978 3412 2177 3467 debere
2218 3416 2295 3467 ait
2316 3410 2616 3469 uulnerato.

1901 3482 2189 3551 Asclepius.
2214 3483 2305 3539 Sic
2326 3489 2487 3540 etiam
2532 3484 2623 3539 tib.
2650 3499 2707 3538 ιιι
2741 3483 3004 3549 lnstitut.,
3025 3499 3144 3551 cap.
3177 3484 3240 3539 l9
3279 3501 3294 3537 :
3339 3483 3431 3538 Ti-

1827 3554 1972 3621 muit
1997 3555 2227 3608 videlicet
2270 3570 2331 3608 ne
2393 3556 2534 3624 apud
2582 3554 3003 3610 thadamantum
3040 3557 3429 3623 reciperatorem

1827 3624 1929 3676 voti
1957 3640 2076 3677 reus
2120 3627 2262 3693 ﬁeret
2308 3626 2373 3679 ab
2413 3626 2671 3694 Asclepio.
2699 3625 2824 3680 Haec
2854 3636 2938 3679 est
2976 3631 3120 3680 enim
3161 3626 3427 3693 scriptura

1827 3697 2315 3750 vetustissimorum
2342 3696 2604 3751 Lactantii
2634 3695 3053 3766 exemplarium,
3083 3712 3206 3757 eum
3234 3698 3285 3751 in
3312 3695 3429 3749 vnl-

1826 3766 1965 3833 galia
1988 3767 2215 3836 legatur,
2240 3768 2304 3821 ab
2337 3766 2668 3835 Aisculapio.
2699 3767 2863 3822 Paulo
2892 3782 3052 3836 supra
3079 3766 3277 3822 ibidem
3308 3766 3427 3822 edi-

1827 3844 1941 3889 tum
1968 3848 2070 3899 est,
2100 3854 2193 3905 pro
2222 3855 2276 3891 se
2318 3851 2599 3892 sacrarent.
2631 3837 2841 3903 Melius,
2867 3846 2925 3892 ut
2951 3838 3207 3902 arbitror,
3257 3837 3428 3893 codex

1825 3907 2005 3973 regius
2032 3906 2190 3970 5755,
2229 3920 2599 3979 prosecrarent.
2634 3909 2704 3962 Ita
2734 3910 2896 3964 etiam
2922 3910 3098 3978 primo
3125 3908 3309 3963 ltabuit
3330 3924 3427 3964 co-

1825 3974 2098 4051 desA3756
2124 3979 2363 4047 ejusdem
2404 3979 2768 4034 bibliothecis.
2795 3980 2901 4034 Sed
2927 3990 3113 4049 postea
3136 3980 3340 4051 syllaba
3369 3996 3428 4035 sa

1825 4047 2006 4102 addita
2035 4059 2116 4103 est
2149 4066 2311 4117 supra
2353 4051 2569 4105 lineam.
2604 4051 2669 4105 Et
2698 4053 2779 4105 sic
2819 4047 3108 4106 constituta
3137 4047 3221 4107 est
3262 4050 3429 4105 editio

1827 4118 2063 4194 vulgata.
2092 4119 2230 4174 Infra
2271 4122 2365 4194 lib.
2398 4136 2479 4184 tv,
2509 4137 2628 4190 cap.
2667 4122 2738 4176 27
2782 4137 2796 4176 :
2837 4120 3212 4194 lnstigantibus
3246 4122 3428 4176 iisdem

1827 4187 2163 4259 dwmonibus,
2192 4193 2376 4259 quibus
2413 4187 2727 4259 prosecrant.

1910 4258 2117 4316 Verntes
2159 4258 2300 4317 intus
2347 4258 2605 4318 «cantur.
2652 4264 2785 4318 Vide
2832 4264 3155 4331 Eusebium,
3185 4264 3278 4322 lib.
3305 4278 3422 4331 vm,

1825 4346 1946 4400 cup.
1978 4332 2066 4396 16,
2098 4346 2153 4389 et
2173 4333 2453 4400 Orosiutn,
2485 4336 2576 4389 lib.
2604 4351 2713 4401 vn,
2740 4350 2862 4404 cap.
2905 4338 2991 4391 28.
3020 4337 3264 4393 Similem
3304 4351 3427 4389 om-

1829 4404 1961 4476 nino
1997 4405 2280 4459 historiam
2324 4406 2394 4461 de
2435 4406 2676 4472 Juliano,
2704 4408 2796 4476 qui
2822 4408 3123 4462 avunculus
3164 4415 3428 4475 apostatat

1826 4468 1959 4539 fuit,
2005 4487 2228 4548 narrant
2257 4477 2318 4531 D.
2344 4476 2579 4533 Joannes
2622 4468 3043 4548 C'ltrysostomus
3091 4468 3337 4533 oratione
3372 4477 3427 4533 itt

1828 4554 2071 4620 sanctum
2100 4547 2373 4620 liabylam,
2401 4547 2758 4620 Sozomenus,
2782 4548 2873 4605 lib.
2900 4566 2954 4615 ν,
2973 4565 3091 4620 cap.
3117 4550 3172 4617 8,
3188 4548 3429 4605 ct'l‘beo-

1829 4615 2071 4687 det-etus,
2100 4618 2190 4672 lib.
2213 4615 2294 4685 in,
2325 4631 2442 4687 cap.
2476 4616 2563 4675 1⁸5.

1906 4686 2238 4741 adornatam.
2271 4686 2488 4743 Certum
2526 4698 2616 4745 est
2657 4691 2798 4744 hunc
2837 4691 3012 4745 locum
3054 4704 3174 4745 esse
3205 4687 3430 4744 mendo-

1828 4771 1970 4811 sum.
1997 4756 2181 4831 itaque
2200 4759 2539 4831 conieceram
2566 4763 2645 4814 sic
2664 4762 2876 4831 restitul
2909 4776 3067 4829 posse
3090 4781 3107 4831 ς
3133 4759 3274 4814 Odor
3303 4770 3429 4814 teter

1835 4844 1937 4901 non
1966 4829 2117 4882 modo
2145 4846 2235 4898 per
2277 4829 2549 4898 palatium.
2579 4829 2838 4901 Sparkius
2865 4831 3061 4885 deinde
3092 4830 3340 4896 faciliori,
3370 4841 3429 4886 ut

1831 4900 1947 4973 ipse
1977 4901 2072 4962 ait,
2093 4901 2468 4973 emendatione
2497 4900 2779 4973 legendum
2817 4915 3028 4957 censet:
3060 4902 3202 4955 Odor
3230 4912 3420 4957 autem.

1829 4972 2118 5036 Caperes:
2154 4970 2396 5026 (Moritur
2438 4970 2585 5027 tetra.
2618 4973 2909 5028 Columbus
2938 4990 2951 5026 :
2989 4973 3131 5028 Odor
3168 4974 3246 5033 ita
3276 4982 3422 5028 teter.

1830 5040 1995 5111 Quid.
2016 5045 2061 5095 si
2091 5053 2381 5111 reponatur
2409 5062 2425 5097 :
2458 5044 2647 5097 Odor-ia
2668 5045 2868 5098 diritas.

1905 5110 2067 5185 Deum
2104 5110 2309 5168 coactus
2342 5126 2418 5167 est
2445 5115 2697 5184 conﬁteri.
2738 5114 3087 5172 Memorabile
3127 5126 3241 5182 est,
3283 5115 3427 5185 quod

1832 5181 1936 5236 hoc
1965 5182 2084 5237 loco
2113 5181 2584 5257 narratltul'linus,
2620 5187 2709 5242 lib.
2746 5203 2863 5256 vui,
2893 5202 3012 5257 cap.
3048 5189 3133 5243 l8.
3176 5181 3427 5243 Referam

1832 5262 2012 5329 autem
2042 5258 2161 5329 ejus
2182 5257 2342 5313 verba
2378 5273 2391 5309 :
2424 5255 2657 5326 Denique
2686 5255 3312 5329 plerosque—medicorum,
3348 5258 3430 5313 itt-

1830 5326 1967 5399 qu_it,
2007 5328 2142 5395 quod
2178 5343 2269 5380 nec
2306 5329 2477 5382 morbo
2509 5326 2705 5398 aliquid
2744 5326 2955 5394 mederi,
2986 5347 3077 5384 nec
3103 5333 3200 5384 vim
3234 5331 3429 5399 factoris

1835 5393 2054 5471 tolerare
2082 5408 2305 5471 possent,
2336 5399 2556 5468 interﬁci
2565 5393 2732 5469 jubet.
2772 5400 2840 5454 In
2867 5393 3048 5468 quibus
3076 5418 3189 5454 cum
3215 5393 3428 5471 quidam

1825 5468 2151 5540 jugulandus
2183 5468 2367 5540 potius,
2395 5486 2547 5535 quam
2568 5468 2919 5525 'medicnturus
2954 5468 3236 5535 assisterct,‘
3261 5472 3425 5537 inspi-

1827 5538 1971 5613 γέλω.
1996 5554 2029 5613 a
2072 5538 2179 5592 Deo
2209 5556 2227 5594 :
2257 5539 2382 5613 Cur,
2416 5542 2613 5613 inquit,
2653 5543 2950 5613 imperator,
2980 5560 3149 5607 erras,
3195 5553 3241 5596 et
3286 5543 3424 5612 quod

1831 5608 1969 5682 Deus
2000 5610 2183 5677 infert,
2212 5611 2277 5664 ab
2319 5608 2605 5666 hominibus
2656 5608 2806 5679 putas
2843 5608 2991 5682 posse
3019 5608 3423 5669 revocarﬁwec

1827 5681 2080 5732 humanus
2120 5693 2191 5733 cst
2231 5684 2325 5735 iste
2354 5685 2577 5749 morbus,
2611 5698 2701 5737 nec
2742 5702 2773 5735 a
2808 5681 3020 5739 medicis
3054 5696 3283 5739 curatur.
3316 5686 3423 5746 Sed

1826 5750 2096 5829 recordare
2133 5762 2322 5829 quanta
2348 5753 2399 5829 in
2426 5771 2595 5829 servos
2628 5754 2721 5808 Dei
2745 5756 2907 5826 egeris
2925 5798 2940 5824 ,
2970 5773 3223 5829 quantque
3248 5760 3305 5812 in
3340 5773 3423 5812 re-

1828 5821 2069 5892 ligionem
2095 5825 2320 5880 divinant
2360 5825 2550 5897 impius
2586 5835 2633 5881 et
2676 5821 2935 5899 profanus
2964 5821 3190 5889 extiterit
3214 5874 3229 5902 ,
3260 5845 3311 5892 et
3337 5832 3422 5891 in-
