3960 6324
238 297 338 412 is

956 347 1168 407 NOTAE
1209 347 1275 406 IN
1315 347 1442 407 LIB.
1488 349 1573 404 DE
1612 347 1959 408 MORTIBUS
2003 351 2386 409 PEIlSECUT.
2425 356 2580 413 CAP.
2608 304 2782 412 .XLV.

3411 363 3518 418 370

239 487 372 535 nem,
404 485 518 548 pag.
554 469 683 548 5“,
709 484 959 524 nummus
1009 469 1282 548 Maxentii,
1317 469 1369 523 in
1418 467 1813 548 cujus_aversa
1839 478 1895 537 Α
1920 468 2192 548 Britannia
2219 475 2532 548 sene_m,qui
2556 489 2616 528 se
2634 474 2953 532 fatereturei
2980 492 3170 548 pugnas
3201 478 3512 534 interfuisse

235 552 374 608 parte
407 540 535 597 lucc
582 541 776 610 scripta
819 554 941 595 sunt
987 557 1000 594 :
1046 540 1308 596 VICTORIA
1337 557 1422 594 no.
1465 556 1552 594 NN.
1581 542 1713 594 Auo.
1747 556 1814 594 ετ

235 612 364 667 Cas.
399 628 516 668 vor.
557 627 608 664 v.
641 628 808 666 non.
857 629 907 666 x.
929 612 1065 680 Quin
1087 627 1217 681 ergo
1239 611 1509 666 celebrata
1533 625 1561 664 a
1593 610 1814 663 Maxen-

236 685 302 738 tio
325 684 422 737 sint
464 684 876 752 quinquennalia
897 724 912 747 ,
946 694 1000 737 et
1029 682 1244 750 quidem
1284 691 1680 752 postiexactuut
1711 697 1812 734 an-

233 771 348 808 nutu
391 751 674 822 quintum.
721 755 917 824 ambigi
971 770 1076 808 non
1149 751 1347 822 potest.
1398 751 1554 824 Illud
1603 761 1809 807 tantum

232 841 419 891 quzrro,
450 824 720 894 quomodo
750 823 1088 893 fieri’possit,
1122 833 1181 878 ut
1206 839 1325 892 quae
1358 823 1653 894 secundum
1692 837 1811 876 mo-

234 909 336 950 rem
356 891 478 949 acta
495 903 618 949 sunt
639 891 728 950 die
743 891 910 964 prima
943 895 1075 948 anni
1097 891 1257 958 sexti,
1297 895 1581 948 terminata
1609 892 1810 949 fuerint

231 967 278 1018 in
301 968 398 1020 line
423 965 661 1032 ejusdem
711 965 857 1019 anni.
887 964 1011 1021 Scio
1043 974 1162 1020 vota
1201 965 1287 1019 illa
1329 979 1522 1027 magno
1549 973 1807 1032 apparatu

229 1037 480 1092 celebrata
503 1036 702 1090 fuisse:
733 1039 868 1092 festa
899 1035 1014 1090 lucc
1039 1050 1136 1105 per
1165 1035 1364 1090 mullos
1391 1035 1508 1090 dies
1547 1034 1802 1100 durasse;

227 1118 391 1161 etnon
420 1107 593 1160 solum
623 1107 829 1177 inurbe
853 1107 996 1177 regia
1022 1107 1405 1177 usurpata,sed
1422 1106 1658 1177 etiamin
1678 1121 1804 1177 nro-

225 1177 415 1232 vinciis.
441 1177 636 1231 Verum
685 1176 774 1231 illa
817 1175 936 1231 non
955 1179 1171 1232 solvunt
1196 1176 1582 1232 difﬁcultatem.
1617 1175 1726 1229 Nisi
1754 1176 1801 1232 si

223 1248 448 1304 dicamus
497 1247 770 1301 hominem
833 1249 1193 1312 voluptarium
1236 1259 1289 1299 et
1333 1246 1557 1302 desidia!
1604 1256 1804 1300 amato-

222 1334 348 1384 rem,
373 1317 670 1387 cujusmodi
698 1317 864 1373 luisse
884 1318 1207 1374 describitur
1228 1318 1547 1382 Maxentius,
1567 1317 1801 1373 voluisse

225 1406 353 1445 noro
372 1405 518 1444 more
544 1390 965 1460 quinquennalia
986 1405 1079 1444 sua
1107 1388 1481 1444 commendata
1513 1394 1711 1452 facere,
1736 1403 1800 1460 ac

220 1471 484 1533 propterea
517 1459 844 1533 perannum
871 1461 1219 1533 integrumea
1247 1460 1590 1533 continuasse
1616 1477 1628 1512 :
1655 1459 1798 1533 quod

219 1530 392 1602 parum
423 1531 697 1600 probabile
725 1530 954 1602 videtur.
986 1531 1080 1586 Vel
1138 1531 1401 1602 fortassis,
1431 1532 1564 1585 sicut
1595 1531 1798 1602 primus

217 1601 328 1658 anni
351 1605 482 1666 dies,
525 1617 633 1670 quo
661 1601 1077 1670 quinquennalia
1102 1601 1532 1659 celebrabantur.
1563 1601 1702 1655 ludis
1732 1617 1797 1658 ac

213 1673 474 1747 sacrificiis
501 1672 916 1747 transigebatur.
952 1674 1038 1747 sic
1067 1674 1257 1747 eadem
1295 1672 1796 1747 solemniarepete—

212 1745 390 1800 bantur
421 1746 472 1798 in
504 1745 698 1797 ultimo
722 1744 810 1796 die
841 1743 1080 1809 ejusdem
1109 1745 1257 1806 anni,
1298 1753 1357 1798 ut
1386 1743 1465 1797 sic
1493 1744 1794 1812 quinquen-

211 1816 335 1870 nalia
383 1833 445 1870 eo
495 1813 658 1867 modo
711 1816 1126 1869 terminarentur
1176 1831 1282 1883 quo
1319 1823 1626 1882 coeperant,
1676 1818 1788 1883 pari

209 1887 309 1942 fere
335 1886 509 1951 modo,
533 1899 643 1953 quo
669 1886 1043 1955 processiones
1069 1887 1348 1940 consulum
1378 1895 1583 1955 septem
1629 1899 1784 1941 erant

209 1973 294 2024 per
314 1973 528 2022 annum,
559 1965 618 2009 ut
641 1965 785 2025 patet
803 1972 870 2010 ex
897 1957 1102 2011 novella
1131 1957 1231 2012 105
1253 1957 1588 2022 imperatoris
1608 1955 1780 2010 Justi-

1818 1854 1866 1914 B

1917 539 2314 621 qna_C:esarern
2344 539 2665 621 inferentem
2686 561 2833 600 arma
2865 539 3392 621 Britannia:,arcere
3424 549 3512 602 Iit-

1915 611 2118 665 toribus
2135 623 2190 686 et
2213 614 2410 681 pellere
2433 617 2666 685 aggressi
2695 627 2820 670 sunt
2851 637 2861 670 :
2888 617 3030 686 quod
3058 611 3352 686 contigerat
3382 630 3510 672 ante

1912 695 2094 760 armos
2129 683 2240 738 fere
2284 683 2536 760 centum:
2558 687 2766 760 viginti.
2799 688 2863 742 Et
2900 683 3124 760 sanctus
3151 683 3511 760 Hieronymus

1912 752 1963 804 in
1989 752 2202 827 dialogo
2229 755 2489 810 adversus
2519 752 2906 823 Luciferianos,
2933 774 3090 827 quem
3118 752 3381 814 Baronius
3409 776 3508 827 puo

1913 829 1987 900 tat
2011 825 2270 900 scriptum
2293 830 2436 880 circa
2467 842 2664 900 annum
2694 829 2892 900 Christi
2915 825 3041 897 582,
3069 831 3146 884 ait
3167 839 3278 900 tum
3316 825 3507 900 super-

1909 890 2078 949 fuisse
2122 895 2519 966 bomines,qui
2571 897 2781 969 synodo
2835 890 3064 954 Nicmnie
3117 890 3500 962 interfuerant,

1909 977 2062 1018 raros
2089 973 2273 1040 tamen
2309 980 2528 1035 propter
2553 969 2951 1039 antiquitatem.
2976 970 3184 1040 Itaque,
3208 979 3266 1026 ut
3291 971 3354 1040 ad
3385 986 3500 1025 rem

1909 1044 2150 1106 nostram
2182 1037 2466 1093 redeamus
2485 1080 2500 1101 ,
2533 1040 2600 1092 ita
2628 1037 3173 1096 co'nstituendum'est
3193 1081 3207 1106 ,
3236 1037 3500 1095 visionem

1906 1103 2256 1186 illatn_crucis
2285 1106 2639 1186 Constantino
2675 1121 2907 1186 ostensge
2931 1103 3228 1186 contigisse
3274 1113 3329 1186 in
3377 1126 3502 1165 cas.

1906 1175 2003 1230 tris
2038 1175 2164 1230 dum
2206 1178 2429 1233 Romam
2475 1181 2773 1246 obsideret,
2805 1183 2835 1236 7
2858 1182 2967 1236 kal.
3001 1175 3317 1236 Novembris
3355 1197 3500 1236 anno

1902 1246 2103 1302 Christi
2134 1249 2259 1304 5l2.
2291 1249 2480 1304 Audax
2512 1252 2655 1306 enim
2700 1268 2828 1307 vero
2861 1253 3082 1308 nimium
3128 1251 3228 1306 fuit
3262 1252 3497 1308 Jacobus

1903 1315 2166 1390 Oiselius,
2198 1322 2288 1389 qui
2318 1321 2370 1375 in
2404 1321 2684 1376 Thesauro
2739 1323 3120 1378 numismatum
3153 1324 3494 1390 antiquorum

1903 1401 2022 1458 pag.
2057 1389 2186 1465 4631.
2211 1392 2304 1454 ait,
2336 1407 2461 1447 eum
2486 1394 2582 1465 qui
2608 1402 2777 1448 totum
2809 1395 2910 1450 hoc
2936 1395 3210 1465 negotium
3239 1389 3308 1450 de
3332 1409 3494 1449 cruce

1900 1467 2115 1540 ostensa
2138 1461 2492 1540 Constantino
2507 1461 2587 1540 ad
2616 1465 2732 1533 pias
2753 1473 2996 1540 veterum
3008 1461 3261 1540 fraudes
3287 1465 3490 1540 retule-

1900 1534 1990 1602 rit.
2037 1547 2226 1601 parum
2266 1549 2295 1587 a
2356 1534 2433 1589 rei
2467 1537 2693 1590 veritate
2735 1537 3131 1591 aberraturum.
3161 1535 3300 1602 Quid
3336 1536 3481 1589 enim

1897 1599 2150 1676 deinceps
2173 1619 2361 1676 verum
2387 1606 2716 1671 censebitur,
2769 1607 2813 1660 si
2849 1605 3130 1662 historiam
3177 1599 3338 1672 hanc,
3367 1621 3490 1676 quae

1897 1669 2183 1739 Lactantii,
2211 1675 2383 1730 Publii
2407 1676 2680 1744 Optatiani
2703 1669 3010 1746 Porphyrii,
3037 1678 3278 1741 Eusebii,
3309 1669 3493 1730 ac've-

1897 1751 2068 1797 terum
2093 1747 2256 1799 etiam
2312 1747 2694 1800 numismatum
2741 1749 3049 1802 testimonio
3086 1747 3297 1812 nititur,
3350 1746 3490 1802 inter

1897 1812 2102 1868 fabulas
2127 1826 2182 1870 et
2221 1815 2354 1884 pias,
2386 1826 2444 1871 ut
2474 1817 2565 1872 ille
2609 1819 2704 1878 ait.
2749 1828 2990 1872 veterum
3023 1817 3237 1872 fraudes
3279 1832 3490 1872 connu-

1893 1899 2105 1958 merare
2130 1885 2217 1958 fas
2240 1886 2444 1958 fuerit?
2471 1887 2794 1958 Religiosius
2825 1888 2933 1942 ista
2957 1887 3231 1944 tractanda
3262 1898 3408 1951 sunt,
3434 1896 3489 1941 et

1883 1952 2183 2028 irreligioso
2208 1957 2296 2012 illa
2327 1952 2619 2014 temeritas
2634 1959 2819 2028 procul
2855 1959 3049 2015 abesse
3103 1958 3267 2014 debet
3291 1974 3321 2011 a
3354 1974 3484 2027 pec-

1883 2026 2091 2080 toribus
2117 2028 2552 2084 christianorum.

205 2029 349 2082 niani.
369 2029 503 2096 Quid
521 2027 566 2082 si
589 2027 1195 2096 natalesimperatorum
1216 2028 1519 2090 festieraut,
1541 2043 1660 2082 cum
1687 2043 1781 2095 per

203 2112 622 2169 unumquemque
671 2111 915 2152 mensem
961 2099 1355 2153 recurrebant?
1386 2097 1517 2152 Natn
1547 2099 1597 2152 in
1630 2101 1778 2153 Actis

202 2172 356 2224 sancti
387 2169 616 2224 Marcelli
640 2169 1005 2239 centurionis,
1033 2171 1122 2238 qui
1157 2184 1344 2239 passus
1371 2178 1455 2222 est
1477 2169 1531 2222 in
1555 2170 1778 2225 civitate

201 2240 460 2310 Tingitana
503 2241 604 2295 sub
651 2238 877 2307 imperio
908 2238 1256 2310 Diocletiani,
1292 2241 1506 2309 reperio
1535 2239 1677 2293 diem
1709 2241 1778 2294 I2

198 2309 526 2366 kalendarum
553 2311 780 2378 Augusti
822 2311 986 2364 fuisse
1021 2309 1211 2365 festam
1251 2313 1302 2365 in
1331 2311 1557 2380 imperio
1581 2311 1775 2365 Roma-

197 2397 295 2436 no:
320 2381 436 2436 Jam
480 2384 563 2436 die
603 2381 909 2434 duodecimo
944 2381 1275 2436 kalendarum
1304 2391 1660 2452 angustat-unt,
1694 2382 1774 2434 in-

196 2455 318 2523 quit,
349 2455 483 2523 apud
508 2454 661 2523 signa
688 2453 902 2522 legionis
951 2454 1116 2516 istius,
1171 2454 1376 2522 quando
1425 2453 1557 2505 diem
1584 2456 1770 2522 festum

194 2525 498 2593 imperatoris
553 2523 710 2578 uestri
757 2523 1065 2586 celebrastis,
1117 2526 1319 2594 publica
1363 2539 1478 2576 voce
1505 2524 1766 2591 respondi,

194 2610 266 2665 me
285 2594 627 2651 Christianum
673 2610 798 2649 esse.
836 2595 1198 2651 Diocletianus
1245 2598 1442 2665 quippe
1488 2597 1658 2649 factus
1686 2605 1770 2651 est

192 2664 466 2735 imperator
495 2667 566 2722 η
597 2665 708 2720 kal.
734 2667 1062 2722 Decembris.
1083 2669 1175 2724 Sic
1201 2664 1418 2735 quidam
1448 2667 1574 2720 olim
1605 2667 1766 2722 natali

193 2733 394 2805 Epicuri
435 2738 691 2792 vicesima
737 2735 860 2790 luna
889 2733 1284 2804 sacrificabant,
1314 2737 1582 2804 feriasque
1618 2739 1766 2794 omni

190 2821 363 2862 mense
388 2807 790 2870 custodiebant,
811 2822 943 2876 quas
964 2808 1150 2865 Icadas
1168 2808 1456 2874 vocabant,
1481 2817 1536 2862 ut
1561 2807 1766 2864 Plinius

190 2877 289 2936 ait.
317 2879 452 2934 libro
480 2895 626 2934 xxxv
651 2879 898 2934 Historia:
920 2892 1122 2944 natur.,
1146 2896 1264 2947 cap.
1299 2879 1354 2932 2.

251 2947 452 3035 Caelesti:
475 2947 1031 3035 siqqumﬁrpmortale
1082 2953 1317 3035 signum,
1356 2957 1414 3004 ut
1457 2949 1582 3003 alibi
1613 2949 1766 3035 _dicit

189 3015 587 3106 Laclantius,“
615 3024 962 3106 est,.sl‘gnum
1008 3015 1202 3106 crucis.
1251 3022 1357 3106 Iste
1401 3037 1562 3092 porro
1609 3021 1761 3106 locus

433 3043 975 3108 !§,~liuit'f3l.,.5|§llllmA
1008 3043 1213 3108 CTEICIS.‘
1251 3043 1357 3108 IISIB
1401 3043 1562 3108 porro
1609 3043 1761 3108 locus

185 3092 446 3162 estmagni
473 3091 761 3147 momenti.
796 3091 1141 3159 Signateuim
1167 3103 1220 3148 et
1251 3091 1448 3158 locum,
1496 3103 1543 3146 et
1591 3091 1757 3157 diettt,

186 3175 283 3231 quo
307 3156 455 3226 crux,
506 3163 558 3217 in
603 3176 711 3231 qua
741 3156 999 3228 vinceret,
1029 3175 1244 3219 ostensa
1272 3172 1356 3217 est
1379 3156 1756 3219 Ci'mstantino.
1939 3156 2135 3231 Hyante
2171 3162 2428 3228 proxima.
2461 3160 2516 3216 ld
2549 3171 2650 3226 est,
2683 3161 2877 3231 hyeme
2933 3174 3053 3226 qua:
3092 3166 3323 3231 mortem
3353 3157 3464 3212 Ma-

185 3229 306 3308 N_am
327 3248 445 3308 cu_m
475 3248 541 3289 ex
583 3229 896 3308 testimonio
920 3237 1158 3299 Eusebii,
1185 3236 1274 3305 qui
1303 3249 1374 3308 se
1394 3237 1666 3308 accepisse
1687 3237 1761 3290 ait
1788 3243 1835 3308 ρ
1864 3229 2581 3308 xentii_8_tatitn_subsecuta
2617 3229 2916 3308 est.‘_At_qui
2947 3229 3279 3308 Maxentius
3304 3231 3463 3308 periit

184 3300 246 3354 ab
266 3317 354 3357 ore
374 3303 741 3371 Constantini,
788 3317 999 3362 constet
1031 3299 1216 3362 visum'
1251 3305 1316 3359 ad
1356 3320 1422 3359 eo
1441 3299 1618 3360 crucis
1646 3315 1760 3359 tro-
1797 3299 1834 3308 ““
1863 3312 2006 3371 anno
2021 3300 2161 3371 512,
2190 3301 2224 3356 6
2249 3300 2508 3358 kalendas
2542 3299 2880 3358 Novembris.
2947 3302 3110 3370 Igitur
3147 3299 3460 3355 Constanti-

182 3385 342 3440 pteum
364 3374 416 3429 in
443 3377 587 3431 caelo
621 3369 769 3430 noris
797 3378 1127 3439 meridianis,
1153 3375 1336 3431 soloin
1354 3391 1606 3430 occasum
1635 3393 1759 3430 vcr-
1863 3384 1966 3445 nu_s
1987 3369 2348 3445 Mediolanum
2383 3373 2659 3445 profectus
2687 3384 2770 3429 est
2799 3388 2865 3426 eo
2894 3369 3037 3427 anno
3078 3381 3344 3445 exeunte,
3365 3381 3460 3424 aut.

181 3439 350 3516 gente,
394 3455 449 3500 et
503 3445 845 3502 addubitanti
898 3449 1151 3516 quidnam
1200 3447 1303 3500 hoc
1347 3456 1617 3516 spectrum
1657 3448 1758 3503 sibi

1878 3440 1963 3516 iub
2000 3441 2207 3516 initium
2259 3439 2536 3513 sequentis
2567 3445 2754 3513 :quod
2795 3445 2966 3516 magis
3005 3439 3458 3516 credo._‘Q_uippc

181 3508 348 3586 vellet,
383 3525 539 3572 nocte
567 3519 816 3586 sequenti
859 3508 1129 3573 Christum
1163 3519 1253 3571 Dei
1278 3508 1566 3573 dormienti
1589 3533 1757 3586 appa-
1859 3508 2118 3586 Nazarins
2150 3513 2201 3566 in
2233 3508 2556 3586 panegyrico
2605 3508 2764 3585 quem
2805 3508 3160 3586 Constantino
3183 3509 3343 3586 dixit,
3375 3512 3456 3565 sic

179 3583 341 3640 ruisse
365 3602 486 3642 cum
514 3580 676 3657 signa
705 3589 817 3651 illo,
846 3590 986 3658 quod
1014 3591 1064 3642 in
1093 3591 1233 3645 coelo
1260 3599 1536 3658 ostensum
1563 3580 1754 3651 fuerat,
1858 3580 1928 3636 de
1949 3597 2120 3648 mora,
2149 3580 2323 3658 quam,
2344 3580 2437 3658 ille
2469 3580 2654 3640 Romae
2685 3585 2866 3658 traxit,
2915 3582 3171 3653 loquitur,
3200 3582 3456 3658 ntplaue

177 3649 597 3730 pra'cepissequé
623 3665 682 3712 ut
708 3649 922 3714 militari
947 3661 1103 3730 signo
1118 3662 1182 3714 all
1209 3657 1614 3730 similitudinem
1639 3649 1756 3725 ejus
1857 3662 2089 3730 constet,
2121 3649 2244 3730 eum
2272 3657 2382 3711 illic
2414 3657 2576 3710 fuisse
2609 3671 2705 3726 per
2754 3656 2899 3730 duos
2914 3649 3151 3730 menses.
3171 3649 3454 3730 _Qn_idquid

1859 3725 2002 3796 mali,
2031 3724 2225 3796 inquit,
2255 3729 2494 3781 sexennio
2521 3722 2625 3781 toto
2655 3727 2934 3780 dominatio
2963 3724 3142 3796 feralis
3165 3722 3448 3791 inﬂixerat,
3541 3757 3547 3761 -

1857 3793 2235 3866 bimestris'fere
2259 3815 2383 3850 cura
2409 3799 2622 3852 sanavit.
2657 3795 2943 3851 Probabile
2964 3793 3149 3866 autem
3189 3807 3304 3866 non
3332 3804 3449 3866 est,

1853 3881 1978 3920 eum
2009 3868 2098 3934 qui
2129 3862 2209 3923 sic
2259 3870 2538 3938 proximus
2566 3877 2682 3922 erat
2708 3867 2953 3922 kalendis
2981 3863 3277 3938 JanuariiS.
3332 3862 3444 3938 Ro-

1856 3951 1998 3989 mam
2031 3935 2314 4010 reliquisse
2353 3941 2457 3993 illis
2494 3939 2960 4010 impendentibus,
2999 3945 3062 3991 ut
3097 3935 3224 3991 alibi
3271 3936 3449 4010 potius

1851 4022 2014 4076 quam
2047 4007 2254 4074 Romae,
2287 4007 2606 4078 procederet
2629 4009 2844 4065 consul.
2866 4009 3133 4063 Praeterea
3189 4012 3339 4078 extat
3395 4007 3448 4060 in

1852 4079 2040 4150 codice
2066 4077 2358 4136 Iustiniani
2386 4082 2516 4150 imp.
2550 4083 2643 4136 lib.
2670 4097 2750 4145 xt,
2783 4082 2867 4134 tit.
2896 4081 2988 4140 57.
3011 4081 3100 4134 lex
3123 4093 3154 4133 a
3178 4077 3448 4150 constan-

1852 4149 1966 4203 tino
1987 4149 2111 4205 data
2142 4152 2330 4208 Roma:
2377 4147 2710 4208 ls'kalend.
2758 4152 2917 4207 Febr.
2976 4152 3096 4219 ipso
3143 4158 3202 4203 et
3239 4147 3448 4203 Licinio

1852 4221 2068 4276 tertium
2122 4225 2456 4290 consulibus,
2510 4223 2561 4277 itl
2613 4233 2718 4288 est,
2773 4239 2960 4279 mense
3007 4220 3298 4284 Januario,
3353 4221 3448 4289 qui

1853 4293 2129 4358 proximus
2182 4294 2278 4350 fuit
2329 4305 2449 4363 post
2488 4297 2785 4349 extinctum
2843 4292 3190 4363 Maxentium,
3241 4306 3306 4346 ex
3338 4307 3443 4360 qua

1849 4363 2028 4432 colligi
2060 4379 2219 4433 posse
2250 4362 2480 4432 videtur,
2508 4367 2923 4422 Constantinum
2949 4365 3114 4419 Roma
3141 4362 3440 4433 digressum

171 4434 322 4506 verba
349 4433 918 4494 Artemii—memoriam
939 4441 1275 4493 Constantini
1301 4437 1639 4492 defendentis
1659 4455 1751 4491 ro-
1851 4447 1959 4506 non
1987 4448 2110 4490 esse
2135 4445 2259 4492 ante
2283 4438 2450 4499 diem,
2481 4452 2587 4506 qua
2609 4437 2695 4490 lex
2725 4436 2816 4491 illa
2856 4437 2977 4491 data
3009 4435 3238 4506 ,dicitur.
3289 4433 3444 4506 Quod

171 4518 274 4579 ram
291 4505 504 4562 Juliano
537 4511 896 4578 imperatore:
925 4510 1007 4563 Ad
1031 4509 1290 4565 Christum
1319 4519 1486 4562 autem
1517 4509 1745 4563 declina-
1849 4505 1906 4579 si
1934 4505 2138 4579 itaest,
2169 4509 2247 4562 sic
2277 4504 2591 4579 accipienda
2621 4507 2872 4561 videntur
2915 4507 3077 4560 verba
3121 4504 3357 4579 Nazarii,
3387 4507 3478 4559 ut‘

169 4575 232 4678 pit
258 4582 318 4630 ab
345 4579 438 4678 illo
465 4575 696 4678 voca‘t‘us,
727 4581 931 4650 quando
943 4581 1317 4678 difﬁcillimum
1342 4580 1592 4678 commisit
1617 4596 1751 4648 praz-
1773 4618 1826 4678 Β
1853 4575 1958 4678 illi
1974 4575 2248 4678 bimestris
2273 4583 2378 4650 fere
2399 4575 2574 4642 'cura,
2625 4593 2785 4678 quam
2841 4575 3233 4678 componendis
3281 4575 3444 4678 rebqs

189 4661 284 4678 sum
312 4666 340 4678 ι-
377 4666 554 4678 ..η-ρ..-
635 4652 888 4678 -..ρηοέ-.-.ι
987 4669 1083 4678 -.....
1113 4653 1241 4678 Αμέι-.
1272 4653 1311 4678 ,ζ
1339 4652 1392 4678 ὲ..
1419 4651 1543 4678 ...η-ἱ
1584 4652 1628 4678 ἔΑ
1660 4668 1724 4678 ι...
1855 4661 1921 4678 ιιι-
1961 4661 2074 4678 anan
2132 4648 2517 4678 ’Λιιριηριιέ-ιιηνι
2559 4650 2740 4678 ἔπι-λιι..
2783 4649 2889 4678 ἔρριι
2935 4658 3012 4678 I—n
3060 4649 3092 4678 il
3168 4659 3236 4678 an
3283 4661 3384 4678 nam
3411 4663 3444 4678 ιι

170 4643 285 4700 lium
299 4649 554 4722 aduersus
573 4643 909 4705 Maxentium.
943 4643 1083 4705 Tunc
1109 4653 1241 4704 enim
1267 4653 1311 4705 ei
1339 4652 1392 4704 in
1419 4643 1628 4722 meridie
1656 4668 1750 4722 ap-
1773 4643 1826 4678 υ
1855 4647 2077 4722 urbanis
2105 4643 2518 4704 Constantinum
2559 4643 2890 4722 impendisse
2935 4643 3125 4722 tradit,
3168 4659 3236 4700 eo
3283 4648 3445 4722 modo

169 4719 329 4792 paruit
351 4721 556 4792 signum
595 4724 759 4776 crucis
787 4724 948 4776 radiis
977 4722 1100 4776 solis
1126 4722 1467 4786 splendidius,
1497 4730 1542 4774 et
1571 4715 1752 4778 litteris
1854 4715 2202 4792 intelligatur,
2234 4735 2351 4792 quo
2371 4727 2590 4792 sanctus
2615 4719 2943 4792 Augustinus
2983 4717 3210 4792 in__l_i_bro
3235 4715 3302 4769 ad
3337 4717 3444 4771 Do-

169 4790 326 4864 attreis
350 4785 470 4844 be'lli
491 4794 791 4864 signiﬁcans
824 4796 1104 4847 victoriam.
1134 4785 1274 4847 Nam
1302 4809 1393 4846 nos
1431 4808 1627 4862 quoque
1650 4795 1751 4863 ipsi
1858 4785 2085 4864 nalislas
2113 4800 2232 4857 post
2251 4785 2596 4864 collationem
2619 4785 2739 4864 cap.
2772 4789 2862 4864 55,
2889 4790 2982 4864 ait,
3013 4785 3286 4864 Elianutn
3321 4802 3446 4864 pro-

168 4859 358 4932 signum
388 4856 739 4932 adspEximus,
773 4880 887 4917 cum
910 4865 1040 4918 bello
1065 4856 1453 4927 interessemus;
1473 4872 1520 4916 et
1541 4856 1752 4920 'litleras
1855 4856 2131 4932 ςρηδιιιεξςή
2164 4875 2379 4915 causam
2406 4858 2601 4932 Felicis
2621 4856 2859 4927 episcopi
2887 4856 3235 4932 Aptungilatti
3287 4858 3448 4912 audi-

1952 2095 2156 2170 Circum
2182 2101 2340 2168 ﬂexo,
2368 2101 2646 2156 Christum.
2664 2101 2791 2155 Haec
2818 2096 3410 2170 ilaintelligendasunt,
3431 2109 3489 2153 ut

1877 2163 2080 2239 Christi
2111 2163 2517 2236 monogramma
2569 2173 2974 2226 circumﬂexum
3004 2163 3166 2226 fue'rit
3193 2172 3245 2224 in
3296 2171 3475 2239 capite

1876 2236 2094 2304 Labari,
2131 2251 2187 2292 ut
2209 2241 2453 2297 videmus
2485 2244 2536 2296 in
2570 2244 2806 2297 nummis
2835 2242 3132 2298 veteribus.

1947 2308 2130 2384 Libros
2152 2311 2437 2384 Sibyllinos
2457 2315 2658 2383 inspici.
2683 2313 2935 2367 Zozimus
2958 2314 3048 2368 lib.
3077 2329 3111 2368 ll
3139 2330 3152 2366 :
3180 2309 3480 2384 Maxentius

1875 2378 2101 2436 inclusus
2129 2378 2474 2437 diis'hostias
2529 2378 2780 2448 immolat,
2813 2395 2862 2439 et
2917 2385 3189 2452 extispices
3237 2383 3301 2434 de
3353 2381 3481 2435 belli

1873 2461 2051 2526 eventu
2078 2455 2320 2526 consulit,
2351 2456 2476 2521 ipsis
2505 2472 2704 2526 quoque
2735 2456 3006 2525 Sibyllinis
3031 2454 3262 2526 oraculis
3275 2468 3478 2519 perves-

1871 2521 2066 2594 ligatis.
2100 2524 2328 2592 Cumque
2354 2521 2916 2591 reperisset'oraculum
2958 2543 3058 2594 quo
3092 2525 3476 2594 signiﬁcaretur

1869 2591 1924 2645 in
1949 2595 2074 2664 falis
2125 2591 2255 2659 esse,
2310 2606 2366 2648 ul
2391 2598 2480 2665 qui
2526 2598 2594 2649 ad
2648 2591 3002 2650 detrimentum
3043 2591 3477 2666 papuliRomani

1868 2667 2148 2737 spectantia
2170 2667 2478 2737 designaret,
2500 2667 2776 2721 miserabili
2802 2677 2960 2720 morte
2981 2668 3186 2733 periret,
3207 2666 3270 2718 de
3289 2676 3476 2737 semet-.

1867 2735 1981 2803 ipso
2005 2737 2060 2789 id
2089 2735 2354 2791 oraculum
2377 2739 2691 2808 accipiebat,
2725 2739 2872 2808 quasi
2897 2739 2985 2806 qui
3014 2739 3231 2792 Romam
3262 2735 3470 2788 adortos

1867 2821 2078 2877 eamque
2105 2823 2289 2876 capere
2337 2811 2620 2877 cogitantes
2666 2811 3011 2879 propulsaret.
3049 2808 3274 2860 Eventus
3301 2815 3469 2858 autem

1865 2879 2210 2947 comprobauit
2236 2879 2310 2941 id,
2349 2886 2489 2947 quod
2519 2897 2693 2933 verum
2737 2891 2864 2934 erat.
2928 2879 3054 2934 Haec
3080 2892 3214 2933 vero
3242 2889 3466 2946 prorsus

1863 2961 2166 3018 congruunt
2195 2965 2317 3005 cum
2342 2951 2648 3005 narratione
2675 2950 2964 3005 Lactantii.

179 3726 306 3794 quod
339 3726 390 3782 in
416 3726 558 3784 caelo
577 3729 824 3792 vidisset.
845 3726 1122 3796 fabricato,
1147 3745 1214 3785 eo
1237 3741 1506 3798 tamquam
1535 3729 1754 3784 salutari

178 3798 416 3870 praesidio
460 3802 510 3854 in
567 3801 768 3869 prmliis
797 3810 1053 3865 uteretur,
1100 3811 1305 3856 certum
1336 3811 1439 3864 est,
1473 3809 1756 3870 utramque

178 3867 431 3925 visionem
473 3867 586 3925 uno
634 3874 686 3925 in
733 3871 850 3927 loco
875 3880 930 3926 et
983 3873 1120 3926 intra
1149 3873 1378 3942 spatium
1413 3870 1637 3942 aliquot,
1668 3867 1756 3924 ito-

176 3951 340 4019 rarnrn
371 3943 688 4019 contigisse.
713 3943 866 4011 Quod
887 3943 939 4019 si
955 3945 1024 3998 ita
1043 3951 1147 4019 est,
1172 3940 1230 3997 ut
1249 3954 1395 3997 certe
1420 3951 1529 4019 est,
1558 3940 1756 3999 habent

173 4011 264 4062 viri
293 4011 432 4082 docti
462 4011 609 4068 unde
632 4014 794 4070 linem
817 4015 1029 4069 tandem
1055 4016 1331 4082 imponant
1351 4013 1514 4066 nobili
1537 4023 1754 4066 contro-

176 4081 352 4155 versiae
378 4083 446 4139 de
477 4084 620 4145 loco,
647 4085 733 4140 ubi
761 4086 970 4155 signum
999 4081 1172 4139 crucis
1201 4095 1476 4139 ostensum
1501 4093 1583 4137 est
1608 4083 1750 4138 Con-

173 4153 418 4218 stantino,
441 4164 497 4209 et
525 4155 670 4210 unde
703 4153 836 4210 fides
865 4157 1172 4210 adstruatur
1196 4157 1396 4210 auctori
1426 4157 1547 4208 vitae
1579 4156 1751 4210 sancti

175 4220 384 4297 Artemii
406 4225 646 4297 exduce
665 4225 904 4297 Egypti,
934 4228 1085 4296 cujus
1112 4227 1481 4280 auctoritatem
1526 4227 1605 4297 vir
1627 4241 1750 4280 eru-

172 4291 458 4349 ditissimus
482 4296 683 4351 Petrus
705 4291 1019 4352 Franciscus
1039 4297 1342 4352 Cltiflletius
1360 4296 1676 4351 circuitione
1699 4308 1752 4351 et

171 4362 398 4436 anfractu
424 4367 696 4436 infregere
725 4377 778 4423 et
807 4373 1020 4423 elevare
1061 4379 1286 4422 conatus
1337 4378 1440 4422 est.
1473 4367 1596 4421 ll:rc
1626 4376 1753 4422 sunt

168 4929 390 5006 legimus.
417 4929 547 4988 Cum
561 4937 710 4989 etiam
730 4945 862 4990 totus
878 4953 1075 5006 quoque
1086 4936 1141 4989 id
1155 4946 1225 4990 est
1236 4935 1607 4999 contemplatus
1618 4953 1754 4991 exer-

167 5001 309 5078 citus,
335 5014 380 5058 et
401 5007 552 5078 inulti
573 5007 726 5078 hujus
752 5008 826 5078 rei
851 5001 1001 5060 testes
1017 5019 1134 5060 sunt
1159 5008 1209 5078 in
1226 5017 1312 5061 tuo
1327 5006 1566 5078 exercitu.
1597 5007 1751 5077 Apud

165 5070 370 5129 Suriqu
399 5076 490 5131 die
515 5077 588 5130 20
612 5070 812 5132 mensis
839 5079 1108 5133 Octobris.
1141 5077 1333 5132 Mirum
1351 5091 1482 5132 vero
1510 5070 1752 5134 fortassis

165 5144 366 5224 cuidam
398 5147 672 5202 videbitur
698 5149 840 5224 qnod
863 5149 982 5224 heic
1011 5150 1086 5202 ait
1115 5149 1406 5224 Artemius,
1436 5148 1630 5224 multos
1658 5149 1755 5203 bu-

161 5216 351 5288 jusrei
366 5227 553 5288 testes
574 5227 684 5272 tum
720 5216 891 5273 fuisse
948 5221 998 5272 in
1030 5221 1268 5276 exercitu
1293 5219 1486 5273 Juliani
1517 5220 1752 5288 impera-

164 5286 310 5357 toris.
335 5287 470 5343 Nam
489 5289 536 5342 si
561 5290 660 5344 ista
674 5289 992 5346 dicebautur
1007 5305 1147 5346 anno
1158 5290 1356 5345 Christi
1374 5289 1481 5345 542
1498 5286 1749 5357 exeunte,

164 5354 484 5436 efll‘uxerant
512 5357 636 5436 anni
689 5361 1071 5436 quinquaginta
1112 5377 1142 5436 a
1175 5370 1366 5436 _morte
1396 5360 1666 5436 Maxentii,
1698 5354 1754 5418 et

165 5424 372 5500 difficile
401 5438 489 5484 est
516 5424 1280 5500 multos'mili'tes'superfuisse
1306 5446 1373 5487 ex
1396 5445 1462 5486 eo
1486 5424 1750 5500 exercitu,

163 5499 247 5558 qui
276 5511 385 5554 tum
408 5500 670 5557 adversus
694 5517 816 5556 eum
847 5499 1168 5571 pugnarunt.
1201 5501 1400 5558 Verum
1449 5502 1502 5557 id
1554 5499 1748 5557 mirum

162 5579 496 5642 nequaquam
522 5573 689 5627 videri
718 5573 896 5627 debet.
929 5572 1061 5627 Nam
1109 5575 1161 5629 in
1202 5572 1415 5642 dialogo
1467 5573 1535 5629 de
1587 5574 1751 5630 claris

159 5635 498 5704 Oratoribus,
544 5643 695 5714 cujus
733 5653 1007 5698 auctorem
1038 5659 1158 5699 esse
1183 5635 1563 5710 Quintilianum
1589 5646 1750 5714 pleri-

161 5722 261 5784 que
283 5719 534 5784 censent,
553 5713 638 5767 alii
657 5713 921 5771 Tacitum.
954 5715 1167 5784 quidam
1187 5715 1522 5777 Suetonium,
1557 5713 1608 5770 in
1635 5717 1748 5771 dia-

162 5777 300 5857 logo,
334 5783 576 5858 inquam,
607 5785 723 5858 illo,
749 5786 838 5854 qui
861 5777 1096 5853 scriptus
1120 5795 1203 5841 est
1229 5801 1374 5843 anno
1399 5796 1554 5842 sexto
1595 5788 1747 5858 prin-

161 5853 366 5921 cipatus
417 5853 1028 5923 Vespasiatti,’testatur
1077 5867 1263 5913 auctor
1336 5857 1534 5915 vidisse
1593 5853 1653 5914 se
1693 5858 1745 5915 in

1858 4929 2000 4984 \‘isse
2027 4928 2093 4984 l5
2115 4931 2374 4987 kalendas
2405 4931 2640 4994 Martias,
2666 4939 2779 5000 post
2806 4944 2998 4983 menses
3020 4929 3178 5000 ferme
3203 4938 3440 4995 quatuor,

1857 5017 2018 5070 quam
2045 5001 2364 5058 Caecilianus
2389 5018 2419 5058 a
2460 4999 2753 5057 Melcbiade
2797 5001 2970 5056 fuerat
2991 4999 3287 5070 judicatus;
3320 5014 3441 5053 cum

1860 5081 2039 5129 tamen
2063 5090 2091 5128 a
2119 5075 2206 5130 die
2232 5075 2265 5130 6
2287 5089 2457 5128 nonas
2486 5073 2753 5137 Octobris,
2793 5086 2900 5143 quo
2928 5071 3019 5126 ille
3045 5070 3442 5143 judicatnsest,

1855 5159 2026 5214 usque
2062 5146 2130 5200 ad
2183 5147 2249 5202 15
2277 5145 2534 5200 kalendas
2581 5139 2827 5209 Martias,
2880 5157 2986 5214 quo
3037 5154 3197 5196 causa
3247 5139 3446 5214 Felicis

1853 5212 2040 5272 audita
2079 5226 2185 5282 est,
2227 5215 2630 5272 intercesserint
2659 5229 2874 5270 menses
2900 5212 3146 5284 quatuor
3195 5226 3316 5284 cum
3364 5212 3448 5284 di-

1856 5287 2040 5342 midio.
2077 5288 2277 5344 Eadem
2307 5288 2518 5342 ratione
2547 5296 2767 5342 sanctus
2794 5286 2906 5341 Leo
2934 5282 3070 5355 papa
3109 5283 3174 5355 in
3217 5282 3444 5350 epistola

1853 5359 2296 5430 quinquagesima
2310 5358 2544 5430 secunda
2561 5357 2627 5413 ad
2647 5353 2981 5430 Ravennium
2997 5353 3371 5430 Arelatensem
3388 5365 3447 5408 et

1850 5423 2396 5499 caeteros—Galliarum
2444 5429 2729 5499 episcopos
2757 5427 2998 5484 scribens
3033 5426 3136 5499 ait,
3179 5423 3444 5499 synodum

1850 5497 2351 5574 Cltalcedonensem
2377 5493 2688 5574 constitisse
2711 5514 2778 5554 ex
2809 5496 3076 5574 sexcentis
3103 5493 3448 5566 fere’episco—

1854 5571 1958 5640 pis,
1991 5573 2076 5626 cui
2109 5571 2419 5627 interfuisse
2448 5571 2554 5626 630
2580 5571 2868 5640 episcopos
2911 5578 3167 5623 constans
3212 5575 3298 5640 est
3326 5581 3448 5620 om-

1851 5637 2002 5712 nium
2055 5642 2226 5698 ferme
2282 5637 2626 5712 scriptorum'
2665 5637 2956 5712 sententia.
3011 5637 3255 5712 Accessit
3315 5652 3449 5712 ergo

1853 5711 2213 5770 Mediolanum
2242 5707 2626 5769 Constantinus
2653 5711 2752 5766 sub
2783 5710 2941 5766 linem
2965 5709 3166 5764 mensis
3181 5707 3445 5763 Januarii.

1853 5785 1932 5842 Eo
1952 5800 2083 5842 vero
2109 5789 2257 5842 venit
2279 5787 2439 5840 etiam
2465 5783 2724 5849 Licinius,
2761 5797 2982 5838 uxorem
3013 5780 3274 5836 ducturus
3306 5779 3449 5835 Con-

1851 5857 2108 5915 stantiam
2133 5856 2472 5915 Constantini
2499 5869 2763 5912 sororem.
2809 5852 3012 5910 Eadem
3058 5859 3449 5910 commemorat
