3960 6346
509 285 607 340 571

1818 279 2157 338 STEPHANI
2195 279 2468 338 BALUZII

3700 271 3808 329 ετξ.

503 407 557 451 et
581 397 853 460 Zozimus.
878 406 1018 451 recte
1042 396 1327 462 adnotans,
1360 394 1474 450 hmc
1503 403 1620 450 acta
1658 401 1779 465 post
1819 393 2086 466 devictum
2115 397 2162 458 Α
2193 409 2292 466 pro
2321 409 2427 466 quo
2451 393 2504 448 in
2527 393 2893 448 vetustissimo
2917 391 3108 449 codice
3134 404 3239 466 ms.
3261 389 3523 466 ecclesia
3553 388 3806 446 Bellova-

507 467 855 532 Maxentium,
879 477 932 522 et
962 478 1246 535 antequam
1279 467 1475 522 bellum
1515 476 1660 521 esset
1718 466 1858 522 inter
1913 465 2083 519 Maxi-

507 540 708 593 minum
735 549 789 594 et
819 537 1096 592 Licinium.
1125 538 1302 604 Quare
1324 537 1531 604 lapsum
1556 551 1679 592 esse
1722 545 1864 604 patet
1911 535 2083 590 virum

507 609 870 666 doctissimum
925 607 1185 662 Joannem
1243 607 1526 672 Morinum,
1585 607 1675 676 qui
1723 605 1779 676 in
1829 606 1973 676 libro,
2015 607 2084 661 de

509 679 744 734 Ecclesia
767 692 861 748 per
874 677 1285 748 Constantinum
1307 677 1558 740 liberata,
1582 675 1701 747 pag.
1727 675 1851 741 328,
1876 675 2081 742 scribit,

508 747 781 804 Licinium
801 747 1013 803 venisse
1041 747 1398 804 Mediolanum
1429 748 1496 804 ad
1527 748 1932 803 Constantinmn
1966 755 2086 814 post

499 820 768 873 devictum
799 821 1202 888 extincttunque
1230 819 1595 883 Maximinum,
1620 818 1800 886 ibique
1820 815 2084 888 Constan-

505 891 630 944 tiam
683 887 1166 945 inmatrimonium
1217 889 1456 944 duxisse.
1515 887 1588 944 Eo
1641 897 1866 956 peracto,
1917 887 2086 956 inquit

503 959 770 1023 Zozimus,
823 957 1186 1014 Constantinus
1242 960 1308 1012 ad
1337 957 1505 1014 Cellas
1533 961 1816 1022 revertitur,
1847 957 2085 1015 Licinius

501 1033 555 1100 in
576 1029 867 1100 Illyricum,
899 1040 953 1082 ut
977 1030 1136 1085 tradit
1155 1040 1343 1084 auctor
1359 1029 1661 1100 Fragmenti
1674 1028 1756 1100 de
1771 1029 2084 1100 Constantio

481 1097 719 1166 'Cltloj‘o,
755 1114 872 1168 pag.
909 1101 1036 1155 475.
1085 1100 1192 1154 Sed
1232 1097 1518 1170 antequam
1571 1099 1870 1154 Mediolano
1905 1099 2081 1170 disce-

503 1169 712 1235 derent,
745 1174 915 1238 legem
943 1186 1041 1238 pro
1069 1168 1392 1227 Christianis
1429 1170 1733 1234 ediderunt,
1775 1184 1896 1238 qua:
1925 1168 2085 1238 paulo

504 1251 623 1310 post
651 1242 984 1295 recitabitur.

575 1311 1010 1366 Existimantviri
1037 1311 1253 1380 quidam
1293 1310 1612 1370 doctissimi,
1651 1309 1866 1378 nuptias
1892 1308 2083 1367 Licinii

505 1390 560 1435 et
609 1381 939 1436 Constantia:
1005 1383 1302 1436 celebratas
1352 1380 1513 1434 fuisse
1573 1380 1855 1436 Mediolani
1901 1393 2086 1436 mense

503 1451 708 1515 Martio,
737 1463 1051 1522 argumento
1075 1454 1240 1521 petito
1261 1467 1326 1506 ex
1349 1453 1464 1521 lege
1486 1451 1654 1520 prima
1678 1450 1879 1506 codicis
1903 1451 2082 1522 'i‘heo-

505 1521 710 1576 dosiani
770 1520 844 1575 lle
890 1523 1034 1577 bonis
1077 1520 1416 1585 uacautibus,’
1456 1537 1573 1589 qua:
1619 1523 1874 1576 scribitur
1907 1520 2028 1574 data
2053 1535 2084 1574 a

503 1593 852 1648 Constantino
901 1593 957 1658 ϐ,
1007 1591 1124 1647 idus
1151 1593 1365 1648 Martias
1400 1590 1706 1654 Mediolani,
1731 1591 2086 1645 Constantino

504 1663 639 1732 Aug.
671 1677 757 1726 ut,
785 1673 841 1718 et
875 1664 1082 1719 Licinio
1115 1664 1442 1718 consulibus.
1475 1663 1790 1730 Quanquam
1843 1677 2083 1718 mensem

507 1733 750 1790 Martium
777 1734 830 1788 in
853 1734 1048 1788 Maium
1072 1749 1193 1788 esse
1223 1733 1536 1788 mutandum
1580 1733 1632 1786 in
1687 1733 1787 1787 hac
1817 1733 2079 1785 constitu-

508 1805 654 1860 tione
677 1813 864 1859 censet
893 1804 1129 1860 Morinus
1148 1804 1202 1858 in
1231 1803 1368 1860 libro
1389 1803 1455 1858 de
1500 1802 1740 1858 Ecclesia
1799 1818 1895 1870 per
1939 1803 2083 1858 Con—

507 1875 798 1928 stantinum
839 1874 1087 1940 liberata,
1127 1890 1242 1943 pag.
1278 1873 1403 1933 529.
1451 1873 1595 1942 quia,
1643 1884 1700 1926 ut
1736 1874 1918 1943 inquit
1972 1873 2082 1934 ille,

507 1943 892 2000 Constantinus
917 1959 1102 1999 mense
1130 1941 1326 1998 Martio
1354 1941 1493 1998 illius
1524 1944 1648 2000 anni
1685 1941 1942 2000 adversus
1967 1943 2090 1998 bar-

508 2015 668 2070 baros
694 2016 944 2086 pugnavit
974 2016 1026 2068 in
1053 2013 1361 2086 Germania.
1387 2015 1550 2086 Sane,
1584 2015 1725 2082 quod
1769 2011 1939 2067 semel
1971 2013 2090 2086 heic

508 2085 828 2141 observasse
855 2085 1107 2148 sulllciat,
1141 2085 1272 2139 nihil
1300 2086 1432 2139 certi
1459 2085 1633 2153 colligi
1668 2093 1844 2152 potest
1871 2100 1935 2137 ex
1963 2085 2090 2138 sub-

482 2156 890 2225 _scriptionibus
913 2157 1090 2226 legum
1111 2155 1296 2210 codice
1324 2156 1698 2210 'l‘heodosiano
1732 2154 2091 2226 compreheua-

506 2240 716 2290 sarum;
742 2225 986 2296 adeoque
1014 2242 1080 2280 ex
1101 2227 1180 2281 eis
1205 2227 1451 2280 concludi
1477 2241 1580 2280 non
1605 2236 1799 2294 potest,
1827 2225 2091 2296 Constan-

511 2297 679 2350 tinom
704 2313 770 2352 eo
802 2295 1043 2366 tempore
1069 2298 1122 2350 in
1153 2297 1218 2350 iis
1244 2298 1376 2350 locis
1404 2297 1586 2362 fuisse,
1638 2297 1691 2350 in
1735 2296 1926 2363 quibus
1951 2295 2090 2349 datae

509 2367 781 2422 dicuntur.
809 2367 941 2422 Nam
974 2369 1018 2420 si
1069 2367 1119 2420 id
1165 2378 1370 2421 certum
1415 2376 1578 2431 esset,
1628 2377 1833 2420 certum
1879 2379 2096 2434 qunque

510 2451 675 2500 esset,
706 2453 828 2493 eum
859 2439 996 2491 intra
1028 2452 1122 2492 sex
1168 2437 1378 2492 dierum
1435 2438 1662 2504 Spatium
1717 2436 1885 2491 fuisse
1925 2434 2093 2490 Hera-

483 2507 639 2562 ‘cleae
668 2509 720 2562 in
750 2507 1079 2571 Macedonia,
1125 2519 1214 2561 aut
1243 2509 1295 2560 in
1327 2507 1578 2572 Thracia,
1620 2516 1675 2561 et
1703 2505 1990 2562 Mediolani
2041 2506 2092 2562 in

447 2631 456 2646 ,
507 2577 676 2643 Italia,
703 2593 823 2633 eum
854 2581 957 2637 lex.
986 2577 1056 2632 de
1084 2593 1186 2648 qua
1215 2578 1466 2642 diximus,
1494 2578 1613 2630 data
1646 2577 1854 2646 legatur
1896 2575 2100 2648 Medio-

505 2649 612 2702 lani
637 2650 671 2704 6
697 2649 815 2706 idus
842 2649 1076 2712 Martias,
1102 2645 1155 2704 et
1177 2649 1262 2703 lex
1294 2651 1486 2717 prima,
1515 2648 1590 2700 De
1619 2645 1898 2713 actoribus,
1929 2645 2098 2701 ﬂera-

508 2719 639 2774 elete
685 2719 722 2774 3
767 2735 895 2774 non.
927 2719 1084 2773 Mart.
1127 2719 1227 2774 sub
1273 2719 1462 2773 iisdem
1501 2717 1828 2773 consulibus.
1885 2717 2103 2784 Fortius

511 2798 666 2858 urget
689 2791 1021 2859 exemplum,
1053 2791 1194 2858 quod
1217 2791 1354 2844 sumi
1382 2797 1554 2856 potest
1578 2805 1642 2844 ex
1677 2790 1712 2840 l.
1735 2789 1792 2853 2,
1822 2789 1897 2841 De
1917 2789 2096 2856 pwnis,

513 2868 569 2912 et
596 2875 663 2913 ex
689 2859 723 2913 l.
755 2861 806 2924 1,
849 2860 909 2914 Si
939 2860 1194 2928 petitionis
1223 2861 1392 2928 socius
1427 2859 1534 2912 sine
1573 2859 1771 2913 luerede
1814 2859 2098 2928 defecerit:

513 2945 739 2999 quarum
763 2927 947 2998 prima
980 2929 1101 2982 data
1132 2929 1328 2999 dicitur
1365 2927 1671 2991 Cabillono,
1703 2927 1885 2984 altera
1913 2929 2102 2983 Antio-

511 2998 670 3062 ohiae“,
716 3010 939 3068 utraque
969 2999 1036 3052 12
1080 2998 1188 3054 kal.
1243 3000 1411 3068 April.
1465 3000 1817 3054 Constantino
1862 2999 1996 3068 Aug.
2047 3013 2100 3051 IV

511 3080 568 3121 et
616 3069 821 3124 Licinio
860 3084 950 3133 tv,
984 3067 1312 3124 consulibus.
1361 3067 1452 3122 Vir
1498 3069 1840 3122 doctissimus
1867 3067 2099 3123 lacubus

2114 1771 2164 1832 B

2189 465 2367 522 censis
2394 466 2651 533 scriptum
2679 474 2763 519 est
2791 480 2972 529 causa,

2261 529 2530 588 Perintho.
2555 533 2614 588 Id
2639 545 2741 598 est,
2775 529 3050 594 lleraclea'.
3079 533 3170 590 Sic
3195 532 3344 590 enim
3365 542 3604 586 vocatur
3637 529 3836 587 Hera-v

2183 605 2298 661 clea
2317 605 2654 670 Thraciam]
2673 604 3029 660 dill'erentiant
3044 605 3271 660 aliarum
3287 602 3546 672 ejusdem
3564 603 3804 658 nominis

2185 676 2422 740 urbium,
2453 686 2512 732 ut
2539 685 2685 730 recte
2706 676 2912 730 notavit
2938 674 3204 730 Henricus
3237 672 3580 728 Valesiusad
3605 672 3804 730 librum

2187 762 2320 802 χιιι.
2380 747 2646 805 Ammiani
2687 745 3002 803 Marcellini.
3054 744 3422 814 Menologium
3472 742 3808 814 .Grjecorum

2182 817 2250 870 ad
2275 817 2419 874 diem
2444 817 2707 878 decimam
2758 817 2909 872 Maii:
2948 812 3488 870 Perintltnm"urbeiit
3542 812 3806 880 Thracias,

2181 903 2298 956 quae
2325 903 2457 942 nunc
2490 887 2738 943 Heraclea
2775 887 2984 944 dicitur.
3020 886 3177 956 Apud
3212 883 3497 948 Canisiunt
3539 895 3678 942 ιοω.
3711 901 3766 942 XI
3789 926 3806 952 ,

3004 464 3256 534 quamvis
3273 476 3387 534 non
3413 462 3586 520 bene.

2138 1020 2150 1030 _
2185 959 2417 1030 antiqua.-
2449 959 2696 1015 lectinnis
2727 973 2847 1025 pag.
2881 957 3006 1030 7158.

2257 1028 2430 1084 Mittin
2457 1031 2626 1082 decem
2646 1038 2691 1086 et
2723 1038 2858 1082 octo.
2889 1025 3044 1084 Circa
3076 1026 3356 1092 Resiston,
3379 1025 3667 1097 quilocus
3692 1025 3807 1097 pri-

2186 1113 2305 1154 mus
2331 1100 2567 1154 occurrit
2596 1101 2648 1152 in
2689 1098 2970 1157 ltincrario
3015 1098 3274 1154 Antonini
3307 1096 3578 1156 euntibus
3608 1098 3679 1152 ab
3705 1096 3814 1151 ile-

2185 1174 2359 1224 raclea
2389 1170 2824 1237 Hadrianopolim
2847 1208 2863 1236 ,
2891 1183 3220 1238 quamquam
3245 1168 3322 1228 ibi
3351 1168 3567 1225 dicitur
3617 1168 3812 1232 abesse

2186 1255 2244 1294 tt.
2271 1256 2320 1296 ιι.
2351 1241 2420 1294 22
2451 1241 2520 1296 ab
2551 1241 2832 1296 Heraclea.

2257 1311 2550 1366 Secundam
2594 1311 2926 1366 mansionem.
2949 1308 3412 1379 Repraesentanda
3458 1317 3550 1364 cst
3583 1323 3814 1379 rursum

2185 1381 2444 1450 scriptura
2478 1382 2674 1436 veteris
2701 1378 3043 1449 exemplaris,
3068 1397 3188 1446 quae
3213 1381 3292 1434 sic
3317 1379 3492 1440 habet
3521 1397 3535 1432 :
3564 1378 3813 1450 Secunda

2185 1449 2448 1506 "inrisione
2467 1462 2659 1506 tenente
2695 1451 3192 1518 destantegmilitibus
3214 1451 3537 1517 totidemque
3561 1449 3816 1504 collectis.

2187 1521 2294 1578 Nos
2331 1523 2458 1578 olim
2497 1527 2901 1591 conjcceramus
2956 1522 3244 1589 legendum
3283 1537 3413 1576 esse
3446 1539 3464 1576 :
3511 1519 3818 1576 Secundam

2187 1595 2498 1648 mansionem
2515 1602 2708 1648 tenente
2728 1592 2997 1654 distantem
3012 1591 3265 1649 militibus
3286 1591 3510 1646 totidem
3528 1601 3688 1660 atque
3707 1591 3787 1644 col
3799 1620 3818 1630 -

2187 1663 2346 1718 lectis.
2400 1664 2590 1720 Postea
2627 1663 2980 1718 animadverti
3011 1663 3390 1732 conjeCturam
3437 1662 3817 1732 Britannicam

2191 1750 2296 1789 non
2327 1735 2499 1789 solum
2549 1735 2942 1790 distinctiorem
2973 1731 3129 1796 esse,
3161 1733 3258 1788 sed
3309 1749 3550 1795 veram;
3585 1731 3820 1800 idecque

2195 1805 2338 1859 illam
2368 1806 2613 1860 transtuli
2651 1805 2704 1858 in
2735 1813 2958 1860 textum.
2983 1801 3324 1872 Quarundam
3354 1803 3674 1863 Columbus
3712 1820 3820 1859 non

2193 1876 2474 1999 probatas
2522 1890 2586 1932 ea
2616 1874 2996 1932 emendatione
3048 1875 3193 1944 quod
3239 1891 3272 1930 a
3317 1876 3486 1930 nobis
3544 1874 3820 1944 prolatum

2217 1958 2397 1999 uerat.

2217 1958 2397 2002 uerat.

2757 2035 2984 2093 CAPUT
3017 2036 3199 2093 XLVI.

2264 2153 2473 2212 Summe
2493 2153 2650 2208 Deus.
2686 2151 2780 2208 Vir
2827 2151 3160 2208 clarissimus
3210 2152 3464 2210 Joannes
3511 2152 3818 2210 Columbus

2193 2235 2376 2296 putat,
2405 2224 2472 2296 ad
2506 2226 2643 2296 hnnc
2689 2225 2988 2296 orationem
3039 2225 3314 2296 respicere
3369 2225 3681 2296 Eusebium
3727 2227 3820 2280 lib.

2195 2293 2244 2352 iv
2290 2296 2358 2353 de
2390 2295 2508 2350 Vita
2549 2293 2882 2350 Constantini
2911 2309 3028 2362 cap.
3065 2294 3152 2354 i9.
3197 2295 3328 2350 dum
3381 2295 3630 2359 scribit,
3668 2296 3821 2355 illum

2198 2367 2456 2424 militibus
2483 2408 2496 2427 ,
2528 2365 2618 2434 qui
2645 2365 2840 2420 divina:
2885 2366 3005 2420 lidei
3038 2363 3342 2424 doctrinam
3390 2366 3649 2424 nondum
3703 2384 3826 2421 sus-

2197 2446 2451 2506 ceperant
2473 2478 2485 2498 ,
2506 2437 2622 2506 lege
2663 2435 2768 2490 lata
2799 2435 3119 2506 prrccepisse
3140 2475 3156 2500 ,
3193 2445 3251 2492 ut
3280 2437 3590 2499 dominicis
3637 2437 3829 2494 diebus

2199 2505 2537 2576 in’eampum
2572 2505 2784 2572 parum
2843 2505 3229 2574 procederent,
3275 2516 3334 2562 et
3389 2509 3780 2577 precationem
3807 2551 3824 2572 ,

2199 2595 2354 2648 quant
2376 2589 2525 2634 antea
2571 2577 2905 2642 didicissent,
2955 2577 3115 2632 simul
3145 2591 3341 2648 omnes
3383 2579 3557 2646 signo
3591 2580 3720 2648 dato
3761 2578 3828 2635 ad

2204 2645 2368 2705 Deum
2400 2649 2717 2706 funderent.
2751 2649 2819 2718 Et
2847 2662 2972 2702 mox
2999 2649 3050 2718 in
3091 2647 3270 2715 capite
3320 2645 3591 2718 sequenti
3622 2645 3827 2712 latinu-

2200 2719 2305 2778 lam
2334 2719 2449 2787 ejus
2473 2719 2746 2773 describit.
2782 2715 2978 2774 Verum
2998 2717 3088 2774 illa
3113 2719 3344 2782 multum
3377 2715 3610 2776 diversa
3647 2731 3728 2780 est
3757 2722 3825 2776 ab

2202 2806 2295 2856 ea,
2325 2806 2482 2858 quam
2519 2789 2750 2856 Angelus
2787 2787 3021 2860 _edocuit
3059 2788 3368 2855 Licinium;
3424 2800 3482 2850 et
3521 2791 3688 2847 Valde
3713 2808 3830 2860 pm.

2203 2857 2380 2914 babile
2405 2870 2486 2913 est
2507 2901 2521 2924 ,
2553 2859 2696 2912 illam
2723 2875 2754 2913 a
2774 2857 3112 2916 Constantini
3165 2860 3436 2917 militibus
3488 2876 3647 2928 stupe
3673 2857 3829 2920 antea

2204 2931 2668 3008 fuisserccitatam
2689 2971 2706 2996 ,
2735 2945 2857 2986 cum
2885 2945 2953 2984 ex
2991 2929 3130 2986 libro
3156 2931 3408 3008 secundo
3432 2930 3508 2994 de
3541 2932 3693 3008 Vita;
3715 2935 3830 3004 ejus

2202 3017 2321 3068 cap.
2352 3000 2387 3053 4
2418 3012 2472 3058 et
2502 2999 2568 3054 12
2595 3010 2839 3071 constet,
2890 3015 3013 3054 eum
3047 3016 3240 3068 preces
3273 2999 3524 3070 semper
3557 3005 3630 3058 ad
3668 2999 3830 3071 Deum

2203 3071 2427 3143 fudisse,
2456 3081 2741 3143 antequam
2757 3070 2821 3143 ad
2843 3085 3033 3143 manus
3055 3080 3218 3139 atque
3240 3073 3306 3128 ad
3324 3087 3576 3143 pugnam
3600 3070 3828 3130 venirrt.

514 3138 876 3194 Gothofredus
903 3139 1052 3206 vidit,
1085 3139 1451 3194 difﬁcultatem
1470 3153 1588 3194 esse
1619 3141 1671 3193 in
1702 3140 2094 3206 subscriptione
2121 3144 2166 3207 C
2272 3141 2623 3198 Kalendarum
2664 3139 2938 3198 Maiarum.
2983 3140 3094 3195 Hoc
3135 3138 3284 3198 enim
3316 3138 3428 3198 die'
3443 3143 3630 3210 factus
3664 3145 3831 3202 l‘iierat

512 3211 829 3279 posterioris
852 3211 1006 3264 istius
1035 3211 1186 3279 legis,
1217 3219 1272 3264 et
1310 3218 1402 3264 aut
1439 3224 1555 3262 eam
1591 3210 1948 3278 pronuntiavit
1998 3210 2096 3263 tri-

513 3281 780 3335 buendam
811 3296 930 3334 esse
981 3279 1207 3342 Licinio,
1250 3281 1344 3350 qui
1386 3280 1682 3346 Orientem,
1713 3281 1864 3348 cujus
1914 3291 2100 3332 vertex

513 3351 823 3416 Antiochia,
875 3351 1112 3414 tenebat,
1163 3361 1256 3404 aut
1309 3351 1674 3418 reponendum
1736 3366 1856 3404 esse
1905 3365 2100 3403 nomen

513 3420 816 3490 Antigonize
849 3437 1015 3490 prope
1038 3422 1217 3486 Stonis
1247 3422 1300 3474 in
1321 3421 1653 3487 Macedonia,
1679 3436 1799 3490 qua:
1829 3421 2094 3474 Constan-

513 3497 625 3546 tino
644 3493 825 3554 cessit,
857 3507 980 3545 cum
1014 3507 1110 3560 pax
1136 3493 1276 3546 inter
1299 3506 1421 3546 eum
1451 3503 1504 3545 et
1527 3492 1788 3546 Licinium
1811 3493 2100 3544 constituta

512 3571 595 3632 est
624 3573 741 3630 post
795 3578 1023 3632 pugnam
1051 3561 1412 3632 Cibalensem.
1447 3563 1552 3618 Sed
1586 3563 1700 3616 haec
1740 3578 1846 3615 non
1887 3563 2104 3615 solvunt.

511 3631 902 3688 difﬁcultatem.
930 3632 1061 3687 Nam
1085 3648 1300 3699 semper
1324 3631 1545 3687 difﬁcile
1585 3635 1688 3687 erit
1716 3634 1869 3686 istam
1900 3633 2103 3686 discre-

514 3704 749 3772 pantiam
778 3719 1124 3771 componere,
1149 3719 1270 3756 cum
1314 3716 1520 3757 certum
1552 3705 1642 3769 sit,
1689 3702 2104 3758 Consmntinum

512 3787 618 3843 non
651 3774 886 3842 potuisse
908 3789 1013 3827 uno
1045 3773 1345 3843 eodemque
1371 3773 1458 3828 die
1490 3790 1610 3828 esse
1659 3774 1713 3828 in
1743 3772 1912 3828 Gallia
1954 3783 2008 3826 et
2049 3773 2102 3827 in

515 3842 844 3896 Macedonia.
881 3844 1112 3897 Rursum
1145 3842 1414 3912 quomodo
1462 3844 1579 3899 lieri
1611 3853 1805 3909 potest,
1833 3852 1907 3910 ⁵ιιι
1937 3843 2100 3908 idem,

515 3914 606 3981 qui
659 3912 940 3968 Cabillono
968 3924 1026 3967 et
1065 3915 1365 3970 Antiochiae
1422 3915 1584 3968 fuerit
1617 3915 1684 3968 12
1726 3913 1834 3967 kal.
1878 3913 2100 3980 Aprilis,

516 3983 708 4038 eodem
753 3997 894 4036 anno
919 3983 953 4036 8
983 3985 1101 4038 idus
1147 3985 1381 4049 Martias,
1413 3983 1578 4039 luerit
1602 3984 2020 4046 Thessalonicae,
2052 3995 2108 4040 et

515 4053 680 4106 biduo
695 4061 835 4121 post,
856 4053 908 4106 id
925 4063 1008 4107 est
1030 4053 1084 4119 6,
1103 4055 1222 4108 idus
1251 4054 1486 4115 Martias,
1506 4055 1713 4108 Romae?
1733 4055 1862 4107 Nam
1886 4055 1935 4106 id
1953 4054 2105 4108 colli-

515 4125 659 4194 gitur
679 4138 760 4194 Aex
781 4123 1283 4194 Asubscriptionibus
1319 4125 1354 4177 ι.
1381 4125 1432 4187 1,
1458 4123 1538 4178 De
1582 4125 1792 4177 diuersis
1817 4123 2024 4193 ofﬁciis,
2051 4134 2108 4194 et

515 4191 584 4247 ex
609 4194 644 4244 l.
669 4191 726 4254 ἢ,
756 4191 842 4245 Ad
867 4195 906 4246 ι.
931 4191 1203 4263 luliamdc
1228 4195 1276 4248 vi
1298 4194 1418 4262 pub.
1445 4205 1489 4247 et
1519 4196 1738 4263 privata.
1754 4191 2108 4249 Ideindeinde

516 4263 694 4318 idibus
733 4262 1070 4332 Septembris
1121 4265 1362 4332 ejusdem
1421 4262 1546 4318 anni
1599 4264 1902 4320 censendus
1962 4273 2108 4318 esset

517 4334 682 4387 fuisse
731 4333 934 4399 Roma),
984 4343 1040 4387 et
1083 4343 1236 4388 sexto
1286 4341 1405 4402 post
1457 4333 1544 4388 die
1573 4335 1712 4402 apud
1763 4334 2006 4388 Naissum
2053 4335 2103 4389 in

496 4403 696 4479 __l)_acia.
726 4404 959 4479 Quippe
995 4403 1300 4479 lexlprima
1335 4403 1407 4458 De
1424 4406 1542 4479 jure
1591 4405 1703 4479 ﬁsci
1741 4405 1862 4479 data
1910 4405 2104 4479 dicitur

513 4473 692 4528 idibus
721 4472 1057 4540 Septembris
1101 4472 1306 4538 Romae,
1349 4486 1404 4528 et
1464 4475 1550 4528 lex
1602 4477 1767 4543 prima
1808 4476 1881 4528 De
1923 4474 2102 4528 Cento-

513 4544 674 4597 παι-ἐξα
703 4543 767 4596 16
815 4543 924 4597 kal.
973 4543 1221 4600 Octobris
1255 4544 1464 4600 Naisso.
1512 4547 1747 4614 Denique
1778 4547 1917 4600 idem
1955 4545 2094 4600 Coo-

517 4614 804 4676 stantinus,
832 4615 876 4670 si
929 4614 1042 4669 lucc
1092 4617 1271 4683 regula
1321 4626 1466 4669 certa
1516 4628 1680 4681 esset,
1730 4616 1917 4670 fuisset
1953 4632 2097 4671 anno

511 4685 756 4754 sequenti
788 4685 854 4738 i2
902 4684 1009 4739 kal.
1061 4687 1228 4740 Maias
1266 4687 1523 4751 Sardium,
1557 4686 1740 4740 Romae
1792 4703 1919 4740 vero
1967 4688 2095 4754 ipsis.

510 4753 753 4826 kalendis
781 4755 950 4822 Maiis,
980 4757 1117 4810 intra
1149 4759 1378 4826 spatium
1401 4758 1605 4812 dierum
1640 4755 1946 4821 duodecim,
1971 4753 2092 4812 eum

512 4825 568 4878 id
587 4825 761 4894 colligi
811 4829 982 4894 possit
1019 4841 1086 4882 ex
1134 4825 1612 4894 subscriptionihns
1659 4828 1697 4882 ι.
1753 4829 1788 4882 ‘2
1840 4838 1894 4882 et
1937 4830 1970 4882 '5
2019 4827 2096 4882 De

510 4896 892 4968 donationibus.
923 4897 1154 4968 Possem
1186 4907 1243 4952 et
1280 4899 1386 4952 alia
1430 4897 1680 4968 exempla
1727 4898 1927 4953 aﬂerri.
1983 4897 2092 4952 Sed

507 4965 610 5038 ista
636 4965 932 5038 sufﬁciunt.
981 4967 1136 5021 Unde
1186 4968 1366 5037 colligi
1413 4965 1607 5032 debet;
1645 4968 1696 5024 id
1744 4969 1886 5038 quod
1933 4983 2088 5022 antea

510 5035 843 5107 dicebamus,
874 5051 943 5107 ex
971 5035 1452 5107 subscription'ibus
1483 5039 1657 5107 legum
1688 5035 1886 5094 codicis
1910 5039 2089 5092 Theo-

512 5104 722 5178 dosiani
753 5106 890 5178 nihil
920 5106 1096 5178 colligi
1131 5104 1290 5178 posse
1317 5110 1448 5162 certi
1480 5104 1830 5178 adsignanda
1867 5110 2003 5173 loca,
2039 5108 2092 5164 in

509 5176 713 5248 quibus
758 5177 1142 5248 Constantinus
1195 5177 1454 5232 habitavit
1511 5176 1806 5248 per—varia
1853 5189 2094 5246 tempora

508 5245 718 5318 imperii
759 5248 870 5318 sui;
899 5247 1143 5318 adeoque
1190 5249 1398 5302 inlirtna
1447 5245 1566 5303 esse
1594 5259 1924 5318 argumenta,
1967 5245 2098 5318 iuuat

509 5316 608 5368 viri
637 5317 936 5370 doctissimi
958 5316 1082 5370 hinc
1103 5327 1468 5386 sumpserunt,
1497 5321 1563 5372 ad
1608 5316 2004 5376 conﬁrmandae
2041 5329 2098 5376 et

509 5387 963 5442 constabiliendas
987 5389 1324 5454 conjecturas
1345 5405 1469 5443 suas
1489 5389 1787 5444 historicas.

506 5455 1171 5528 ;_~Adltujusmodicasus.
1221 5457 1278 5512 In
1330 5459 1496 5514 veteri
1543 5460 1729 5515 codice
1783 5461 1988 5528 legitur,
2023 5462 2089 5514 ad

509 5524 802 5594 Aujusmodi
843 5546 998 5582 causa
1023 5527 1222 5582 Licinio
1252 5529 1507 5582 collocati.
1549 5529 1740 5584 Nostra
1789 5524 2095 5586 emendatio

510 5593 650 5648 bona
680 5609 780 5650 est.
837 5599 905 5652 Et
939 5616 1084 5666 smpe
1113 5601 1164 5654 in
1215 5602 1449 5671 antiquis
1497 5601 1772 5656 codicibus
1825 5602 2089 5668 reperitur

513 5673 768 5740 scriptum
808 5685 962 5740 causa
1016 5685 1110 5736 pro
1158 5687 1326 5736 casus,
1383 5681 1438 5725 ut
1467 5671 1606 5740 apud
1654 5671 1710 5727 S.
1749 5671 2088 5728 Ambrosium

512 5736 666 5797 epist.
701 5736 805 5789 1.5:
841 5737 906 5790 In
933 5751 1115 5792 munra
1137 5757 1284 5795 casus
1315 5752 1408 5806 est,
1441 5736 1761 5796 iit-electione
1782 5743 2083 5813 judicium;

2199 3214 2529 3270 Ctesaranno
2542 3213 2738 3266 Christi
2762 3211 2866 3267 305
2885 3221 2939 3285 ut
2962 3227 3120 3285 supra
3135 3214 3394 3270 vidimus.
3422 3215 3505 3272 Ex
3523 3232 3642 3285 quo
3671 3219 3827 3270 etiam

2199 3285 2584 3339 conﬁrmantur
2605 3299 2730 3354 qua:
2772 3298 2802 3336 a
2851 3282 3006 3336 nobis
3033 3283 3368 3354 rdiclaisunt
3395 3285 3469 3340 de
3501 3282 3660 3342 anno
3685 3329 3702 3349 ,
3731 3305 3830 3354 quo

2204 3354 2562 3409 Diocletianus
2584 3353 2828 3422 depOsuit
2851 3353 3159 3421 imperium.
3176 3353 3312 3410 Nam
3335 3356 3381 3410 si
3403 3355 3675 3414 kalendis
3688 3353 3830 3412 Maiis

2199 3425 2862 3497 anni5l5_eomplelratur
2890 3438 3064 3497 anuus
3111 3437 3343 3480 octavus
3365 3496 3370 3497 γ
3389 3431 3829 3497 nuncupationis

2201 3494 2512 3560 Maximini,
2541 3504 2596 3548 ut
2619 3496 2692 3548 ait
2722 3494 3030 3548 Lactantius
3058 3536 3071 3558 ,
3099 3496 3478 3552 necessarium
3523 3494 3648 3560 est,
3685 3501 3827 3554 illum

2203 3575 2567 3632 nuncupatum
2594 3565 2756 3620 fuisse
2777 3565 3046 3618 Cursarem
3067 3581 3208 3620 anno
3232 3566 3341 3621 505
3361 3565 3634 3626 kalendis
3657 3571 3826 3626 Maiis.

2200 3637 2398 3710 Errant
2425 3651 2554 3710 ergo
2579 3636 2668 3703 qui
2710 3645 2895 3710 putant
2914 3673 2931 3701 ,
2960 3650 3082 3690 eum
3111 3653 3205 3710 per
3232 3653 3420 3710 annos
3452 3649 3679 3696 tantum
3709 3656 3828 3710 sep-

2204 3717 2308 3761 tem
2338 3707 2628 3778 imperium
2653 3709 2887 3762 tenuisse
2911 3746 2927 3770 ,
2967 3717 3022 3759 et
3052 3707 3420 3778 quadriennio
3449 3710 3684 3778 quidem
3713 3707 3826 3765 es.

2203 3775 2669 3840 sarem,tricnnio
2698 3778 2996 3842 Augustum
3029 3793 3126 3844 per
3165 3775 3698 3846 Orientem'fuissc.
3731 3782 3828 3841 Im.

2203 3849 2407 3918 peravit
2443 3847 2585 3928 enim
2628 3863 2721 3916 per
2771 3861 2943 3902 annos
2989 3857 3114 3901 octo
3163 3849 3414 3919 integros
3463 3860 3526 3907 et
3579 3855 3822 3923 aliquam

2208 3929 2417 3988 partem
2446 3934 2594 3988 noni.

2208 3986 2223 3988 “
2277 3987 2545 4043 Sicutille.
2576 3987 2629 4044 Id
2661 3997 2782 4053 est,
2814 3986 3148 4056 Maxentius,
3200 3990 3295 4058 qui
3342 3991 3532 4054 victus
3572 4004 3665 4058 est
3716 3998 3826 4065 ipso

2201 4059 2288 4114 die
2318 4059 2478 4113 natali
2503 4073 2621 4112 suo.

2239 4059 2288 4114 ie
2318 4069 2435 4113 nata
2447 4059 2478 4111 li
2503 4073 2621 4112 suo.

2286 4129 2474 4201 Vocgnt
2515 4145 2764 4201 ceratum.
2797 4127 3264 4201 Circa‘Resiston,
3299 4142 3360 4188 ut
3415 4132 3673 4196 diximus
3699 4178 3716 4201 ,
3753 4137 3826 4191 lo-

2203 4213 2324 4254 cum
2378 4199 2622 4254 Thraciae
2675 4199 2812 4253 inter
2861 4197 3305 4266 Hadrianopolim
3353 4214 3414 4260 et
3469 4197 3822 4262 Heracleam.

2203 4271 2436 4343 Campus
2462 4285 2590 4324 sane
2617 4268 2717 4343 hac
2744 4284 2921 4343 pugna
2949 4269 3200 4343 illustris,
3231 4287 3358 4340 qua:
3386 4289 3588 4343 pacem
3614 4277 3827 4334 amicta:

2205 4339 2716 4418 Eccles_izc_pcperit.
2744 4339 2965 4394 Fallitur
2981 4356 3110 4410 ergo
3130 4339 3421 4418 Zoain‘tus'.
3459 4350 3558 4415 qui
3593 4365 3824 4418 pugnam

2205 4411 2430 4482 illatujn
2465 4411 2659 4482 Illyriis
2684 4420 2985 4482 pugnatam
3008 4420 3178 4478 putat.
3215 4411 3346 4467 Haec
3387 4411 3526 4470 sunt
3555 4411 3826 4482 ejus'vcr-

2125 4510 2178 4569 D
2205 4480 2269 4535 ba
2305 4479 2508 4562 {Bellis
2529 4481 2766 4569 civilibus
2793 4479 3211 4569 irtterlbicinittnt
3234 4479 3716 4569 etuaxlimiaititm
3740 4508 3824 4544 ac-

2203 4552 2364 4630 censis
2389 4591 2404 4612 ,
2432 4553 2636 4630 acrique
2661 4552 2795 4620 [acto
2822 4551 2998 4630 proelio
3021 4554 3075 4630 in
3120 4551 3324 4630 Illyriis
3350 4598 3366 4621 ,
3514 4560 3672 4614 initio
3720 4563 3826 4630 qni-

2202 4622 2315 4674 dem
2335 4623 2568 4690 superari
2589 4623 2724 4693 visus
2747 4631 2819 4675 est
2865 4619 3097 4676 Licinius
3121 4639 3139 4676 :
3171 4619 3261 4680 sed
3285 4619 3575 4693 confestim
3602 4619 3823 4686 redinte-

2201 4701 2347 4764 gra_ta
2372 4709 2541 4764 pugna
2567 4734 2581 4756 ,
2615 4691 2991 4746 Maximianum
3010 4694 3070 4764 in
3099 4693 3278 4764 fugam
3310 4691 3488 4752 uertit.

2272 4761 2467 4840 Ἰίεηαλλ.
2509 4763 2763 4840 Avarum
2789 4764 2955 4840 fuisse
3000 4761 3267 4840 Eicinium
3320 4767 3520 4840 multis
3553 4773 3824 4840 exemplis

2201 4833 2391 4911 probat
2421 4833 2682 4911 Eusebius
2714 4833 2802 4911 IIII.
2835 4849 2852 4888 ι
2889 4834 2957 4887 de
2995 4834 3521 4911 _\'ita_Constantini
3575 4857 3702 4911 cap.
3730 4833 3818 4896 35.

2199 4901 2577 4978 Fragmentum
2613 4903 2682 4958 de
2708 4901 3046 4978 Constantio
3091 4904 3296 4978 Chloro
3331 4923 3461 4978 pag.
3491 4909 3609 4966 474
3644 4901 3662 4968 Ξ
3687 4912 3822 4968 Lici.

2199 4974 2314 5030 nius
2347 4975 2551 5037 scelere,
2579 4975 2810 5054 auaritia,
2843 4974 3160 5042 crudelitate,
3185 4974 3718 5038 libidine'swuicbat.

2749 5063 2977 5120 CAPUT
3007 5064 3219 5120 XLVII.

2266 5179 2404 5234 Deus
2441 5179 3033 5258 summusdlartyrium
3084 5181 3260 5258 sancti
3309 5183 3526 5258 Basilei
3573 5191 3818 5258 episcopi

2196 5250 2484 5322 Amasear:
2537 5249 2763 5304 Licinius
2788 5249 2965 5322 igitur
2992 5255 3340 5322 omnipotente
3390 5249 3628 5316 Domini
3664 5249 3822 5318 ηοδίιί

2196 5321 2323 5374 .lesu
2345 5320 2532 5401 Christi
2555 5338 2707 5376 manu
2729 5321 2964 5391 adjutus,
2991 5320 3264 5384 uictoriam
3308 5325 3375 5380 de
3401 5326 3714 5386 Maximino
3742 5351 3818 5386 re-

2235 5401 2434 5445 οιιαιιιε.
2647 5444 2658 5452 ,

2235 5409 2434 5445 οιιαυιι.

2200 5409 2234 5532 ἶ
2267 5463 2486 5529 Sumpta
2525 5444 2658 5516 veste~
2690 5461 2880 5518 servili.
2911 5460 3213 5524 Conﬁrmat
3243 5463 3392 5522 hanc
3437 5473 3820 5532 narrationem

2195 5530 2463 5605 Eusebius
2506 5531 2618 5605 lib._
2645 5547 2699 5605 ιχ
2747 5533 3143 5605 llist._ecclcs.,
3179 5550 3304 5605 cap.
3352 5538 3422 5594 to
3473 5552 3531 5598 et
3569 5543 3668 5598 lib.
3697 5561 3717 5601 ι
3757 5530 3820 5600 .1.

2196 5601 2314 5655 Vita
2344 5602 2680 5658 Constantini
2707 5617 2826 5668 cap.
2856 5603 2945 5658 58.

2266 5671 2480 5750 Fretum
2503 5674 2721 5751 trajecit.
2754 5673 3062 5751 Pugnatum
3084 5685 3171 5731 est
3209 5674 3378 5751 igitur
3435 5681 3495 5738 in
3544 5698 3612 5738 ea
3669 5695 3818 5751 parte

2193 5741 2434 5811 imperii,
2467 5741 2627 5812 quain
2654 5741 2894 5800 Licinius
2925 5745 3143 5804 tenebat
3170 5787 3183 5812 ,
3215 5741 3267 5802 id
3309 5758 3398 5806 est
3422 5794 3440 5822 ,
3474 5753 3623 5816 inter
3647 5741 3814 5814 Ileraé
