3960 6346
486 308 595 366 575

1815 300 2157 360 STEPHANI
2193 294 2462 357 BALUZII

3680 288 3791 349 διδ

489 424 550 480 vi
595 424 768 480 morbi
799 422 1132 479 deturbatum
1161 426 1403 476 extremo
1443 432 1584 473 anno
1626 416 1835 487 imperii
1866 418 1968 472 sui.
2002 417 2073 472 Et
2096 422 2151 482 Α
2173 432 2315 471 anno
2338 416 2539 472 Christi
2567 418 2674 473 514
2695 456 2709 480 ,
2741 415 2899 470 unius
2923 415 3053 471 anui
3094 427 3315 487 errore.
3366 398 3513 468 Nam
3566 425 3697 487 qua
3725 410 3796 487 de

497 510 630 549 sane
679 493 1019 558 Laclantius,
1063 491 1152 561 qui
1200 491 1445 561 morbum
1476 489 1591 561 ejus
1621 487 1910 561 describit,
1942 487 2073 541 nihil

495 564 720 619 adnotat
744 565 808 617 de
832 555 1097 618 dementia
1129 574 1194 615 ac
1237 559 1440 614 furore.
1488 555 1640 627 Quod
1681 559 1726 612 si
1753 555 2074 629 Chrysosto—

496 651 621 689 mus
644 650 701 687 se
729 649 832 687 non
860 633 1205 698 explicasset,
1236 629 1390 684 facile
1416 630 1690 684 crederem
1708 669 1722 693 ,
1755 644 1815 683 ea
1834 669 1848 690 ,
1871 628 1990 697 quae
2007 628 2076 681 de

495 705 819 774 imperatore
851 702 1030 774 fin-ore
1062 702 1265 769 percito
1299 701 1366 753 ab
1395 716 1459 754 eo
1490 700 1760 774 dicuntur,
1802 698 1867 752 ad
1912 699 2078 774 Maxi-

494 768 700 839 minum
745 771 1023 828 referenda
1065 768 1220 837 esse,
1271 779 1490 840 propter
1534 770 1675 824 hunc
1719 769 1895 823 locum
1938 768 2076 822 Lac-

495 855 669 900 tanltt.

568 912 733 982 Caput
757 911 1030 981 parietibus
1056 912 1327 1035 ingigeret.
1364 911 1475 965 Hoc
1498 919 1577 963 est
1593 924 1754 964 unum
1765 924 1831 964 ex
1844 912 2079 963 detesta-

574 984 722 1035 ibus.
756 992 811 1035 ut
838 983 890 1035 in
923 982 1077 1035 tertia
1157 983 1407 1035 usculana
1436 980 1625 1035 Cicero
1654 988 1838 1035 vocat.
1868 980 2079 1035 ueneri-

494 980 722 1045 bilibns,
756 980 811 1035 ut
838 983 890 1035 in
923 982 1077 1036 tertia
1108 980 1407 1035 Tusculana
1436 980 1625 1035 Cicero
1654 988 1838 1044 vocat,
1868 980 2081 1049 generi-

492 1054 597 1109 bus
626 1051 860 1123 lugendi.
896 1051 1028 1107 Vide
1055 1051 1355 1107 Casauboni
1392 1051 1557 1106 Notas
1587 1052 1640 1105 in
1676 1049 1874 1105 Julium
1918 1049 2078 1119 Capi-

496 1122 744 1180 tolintnn.

574 1193 862 1246 Exilierunt
885 1192 1041 1245 oculi.
1074 1192 1219 1248 Idem
1246 1191 1428 1246 scribit
1452 1191 1716 1246 Eusebius
1737 1190 1832 1246 lib.
1856 1206 1909 1244 ix
1942 1190 2081 1244 Hist.

498 1265 693 1320 eccles.
723 1278 842 1329 cap.
875 1264 969 1328 10;
1004 1263 1096 1316 lib.
1130 1278 1147 1316 ι
1192 1263 1259 1317 de
1287 1262 1401 1316 Vita
1428 1262 1793 1325 Constantini,
1835 1276 1954 1329 cap.
1990 1260 2081 1325 59,

496 1336 627 1388 item
658 1333 969 1403 Eutychius,
999 1332 1377 1403 TheOphanes,
1406 1344 1461 1386 et
1484 1331 1819 1387 Anastasius.
1844 1330 2087 1403 Meminit

497 1404 660 1459 etiam
704 1401 775 1458 ΒΣ
795 1401 1210 1474 Chrysostomus
1236 1404 1578 1474 orationeiin
1627 1411 1870 1474 sanctum
1914 1402 2088 1474 Baby-

496 1475 635 1539 lam,
663 1486 717 1528 et
744 1471 960 1528 sanctus
992 1473 1352 1545 Hieronymus
1388 1475 1440 1527 in
1472 1472 1817 1536 Zachariam;
1847 1482 1906 1526 ut.
1934 1471 2084 1526 vide-

501 1544 681 1600 bimus
708 1544 867 1612 paulo
889 1552 1027 1613 post.

578 1613 856 1684 Tamquam
875 1623 1201 1668 cremaretur.
1222 1612 1280 1667 In
1305 1613 1601 1667 Annalibus
1626 1613 1882 1683 Entychii
1914 1613 2087 1682 scrip-

501 1692 613 1738 tum
638 1683 753 1749 est,
780 1683 1123 1739 Maximinum
1153 1685 1203 1738 in
1235 1684 1477 1737 morbum
1502 1684 1775 1744 incidisse,
1803 1698 1910 1753 quo
1931 1684 2091 1737 adus-

502 1764 614 1809 tum
642 1763 723 1809 est
754 1769 952 1821 corpus
979 1757 1145 1822 ipsius
1166 1755 1301 1808 adeo
1320 1794 1335 1817 ,
1364 1762 1421 1808 ut
1449 1754 1699 1807 carbonis
1728 1755 1895 1807 instar
1919 1763 2085 1814 esset,

500 1835 558 1881 et
589 1826 657 1878 ita
701 1834 897 1878 tostum
942 1824 1134 1888 fuisse,
1182 1832 1239 1877 tit
1289 1833 1667 1888 rumperentnr
1712 1825 1921 1877 viscera
1972 1825 2088 1892 ejus

498 1910 611 1964 prie
638 1895 853 1957 calore,
883 1910 1043 1963 quem
1077 1895 1219 1964 intus
1260 1894 1558 1964 sentiebat,
1588 1902 1643 1947 et
1669 1895 1976 1947 excidentes
2005 1896 2087 1961 ip-

501 1962 616 2018 sius
640 1964 827 2018 oculos
858 1962 911 2017 in
937 1975 1136 2017 terram
1160 1963 1426 2018 decidisse
1446 2004 1460 2024 ,
1493 1962 1844 2031 adustamque
1872 1978 2090 2018 carnem

502 2035 573 2088 ab
597 2035 811 2088 ossibus
835 2044 1133 2100 separatam
1165 2048 1305 2087 esse.
1347 2032 1451 2086 Sed
1485 2032 1581 2087 ista
1628 2034 1820 2087 melius
1864 2034 2094 2100 explicat

501 2105 819 2159 Anastasius
843 2103 1282 2158 bibliothecarius
1326 2105 1377 2156 in
1426 2103 1656 2157 Historia
1694 2105 2088 2169 ecclesiasuca,

502 2172 589 2227 liis
619 2175 794 2228 verbis
835 2190 850 2227 :
894 2171 1080 2227 Divina
1107 2174 1413 2241 praveniens
1439 2174 1519 2226 ira
1545 2174 1921 2241 comprehendit
1951 2190 2087 2229 eum.

501 2243 744 2297 Flamma
773 2244 908 2296 enim
936 2245 1000 2297 de
1042 2244 1208 2297 medio
1238 2245 1485 2297 viscerum
1512 2254 1558 2295 et
1595 2244 1936 2297 medullarum
1966 2261 2087 2297 suc-

504 2330 653 2366 censa
682 2330 799 2367 cum
823 2314 998 2367 dolore
1026 2313 1335 2367 intolerabili
1362 2329 1579 2381 pronum
1606 2329 1758 2377 super
1785 2324 1971 2366 terram
1999 2331 2092 2367 au-

504 2382 754 2437 Iielanlem
778 2385 1050 2453 prostravit
1078 2385 1181 2456 ita,
1211 2393 1265 2435 ut
1292 2394 1500 2456 aterque
1529 2386 1707 2437 oculus
1733 2387 1846 2456 ejus
1871 2385 2090 2447 exiliret,

503 2463 551 2505 et
577 2470 739 2506 aecus
756 2494 770 2515 ,
801 2463 856 2506 ut
882 2469 1052 2507 revera
1075 2454 1344 2517 scelestus,
1374 2453 1764 2522 relinqueretur;
1790 2453 1954 2506 Porro
1976 2472 2094 2508 cum

506 2540 681 2596 carnes
704 2527 820 2596 ejus
848 2524 1147 2596 putrefacta:
1172 2539 1278 2589 pra:
1301 2524 1656 2596 innumerabili
1685 2526 1877 2596 ossium
1918 2525 2093 2596 incert--

505 2594 591 2666 dio
616 2593 868 2666 caderent,
903 2595 1011 2663 ipse
1031 2595 1411 2666 impugnantem
1433 2593 1830 2666 Deumiprojccit
1848 2595 2089 2649 animam.

505 2664 810 2731 Sumpsisse
829 2672 1007 2718 autem
1032 2665 1130 2717 ista
1154 2666 1492 2718 Anastasium
1515 2680 1581 2718 ex
1603 2664 1952 2733 Theophane,
1978 2682 2093 2720 ma-

502 2734 755 2789 nifestum
779 2745 881 2787 est.

586 2801 866 2858 Nocentem
913 2804 1151 2873 spiritum
1196 2804 1394 2873 emovit.
1449 2802 1506 2856 In
1553 2805 1795 2872 Epitomc
1857 2805 2092 2860 Victoris

506 2875 767 2941 scriptum
796 2884 912 2940 est,
962 2873 1112 2926 illum
1158 2874 1387 2940 simplici
1438 2885 1610 2928 morte
1642 2876 1863 2941 periisse
1885 2915 1901 2941 ,
1931 2876 1982 2929 id
2009 2885 2094 2930 est

506 2943 735 2997 naturali
754 2985 771 3005 ,
798 2958 893 2998 seu
921 2942 1030 2996 fato
1046 2958 1171 3013 suo.
1222 2943 1290 2997 Et
1315 2942 1600 3013 Eutropius
1639 2945 1829 3009 tradit,
1858 2961 1978 2999 eum
2011 2946 2094 3008 vi,—

506 3014 690 3067 cinum
754 3014 975 3068 exitium
1036 3012 1253 3085 fortuita
1314 3012 1495 3068 morte
1530 3018 1876 3085 praevertisse.
1935 3015 2091 3082 Quod

506 3092 796 3150 utrumque
825 3098 1009 3138 verum
1046 3091 1147 3137 est.
1180 3083 1490 3137 Communis
1533 3083 1811 3140 doctorum
1854 3087 2091 3142 virorum

2178 496 2331 568 sexto
2376 502 2518 568 anno
2558 486 2829 568 Maximini
2863 486 3105 568 Augusti
3151 486 3303 542 addit
3329 500 3400 539 ex
3435 483 3695 568 nummis
3714 483 3797 568 vir

2176 558 2518 613 doctissimus
2558 558 2819 612 lleuricus
2863 550 3053 617 Neris.
3101 572 3163 613 ea
3204 570 3335 610 sane
3383 569 3498 609 non
3543 550 3799 607 alliciunt

2177 629 2415 695 Opinioni
2469 644 2685 691 eorum,
2733 628 2821 697 qui
2852 642 2995 680 anno
3041 625 3243 683 Christi
3298 626 3449 695 515,
3504 625 3794 697 assignant

2178 710 2405 753 mortem
2435 696 2703 751 Maximini
2723 695 2886 758 ,‘cum
2916 698 2960 752 is
2979 738 2994 763 ,
3016 698 3106 768 qui
3134 698 3349 751 titulum
3381 695 3621 763 Augusti
3650 708 3799 768 suin-

2179 779 2362 838 pserat
2390 779 2621 823 exeunte
2650 784 2792 823 anno
2817 768 2952 829 507,
2980 766 3073 821 aut
3099 769 3200 823 sub
3231 767 3448 821 initium
3482 766 3792 838 sequentis.

2181 835 2393 892 sextum
2421 838 2630 906 imperii
2675 839 2758 892 sui
2808 853 3007 892 annum
3037 852 3328 892 numerare
3377 835 3633 904 potuerit
3660 849 3802 889 anno

2182 909 2306 964 515.
2339 908 2455 975 Quo
2499 923 2640 962 anno
2689 917 2958 963 mortuum
2991 924 3113 963 esse
3139 908 3327 970 illum,
3362 906 3591 977 probari
3622 914 3802 976 potest

2181 979 2341 1033 etiam
2370 974 2688 1032 auctoritate
2727 980 2929 1033 Aurelii
2964 977 3230 1038 Victoris,
3263 974 3377 1047 qni'
3408 974 3649 1047 scribit,
3678 991 3804 1030 eum

2183 1059 2304 1119 post
2324 1049 2524 1119 biennii
2552 1060 2834 1119 augustum
2865 1050 3172 1114 imperium,
3199 1048 3252 1103 id
3274 1046 3388 1119 est,
3414 1046 3653 1119 biennio
3683 1054 3801 1119 post

2185 1116 2413 1172 mortem
2434 1116 2666 1181 Galerii,
2694 1120 2869 1173 l‘usum
2898 1119 3242 1189 fugatumque
3288 1135 3318 1171 a
3370 1116 3593 1171 Licinio
3613 1157 3629 1179 ,
3659 1116 3801 1189 apud

2185 1188 2407 1242 Tarsum
2462 1191 2701 1253 periisse.
2748 1190 2878 1243 Nam
2928 1187 3050 1244 cum
3087 1187 3339 1245 Galerius
3392 1189 3689 1241 extinctus
3744 1187 3808 1242 sit

2186 1274 2328 1313 anno
2357 1260 2496 1321 5H,
2545 1276 2727 1313 mense
2773 1261 2941 1324 Maio,
2989 1259 3314 1314 Maximinus
3365 1260 3624 1312 moriens
3672 1273 3809 1310 anno

2188 1330 2314 1393 515,
2346 1338 2493 1384 recte
2525 1331 2777 1385 scribitur
2806 1332 3079 1385 biennium
3116 1331 3170 1385 in
3214 1329 3444 1385 Oriente
3498 1342 3807 1397 regnasse;

2188 1399 2279 1468 qui
2308 1400 2351 1452 si
2380 1415 2522 1454 anno
2552 1410 2755 1454 tantum
2783 1402 2889 1457 514
2915 1413 3160 1457 mortuus
3202 1401 3429 1462 fuisset,
3465 1399 3813 1453 excessisset

2189 1469 2460 1524 biennium
2485 1512 2498 1533 ,
2530 1471 2671 1539 quod
2699 1471 2772 1525 illi
2801 1471 3051 1527 tribuitur
3079 1473 3148 1524 ab
3174 1470 3400 1525 Aurelio
3438 1468 3703 1523 Victore.

2262 1538 2365 1591 Ista
2394 1555 2494 1608 ego
2527 1552 2832 1610 putaveram
2864 1557 2989 1597 vera
3028 1557 3179 1603 esse,
3228 1549 3324 1594 aut
3370 1553 3510 1610 vero
3565 1538 3771 1594 similia
3795 1580 3811 1604 ,

2189 1610 2332 1683 quod
2360 1609 2560 1683 nullam
2587 1612 2745 1666 aliam
2777 1612 3088 1683 emergendi
3118 1626 3185 1666 ex
3214 1628 3277 1664 ea
3301 1609 3809 1683 difilClllL‘ltﬁjiali‘l

2192 1681 2487 1734 invenirem
2519 1694 2713 1750 praeter
2738 1679 2996 1737 rationem
3049 1681 3371 1736 numerandi
3416 1692 3608 1734 annos
3654 1679 3819 1736 Maxi-

2195 1750 2326 1821 mini
2354 1768 2386 1821 a
2416 1750 2660 1805 kalendis
2688 1753 2856 1806 Maiis.
2892 1754 3081 1809 Postea
3126 1752 3207 1805 vir
3242 1752 3503 1821 plurimae
3561 1750 3815 1807 lectionis

2193 1820 2471 1888 limatique
2492 1822 2677 1887 judicii
2711 1822 2972 1878 Henricus
3000 1820 3308 1877 Dodwellus
3331 1821 3483 1875 hanc
3514 1835 3708 1874 meam
3731 1836 3819 1875 ex-

2195 1891 2537 1958 plicationem
2564 1894 2775 1946 censuit
2801 1910 2905 1947 non
2932 1909 3054 1949 esse
3085 1895 3303 1955 bonam,
3339 1908 3409 1947 eo
3440 1891 3599 1961 quod
3631 1890 3815 1946 saeculi

2194 1961 2335 2013 illius
2365 1977 2461 2015 usu
2491 1973 2764 2031 receptum
2797 1979 2902 2019 non
2945 1973 3122 2029 esset,
3157 1972 3215 2017 ut
3241 1964 3372 2016 anni
3404 1962 3814 2030 imperatorum

2191 2042 2594 2085 arcesserentur
2618 2033 2686 2087 ab
2711 2048 2898 2088 eorum
2930 2035 3018 2090 die
3047 2034 3244 2099 natali,
3289 2042 3537 2087 testatus
3594 2042 3778 2087 tumea
3799 2075 3815 2097 ,

2194 2116 2253 2154 se
2285 2116 2511 2169 pronum
2540 2117 2661 2161 esse
2709 2104 2759 2157 in
2813 2121 2929 2158 eam
2977 2105 3303 2159 sententiam
3354 2102 3724 2167 concedere,
3770 2107 3817 2158 si

2194 2171 2390 2225 idoneo
2438 2174 2619 2237 aliquo
2671 2174 3016 2243 probatisque
3067 2176 3188 2229 tidei
3240 2174 3506 2241 exemplo
3555 2188 3693 2227 usus
3726 2173 3820 2243 ille

2196 2250 2379 2309 posset
2406 2242 2735 2299 conlirmari.
2767 2242 2939 2298 Aliam
2987 2261 3119 2313 ergo
3157 2246 3300 2299 viam
3330 2244 3621 2313 sequitur,
3670 2242 3817 2297 edic-

2196 2320 2413 2378 tumque
2440 2314 2740 2381 superioris
2768 2316 2892 2369 anni
2922 2312 3473 2370 comineinoratmn’a
3520 2312 3820 2367 Maximino

2193 2393 2410 2435 revocat
2434 2384 2499 2437 ad
2528 2399 2724 2437 annum
2752 2384 2949 2439 Christi
2979 2386 3085 2440 512
3111 2394 3452 2455 exeuntem,
3481 2394 3820 2455 argumento

2194 2461 2411 2519 sumpto
2439 2470 2504 2506 ex
2534 2454 2651 2519 lege
2680 2454 3016 2509 Constantini
3042 2456 3184 2510 edita
3218 2456 3270 2510 in
3315 2452 3536 2508 Codice
3562 2452 3821 2508 Theodo-

2194 2522 2375 2593 siano,
2408 2540 2561 2593 quam
2591 2523 2768 2578 Roma:
2795 2526 2951 2579 edidit
2978 2528 3070 2579 sub
3098 2526 3307 2579 initium
3343 2524 3668 2578 Decembris
3694 2566 3710 2585 ,
3738 2527 3818 2577 iti-

2193 2591 2308 2660 quit
2328 2591 2656 2662 ,Osediﬂoma
2685 2600 2853 2649 statim
2882 2598 3216 2650 discessurus.
3255 2597 3451 2662 Itaque
3483 2596 3816 2660 existimat,

2194 2663 2427 2734 edictum
2456 2661 2793 2720 Constantini
2820 2677 2873 2721 et
2902 2666 3090 2721 Licinii
3119 2667 3188 2722 de
3220 2682 3356 2734 pace
3397 2665 3687 2721 Ecclesia:
3716 2666 3814 2719 da-

2197 2741 2309 2803 tum
2349 2732 2633 2788 Mediolani
2661 2736 2895 2790 medium
2936 2738 3153 2791 circiter
3201 2732 3576 2791 Decembrem
3632 2752 3820 2803 perve—

2196 2801 2341 2875 nisse
2384 2805 2573 2875 eodem
2620 2821 2805 2861 mense
2849 2807 2915 2860 ad
2967 2808 3348 2869 Maximinum,
3378 2801 3644 2875 eumque
3668 2806 3815 2873 prius

2196 2872 2324 2926 illtid
2352 2873 2584 2929 edictum
2628 2875 2680 2929 in
2726 2877 2964 2931 secundo
3011 2885 3513 2931 commemoratum
3541 2872 3820 2932 'emittero

2197 2945 2434 3017 potuisse
2459 2945 2648 3017 eodem
2691 2961 2853 3001 anno.
2885 2947 3045 3001 Addit
3071 2948 3270 3002 deinde
3290 2988 3304 3005 .
3332 2962 3445 2999 non
3498 2962 3633 3001 esse
3677 2945 3818 3017 quod

2195 3014 2316 3081 quis
2344 3016 2567 3069 miretur
2595 3016 2695 3069 ista
2722 3017 2800 3072 sic
2821 3018 3074 3072 constitui
3099 3060 3112 3078 ,
3144 3019 3188 3071 si
3219 3016 3654 3072 veredariorum
3685 3014 3822 3072 cele-

2195 3083 2444 3158 ritatem.
2519 3086 2792 3158 ipsiusque
2856 3088 3130 3143 Maximini
3201 3102 3455 3158 praeceps
3534 3088 3818 3157 ingenium

506 3153 771 3207 sententia
797 3162 900 3216 est,
925 3168 1043 3207 eam
1068 3163 1293 3207 mortem
1316 3156 1563 3209 evenisse
1582 3170 1724 3208 anno
1740 3155 1937 3211 Christi
1963 3157 2089 3210 515.
2119 3154 2164 3217 C
2196 3153 2548 3221 exploratum
2566 3153 2831 3212 habuerit.

508 3222 759 3277 Petavius
788 3234 963 3278 tamen
994 3224 1032 3277 1.
1064 3238 1116 3276 ιι
1145 3224 1211 3277 de
1242 3225 1486 3277 Doctrina
1519 3235 1820 3292 temporum
1852 3241 1969 3293 cap.
1998 3228 2091 3292 54,

511 3293 731 3354 scribit,
765 3303 983 3347 auctore
1006 3334 1019 3355 ,
1052 3302 1108 3344 ut
1136 3294 1248 3360 ipse
1292 3295 1396 3359 ait,
1428 3295 1658 3349 Eusebio
1704 3296 1756 3347 in
1783 3294 2051 3349 Chronico
2073 3336 2091 3362 ,

509 3362 959 3429 adstipulantibns
981 3362 1198 3417 Victore
1224 3373 1280 3418 et
1305 3363 1595 3431 Eutropio,
1627 3364 1969 3419 Maximinum
2000 3382 2094 3419 ειν

509 3432 733 3485 tinctum
764 3433 925 3487 fuisse
951 3448 1091 3486 anno
1120 3434 1328 3496 altero,
1358 3449 1514 3501 quam
1546 3435 1790 3489 Galerius
1820 3435 2093 3489 Maximia-

511 3518 613 3555 nus
638 3503 820 3571 periit,
853 3503 902 3557 id
925 3513 1037 3566 est,
1069 3519 1208 3556 anno
1233 3502 1430 3557 Christi
1460 3504 1583 3557 512.
1611 3504 1809 3558 Verum
1838 3520 1957 3559 cum
1982 3521 2094 3560 cer-

508 3584 618 3644 inm
665 3574 771 3638 sit,
826 3573 977 3644 illum
1019 3574 1215 3627 obiisse
1242 3588 1401 3644 anno
1430 3575 1672 3644 sequenti
1722 3585 1841 3642 post
1887 3577 2090 3629 eodem

507 3640 793 3714 Maxentii,
818 3643 938 3711 jure
968 3643 1069 3714 hoc
1098 3645 1215 3696 loco
1242 3640 1523 3714 Petaviuni
1554 3640 1900 3714 reprehendit
1946 3647 2092 3700 lien-

508 3713 655 3765 ricus
684 3711 857 3767 Noris.
906 3715 1011 3766 Sed
1054 3713 1170 3781 ipse
1198 3722 1373 3766 tamen
1403 3713 1454 3766 in
1484 3714 1586 3768 lioe
1613 3711 1795 3769 errare
1815 3718 2090 3769 convinci-

506 3790 616 3845 tur,
640 3784 780 3852 quod
802 3793 1016 3838 secutus
1038 3784 1327 3837 Barcitium
1365 3785 1643 3839 centeudit
1676 3796 1903 3840 mortem
1930 3786 2091 3839 Maxi-

507 3853 641 3908 mini
671 3856 962 3922 contigisse
1003 3868 1145 3906 anno
1176 3855 1280 3906 514
1303 3891 1319 3915 ,
1363 3854 1581 3910 ineunte
1626 3871 1773 3909 vere.
1807 3856 1936 3909 Nam
1968 3871 2088 3909 cum

510 3936 578 3995 _e_x
610 3925 898 3988 postremis
937 3922 1199 3978 Lactantii
1228 3923 1489 3995 capitibus
1514 3936 1753 3990 constet,
1787 3927 1938 3980 illum
1969 3942 2090 3995 per-

511 3990 641 4064 iisse
678 4007 748 4064 eo
774 4007 939 4064 anno,
967 4008 1081 4064 quo
1104 4008 1205 4061 pax
1234 3990 1356 4047 data
1374 4003 1465 4064 est
1492 3995 1765 4060 Eeclesim,
1797 4013 1902 4064 quo
1929 3990 2089 4050 etiam

507 4060 819 4133 Lactantius
866 4060 1027 4116 linem
1071 4060 1325 4128 imposuit
1372 4063 1494 4117 huic
1542 4067 1722 4130 Operi,
1753 4060 2085 4133 et'persecn-

509 4132 714 4183 tionem
740 4132 1134 4185 ostenderimus
1159 4134 1386 4198 cwpisse
1415 4149 1554 4188 anno
1578 4136 1712 4198 505,
1740 4132 1969 4190 exeunte
1992 4137 2093 4190 Fe-

511 4201 771 4265 brnario,
820 4201 943 4254 luce
990 4201 1186 4254 clarius
1239 4212 1356 4263 cst,
1406 4203 1748 4259 Maximinum
1795 4208 2089 4261 extinctum

510 4271 679 4345 fuisse
706 4286 845 4345 anno
872 4270 1004 4334 515,
1038 4271 1127 4345 qui
1158 4271 1395 4345 decimus
1425 4284 1540 4345 erat
1572 4292 1601 4329 a
1630 4286 1806 4344 empta
1838 4292 2091 4345 persccu-
2136 4288 2139 4291 '

508 4341 677 4393 tione.
711 4340 905 4414 Nititur
927 4342 1159 4414 sanevir
1182 4343 1369 4414 doctus
1392 4344 1648 4409 probabili
1671 4340 1978 4414 inspeciem
2006 4363 2092 4400 ar-

512 4423 801 4479 gumento,
844 4411 909 4464 iis
949 4411 1192 4463 nimirum
1236 4410 1501 4467 Maximini
1546 4416 1724 4469 verbis
1769 4410 1833 4468 ex
1876 4416 2089 4481 edicto,

510 4483 653 4547 quod
685 4481 843 4549 paulo
871 4489 995 4534 ante
1025 4492 1247 4534 mortem
1274 4482 1424 4536 dedit
1463 4485 1515 4537 in
1563 4487 1786 4549 gratiam
1833 4484 2090 4539 Christia—

512 4564 704 4624 norum
735 4550 874 4620 apud
904 4550 1226 4624 Eusebium,
1259 4553 1349 4624 lib.
1383 4569 1471 4618 ix,
1503 4570 1622 4624 cap.
1658 4554 1755 4617 10,
1786 4555 1874 4608 ubi
1900 4557 1999 4612 ait.
2030 4571 2089 4612 se

511 4622 790 4694 superiore
817 4637 957 4694 anno
983 4621 1122 4694 datis
1149 4621 1214 4693 ad
1244 4623 1482 4694 singulos
1528 4621 1920 4692 provinciarum
1953 4640 2088 4694 prae-

511 4634 790 4743 aniertore
817 4637 957 4674 anno
983 4634 1122 4673 uatis
1149 4634 1214 4693 au
1244 4634 1482 4686 Singulos
1528 4634 1920 4692 provinciarum
1953 4640 2087 4694 prae-

446 4738 457 4745 .
511 4690 1414 4778 si!eslitteris.statni_sse_eadein,
1441 4709 1565 4778 qua:
1588 4694 1641 4778 in
1672 4694 2003 4778 Constantini
2034 4706 2087 4751 et

513 4759 700 4832 Licinii
746 4762 935 4832 litteris
977 4760 1410 4832 continebantur.
1437 4759 1569 4817 Cum
1602 4765 1784 4832 itaque
1826 4780 1889 4819 ea
1919 4764 2087 4820 Cens-

513 4831 702 4901 tautini
730 4846 793 4886 ac
830 4831 1018 4886 Licinii
1062 4831 1374 4897 constitutio
1402 4834 1504 4887 lata
1552 4831 1707 4890 fuerit
1756 4850 1898 4888 anno
1944 4837 2083 4901 5J5,

508 4900 756 4975 ineunte,
797 4901 1196 4975 evidentissime
1242 4903 1423 4975 lucere
1451 4905 1637 4975 istam,
1681 4920 1800 4973 qua:
1841 4900 2084 4975 sequenti

508 4987 652 5024 anno
677 4973 794 5024 data
823 4983 935 5031 est,
967 4972 1019 5024 in
1047 4987 1240 5024 annum
1263 4971 1367 5024 5M
1390 4971 1730 5042 rejiciendaiii
1754 4971 2090 5039 esse,adco-

511 5054 615 5107 que
642 5056 708 5093 eo
732 5056 873 5094 anno
906 5052 1184 5109 tyrannum
1229 5042 1507 5109 imperium
1536 5060 1657 5096 cum
1684 5046 1788 5097 vita
1818 5045 2082 5101 amisisse.

511 5109 699 5163 Gravis
726 5124 856 5164 sane
880 5112 1299 5177 argumentatio,
1328 5113 1373 5166 si
1412 5123 1713 5179 constaret,
1740 5114 2083 5170 Maximinum

490 5192 821 5234 ‘uumcrasse
847 5194 1017 5232 annos
1043 5195 1167 5233 suos
1188 5195 1217 5233 a
1238 5179 1479 5235 kalendis
1505 5182 1787 5237 Januariis.
1828 5185 1933 5240 Sed
1964 5203 2083 5239 cum

507 5258 733 5320 octavus
764 5250 974 5320 imperii
1018 5249 1135 5317 ejus
1162 5263 1334 5320 anuus
1365 5253 1613 5320 impletus
1640 5254 1798 5308 fuerit
1838 5254 2085 5310 kalendis

506 5317 658 5371 Maiis
686 5322 809 5372 anni
834 5319 968 5384 515,
1000 5330 1056 5372 ut
1081 5320 1237 5373 docet
1263 5317 1568 5377 Lactantius
1590 5364 1605 5389 ,
1646 5325 1879 5378 edictum
1924 5326 1992 5379 ab
2018 5343 2084 5381 eo

510 5399 627 5455 post
652 5390 852 5462 aliquot
900 5405 1110 5462 nienses
1154 5389 1335 5444 datum
1380 5393 1445 5446 ad
1488 5404 1834 5462 sequentem,
1868 5395 1918 5448 id
1957 5405 2078 5461 est,

508 5472 708 5510 nonum
738 5460 945 5528 imperii
971 5458 1091 5528 ejus
1116 5475 1311 5514 annum
1340 5458 1605 5527 refertur';
1639 5465 1730 5517 sed
1756 5480 1861 5517 non
1889 5466 1955 5518 ad
1986 5458 2081 5519 an;

506 5542 631 5581 num
656 5526 854 5597 Christi
885 5526 1024 5594 514,
1058 5533 1349 5598 praesertim
1378 5549 1497 5585 cum
1527 5526 1597 5586 ex
1639 5535 1944 5593 narratione
1973 5538 2079 5591 Eu-

502 5598 633 5673 sebii
662 5611 899 5673 constet,
925 5600 1107 5673 datum
1132 5616 1251 5655 esse
1297 5604 1455 5670 paulo
1482 5613 1764 5673 postquam
1808 5620 1837 5656 a
1870 5605 2075 5662 Licinio

498 5667 670 5740 victus
693 5681 827 5740 erat.
857 5669 1037 5735 Itaque
1066 5667 1327 5725 Baronius
1354 5682 1409 5726 et
1446 5667 1724 5728 victoriam
1754 5673 1945 5729 Licinii
1972 5717 1985 5740 ,
2018 5687 2072 5733 et

491 5739 691 5791 exitum
718 5738 987 5794 Maximini
1014 5740 1384 5810 coniungens,
1431 5742 1531 5797 ista
1556 5744 1842 5814 contigisse
1889 5738 2074 5804 scribit

2273 3225 2521 3279 Arbitror
2549 3241 2667 3279 eam
2699 3242 2819 3282 esse
2863 3228 2961 3281 viri
3010 3228 3333 3283 modestiam
3368 3238 3427 3282 et
3459 3230 3818 3298 aequabilita-

2201 3302 2308 3366 tem
2331 3335 2346 3359 ,
2390 3303 2449 3366 ut
2478 3311 2583 3348 non
2625 3311 2765 3366 {egre
2796 3312 3052 3363 passurus
3081 3301 3183 3365 sit,
3214 3301 3259 3353 si
3310 3299 3440 3352 hcie
3471 3303 3819 3355 adnotavero

2198 3362 2561 3437 difﬁcultates,
2592 3362 2713 3434 quas
2738 3362 2865 3422 mihi
2913 3362 3270 3425 occurrerunt
3298 3372 3424 3437 ejus
3458 3370 3638 3425 verba
3668 3370 3817 3425 serio

2197 3435 2521 3488 examinanti
2544 3477 2558 3497 ,
2590 3439 2867 3506 non'quod
2915 3440 2961 3492 ei
2995 3456 3081 3492 me
3110 3435 3476 3508 priepouere,
3511 3451 3614 3493 aut
3643 3442 3818 3507 :cqui-

2201 3518 2391 3564 parare
2420 3507 2577 3559 velim
2612 3524 2627 3560 :
2653 3508 2747 3561 scd
2786 3519 2843 3561 ut
2865 3524 2962 3578 per
2988 3512 3195 3563 amicas
3224 3507 3587 3564 velitationes
3618 3513 3816 3565 verita-

2200 3582 2306 3627 tem
2337 3590 2640 3648 quaeramus
2671 3579 2894 3633 invicem
2922 3595 2937 3643 ;
2971 3579 3061 3648 qui
3104 3596 3224 3634 esse
3250 3580 3424 3641 debet
3454 3582 3662 3635 unicus
3691 3597 3815 3635 sco-

2200 3659 2297 3709 pus
2326 3646 2621 3700 studiorum
2655 3646 3005 3702 nostrorumf
3032 3651 3214 3705 Primo
3243 3652 3444 3714 fateor,
3502 3668 3620 3705 utin
3652 3651 3819 3706 fuisse

2199 3723 2310 3766 tum
2341 3714 2394 3767 in
2426 3730 2556 3780 usu,
2587 3726 2644 3770 ut
2664 3720 2786 3772 anni
2820 3730 3235 3773 numerarentur
3263 3737 3293 3773 a
3344 3722 3438 3776 die
3487 3722 3665 3776 natali
3714 3722 3816 3775 im-

2197 3795 2526 3860 peratorum,
2556 3789 2647 3841 sed
2672 3804 2724 3860 Aa
2766 3789 3009 3844 kalendis
3057 3791 3362 3853 .lanuariis,
3387 3807 3421 3844 a
3448 3793 3817 3860 processione

2197 3857 2477 3929 consulum
2496 3897 2511 3921 ,
2543 3860 2631 3925 qui
2664 3857 2830 3913 fastos
2855 3860 3137 3929 signabant
3158 3901 3173 3922 ,
3199 3873 3253 3915 et
3281 3857 3465 3917 annis
3480 3879 3695 3917 nomen
3724 3864 3819 3914 im-

2198 3926 2498 3991 ponebant,
2531 3937 2588 3980 ut
2618 3930 2792 3983 verbis
2818 3926 3079 3984 Lactantii
3110 3941 3231 3985 utar
3260 3947 3291 3984 e
3322 3933 3471 3985 libro
3504 3946 3677 3988 sexto
3721 3932 3810 3986 ln~

2201 3995 2567 4070 stitutionniu,
2595 4014 2715 4067 cap.
2738 4000 2796 4070 4.
2827 4000 2979 4067 Quod
3012 4005 3055 4053 si
3103 4002 3224 4070 quis
3270 4012 3459 4057 tamen
3512 4004 3644 4059 heic
3688 4020 3817 4058 con-

2199 4065 2417 4139 tendere
2444 4068 2607 4139 vellet
2627 4109 2639 4128 ,
2664 4065 3166 4124 alierriadversuin
3193 4073 3293 4125 ista
3324 4084 3523 4139 posset
3551 4075 3817 4129 observa-

2198 4134 2275 4186 tio
2296 4135 2970 4211 -lll1.ISlriS§lllllClll‘tllﬂalis
2998 4141 3213 4194 Βιινιιιιὶἰ
3237 4182 3252 4203 ,
3280 4134 3374 4211 qui
3404 4144 3461 4196 in
3495 4145 3812 4199 Annalibus

2196 4205 2572 4278 ecclesiasticis
2614 4209 2864 4273 adnotat,
2902 4205 3317 4265 Diocletianum-
3346 4214 3672 4270 instituisse
3695 4254 3709 4278 ,
3757 4226 3816 4268 nt

2196 4277 2319 4352 anni
2349 4277 2603 4346 deinceps
2633 4290 3043 4352 numerarentur
3070 4297 3101 4334 a
3134 4282 3306 4349 prima
3353 4284 3449 4338 die
3500 4287 3593 4339 sui
3650 4277 3816 4352 impe-

2195 4344 2259 4397 rii
2282 4385 2297 4407 ,
2327 4361 2496 4415 eoque
2522 4344 2770 4418 exemplo
2798 4344 3180 4416 Maximinum,
3204 4353 3295 4421 qui
3328 4353 3380 4408 ei
3420 4344 3776 4410 successerat
3797 4398 3810 4416 ,

2138 4461 2149 4473 ,
2194 4429 2365 4466 annos
2396 4433 2523 4470 suos
2572 4421 2759 4473 eodem
2812 4422 2970 4474 modo
3022 4423 3421 4477 numeravisse.
3476 4426 3596 4479 Sed
3652 4429 3811 4480 missa

2115 4522 2170 4581 D

2198 4486 2297 4537 ista
2325 4486 2609 4553 faciamus,
2637 4505 2756 4557 quin
2787 4491 3106 4545 testimoniis
3133 4503 3382 4546 veterum
3420 4509 3539 4547 non
3558 4495 3815 4550 ’l‘ulciun-

2196 4566 2301 4608 tur.
2335 4556 2423 4609 Ait
2467 4558 2545 4610 vir
2573 4556 2932 4626 clarissimus,
2980 4559 3399 4617 Constantinum
3456 4565 3703 4620 Bonnam
3736 4570 3814 4619 in-

2194 4640 2445 4701 gressuiu
2465 4643 2584 4701 esse
2605 4631 2690 4682 die
2718 4630 2788 4684 29
2810 4631 3060 4685 Oetobris
3079 4672 3094 4696 ,
3128 4632 3347 4701 illicque
3392 4635 3547 4689 duos
3596 4653 3814 4691 menses

2196 4710 2299 4776 non
2329 4697 2655 4776 explevisse;
2688 4701 2829 4776 quod
2863 4703 3081 4776 accepit
3115 4717 3182 4776 ex
3232 4697 3615 4776 panegyrieo,
3653 4723 3812 4776 quem

2190 4764 2446 4820 Nazarius
2468 4764 2818 4823 Consmntinn
2844 4764 3095 4825 «lixitht
3122 4774 3167 4826 si
3197 4764 3300 4827 sub
3333 4764 3568 4829 iiii'tium
3600 4764 3811 4830 incus-is

2196 4835 2505 4916 Decembris
2531 4840 2755 4916 ilouiam
2786 4841 3031 4916 reliquit,
3065 4852 3124 4896 ut
3165 4857 3233 4916 ex
3269 4844 3389 4916 lege
3419 4849 3694 4916 superius
3723 4848 3813 4902 ad~

2192 4905 2351 4985 ducta
2369 4907 2545 4985 colligi
2566 4924 2722 4977 posse
2748 4905 2951 4985 putavit
2977 4912 3056 4985 vi_r
3079 4905 3519 4985 eruditissimus:
3557 4921 3709 4985 perit
3731 4919 3814 4972 illa

2192 4974 2460 5057 bimestris
2490 4974 2654 5057 cura,
2704 4974 2862 5057 quam
2913 4982 3094 5036 laudat
3134 4983 3421 5057 Nazarius.
3473 4974 3708 5057 Quippe
3754 5005 3817 5042 eo

2194 5047 2352 5124 modo
2374 5046 2757 5124 Constantinus
2796 5051 2882 5105 vix
2928 5067 3115 5107 mense
3145 5056 3360 5124 integro
3390 5046 3566 5113 fuerit
3598 5046 3812 5115 ll'omic.

2192 5116 2297 5190 Sed
2328 5118 2467 5190 quod
2495 5119 2736 5186 jugulum
2769 5123 2932 5189 petit,
2980 5132 3165 5190 extat,
3196 5116 3562 5181 uti-diximus
3583 5171 3597 5188 ,
3633 5129 3692 5183 in
3724 5147 3815 5183 co-

2190 5186 2309 5260 dice
2335 5186 2617 5260 Justiniani
2648 5186 2782 5259 imp;
2808 5191 2899 5244 lib.
2933 5208 2985 5245 χι
3010 5232 3026 5253 ,
3062 5186 3279 5260 tit.'57,
3314 5195 3405 5250 lex
3452 5214 3486 5250 a
3536 5186 3815 5254 Cunstau-

2190 5256 2301 5310 tino
2330 5256 2476 5335 _data
2497 5256 2739 5340 ‘liomie'
2763 5261 3066 5340 declinante
3115 5256 3307 5340 mense
3348 5265 3680 5340 Januario,
3729 5277 3815 5340 qui

2190 5327 2592 5409 proximusiuit
2624 5340 2744 5396 post
2784 5334 3079 5409 extinctum
3123 5333 3461 5409 Maxentium
3488 5379 3504 5399 ,
3540 5327 3678 5409 quae
3707 5327 3815 5395 uia-

2188 5394 2408 5462 nileste,
2442 5408 2496 5452 nt
2542 5394 2681 5463 reor,
2711 5401 2985 5467 ostendit,
3026 5400 3453 5460 Constantinum
3490 5394 3683 5465 Roma
3730 5394 3809 5467 di-

2180 5481 2424 5534 gressum
2449 5485 2553 5521 nuit
2580 5485 2701 5523 esse
2727 5481 2853 5525 ante
2899 5487 3139 5527 mensem
3185 5473 3524 5533 Januariuin
3582 5497 3808 5536 exeun-

2176 5545 2312 5612 tem.
2335 5536 2597 5612 Praeterea
2625 5540 2942 5612 immensum
2969 5555 3055 5596 est
3083 5549 3321 5612 spatium
3351 5549 3426 5600 ab
3456 5551 3603 5606 urbe
3628 5551 3809 5607 Roma

2178 5605 2533 5662 Mediolanum
2551 5650 2565 5670 ,
2588 5610 2728 5679 quod
2752 5612 2949 5681 exiguo
2978 5605 3239 5681 temporis
3268 5605 3581 5673 intervallo
3604 5605 3805 5677 confici

2178 5692 2285 5754 non
2317 5687 2523 5754 potest,
2550 5694 2679 5754 cum
2708 5697 2761 5754 ιι.
2796 5698 2844 5734 ι».
2878 5682 2984 5736 528
3012 5697 3371 5742 numerentur
3406 5689 3463 5743 in
3502 5692 3806 5747 ltinerario

2175 5745 2457 5811 Antonini,
2493 5764 2523 5803 a
2548 5750 2846 5808 Mediolano
2871 5766 3049 5812 autem
3082 5754 3472 5816 Nicomediam
3526 5745 3801 5834 quatuor;
