3960 6334
136 261 237 317 581

1163 265 1512 323 EPISTOLIE
1557 267 1619 322 IN
1662 267 1798 325 DUO
1838 267 2203 327 LACTANTII
2242 270 2442 329 LOCA.

3336 280 3445 335 582

133 393 217 432 me
246 377 514 460 permittis
541 376 714 460 libere
734 376 903 449 loqui,
927 391 1035 433 non
1062 387 1216 460 vacat
1236 377 1571 435 difﬁcultate.
1597 379 1729 460 Nam
1758 381 1813 444 Α
1836 388 2009 460 ortam
2034 395 2156 460 esse
2183 393 2406 460 propter
2433 383 2599 445 verba
2627 385 2882 460 quaedam
2899 387 3137 460 obscura
3158 388 3320 460 Pauli
3343 390 3442 460 ju-

132 458 495 518 przeterquam
522 448 668 520 quod
702 457 758 504 tu
806 448 913 504 non
964 450 1189 521 supples
1210 465 1419 517 vocem,
1465 467 1584 521 qua:
1622 451 1735 513 illic

130 522 313 594 deest,
334 536 634 594 vocemque
657 521 943 594 putaverint
967 533 1144 594 mutas
1179 520 1230 579 in
1260 520 1562 590 optaverint,
1588 522 1733 594 quod

130 609 236 647 non
281 592 411 647 licet
454 589 661 661 absque
698 589 1104 661 evidentissima
1149 595 1499 659 necessitate,
1541 589 1733 649 sensus

130 664 407 731 postulare
446 660 678 727 videtur,
733 671 789 717 ut
838 660 1096 731 Princeps
1134 661 1376 732 designet
1409 679 1729 730 personam,

126 736 209 789 cui
244 733 608 803 provinciales
635 732 848 800 spoliati
883 734 1155 801 porrigant
1182 748 1368 802 preces
1405 749 1549 791 suas.
1596 733 1729 789 Cum

126 821 257 861 vero
304 803 576 860 Vicarium
626 803 789 859 totius
842 804 1145 860 collatioais
1188 820 1251 857 ac
1306 804 1729 861 transmissionis

123 892 252 955 cura
280 878 792 955 constrinttgeretmut
825 873 1028 955 legitur
1135 873 1290 955 titulo
1317 874 1728 955 (Iudicis'l‘hco-

123 948 334 1003 dosiani
367 940 659 1017 deOl'licio
700 940 914 1017 Yicarii,
957 944 1090 1017 nihil
1120 944 1354 1001 alienum
1395 946 1463 1007 ab
1497 944 1613 1017 ejus
1642 940 1724 1005 of-

123 1021 249 1072 licio
280 1018 409 1072 fecit
439 1015 849 1082 Constantinus,
892 1031 1016 1072 cum
1042 1016 1221 1086 jussit,
1266 1017 1442 1087 utqui
1478 1015 1728 1087 putarent

117 1090 326 1159 aliquid
359 1090 429 1159 al)
476 1089 596 1158 ejus
635 1087 1006 1145 benevolentia
1040 1086 1496 1159 poscendutn’pro
1531 1090 1682 1145 bonis
1707 1130 1723 1157 ,

116 1156 240 1229 qui:
268 1156 449 1215 coacti
487 1156 854 1217 reddidissent
892 1156 1105 1225 corpori
1126 1156 1598 1229 Christianorum,
1637 1161 1725 1216 Vi-

116 1228 327 1287 carium
354 1232 603 1290 adirent.
636 1228 890 1287 nimirum
920 1239 979 1286 ut
1004 1230 1050 1289 is
1071 1228 1136 1289 ad
1164 1228 1468 1301 Principem
1498 1231 1725 1289 referret

112 1304 375 1372 quicquid
403 1303 534 1361 illud
563 1312 728 1372 esset.

186 1360 294 1429 Sed
331 1360 426 1437 tu,
462 1360 543 1430 vir
581 1360 927 1438 doctissime,
970 1372 1084 1436 ais.
1130 1372 1466 1429 Lactantium
1514 1372 1722 1433 diserte

110 1445 322 1503 dixisse
344 1486 358 1507 ,
391 1445 490 1507 has
522 1447 731 1505 litteras
780 1444 1086 1513 imperiales
1131 1443 1197 1498 ad
1229 1443 1518 1513 przesidem
1567 1444 1721 1503 datas

108 1532 233 1571 esse
254 1558 270 1577 .
305 1531 417 1577 non
445 1517 513 1577 ad
545 1516 816 1581 Vicarium
837 1557 852 1579 ,
883 1524 938 1573 et
966 1524 1136 1575 totum
1168 1515 1380 1575 illarum
1411 1530 1718 1573 sermonem

107 1588 383 1659 directum
412 1603 534 1645 esse
562 1588 627 1640 ad
658 1585 941 1659 eumdem.
972 1586 1060 1659 cui
1084 1591 1332 1659 executio
1364 1586 1718 1643 restitutionis

107 1658 380 1715 facienda:
412 1658 857 1715 committebatur
877 1657 908 1722 ;’
935 1657 1335 1726 absurdumque
1366 1659 1675 1727 plane‘esse
1697 1698 1713 1725 ,

104 1730 170 1783 ad
198 1730 368 1784 alium
397 1730 710 1798 quempiam
756 1728 1108 1792 Prarfectum,
1155 1730 1242 1798 qui
1276 1728 1328 1782 in
1380 1730 1466 1782 illa
1504 1730 1716 1796 ιιτιιινίιι·

102 1801 184 1853 cia
216 1801 307 1867 jus
336 1800 578 1865 diceret,
605 1797 766 1854 verba
797 1799 1137 1869 imperatoris
1177 1797 1396 1854 referri.
1429 1799 1532 1855 Sed
1562 1800 1713 1869 heic,

103 1872 155 1924 ni
207 1872 392 1936 fallor,
454 1870 854 1927 observandum
902 1880 1018 1935 est,
1066 1887 1262 1926 nomen
1311 1871 1556 1941 praesidis
1607 1888 1714 1927 non

103 1942 275 1997 fuisse
311 1942 551 2012 positum
602 1944 654 1999 in
688 1941 863 1996 fronte
907 1942 1337 2006 constitutionis,
1370 1957 1493 1997 cum
1541 1943 1714 1999 edicta

99 2016 388 2080 generalia
436 2014 825 2070 consueverint
869 2013 1088 2067 inscribi
1122 2014 1428 2069 nominibus
1477 2013 1713 2069 Ριιιυΐοε-

100 2094 285 2138 torum
315 2088 609 2150 prasini-io,
641 2084 889 2154 quamvis
929 2084 994 2137 ad
1024 2100 1146 2139 eum
1179 2085 1342 2138 missa
1371 2084 1533 2139 fuerit
1560 2099 1589 2138 a
1622 2084 1712 2139 Li-

97 2156 269 2210 rinio.
304 2155 401 2210 Hic
427 2158 572 2213 enim
597 2197 612 2220 ,
646 2171 767 2213 cum
800 2154 1086 2210 manifesto
1110 2154 1276 2211 divini
1299 2155 1543 2210 Numinis
1562 2156 1715 2211 auxi-

97 2226 169 2279 lio
205 2227 495 2280 victoriam
524 2227 592 2285 de
622 2224 911 2281 Maximino
942 2236 1301 2296 reportasset,
1323 2241 1444 2280 cum
1480 2227 1712 2295 primum

95 2308 292 2362 postea
328 2297 696 2355 Nicomediam
740 2299 1015 2366 ingressus
1064 2307 1180 2363 est,
1223 2298 1452 2366 gratiam
1499 2313 1711 2354 summo

96 2369 216 2422 Deo
245 2368 524 2425 relaturus
549 2410 563 2435 ,
595 2368 804 2423 litteras
837 2367 955 2423 illas
999 2370 1146 2422 misit
1198 2368 1264 2423 ad
1297 2368 1581 2438 prresidcm
1603 2409 1618 2435 ,
1655 2380 1712 2424 ut

92 2440 220 2506 ejus
270 2455 406 2497 cura
454 2447 887 2507 proponerentur
936 2439 989 2494 in
1038 2454 1101 2495 ea
1148 2441 1299 2494 urbe.
1352 2438 1485 2494 Cum
1528 2450 1706 2497 autem

91 2510 352 2579 praesidis
382 2525 581 2571 nomen
607 2510 863 2579 generale
905 2511 1006 2575 sit,
1038 2522 1091 2564 et
1118 2510 1183 2563 ad
1225 2525 1413 2565 mnnes
1466 2514 1707 2580 pertine-

91 2591 214 2645 ret,
250 2583 344 2651 qui
381 2581 691 2649 provincias
719 2581 929 2650 imperii
961 2580 1187 2634 llouiani
1234 2582 1519 2649 regebant,
1554 2583 1707 2639 vide-

89 2662 175 2707 tur
209 2651 534 2713 Lactantius
566 2652 726 2707 isthic
766 2668 862 2721 per
900 2651 1193 2707 Prmsidem
1226 2652 1588 2717 intellexisse,
1616 2663 1711 2709 aut-

90 2723 380 2797 Viicarium
412 2723 652 2797 Pontica;
682 2722 1015 2797 dimceseos,
1046 2731 1140 2797 aut
1160 2722 1507 2797 consularem
1526 2723 1708 2797 Bithy-

87 2796 233 2858 niae,
274 2809 442 2864 quam
476 2794 645 2849 fuisse
671 2804 884 2851 constat
929 2794 1031 2849 sub
1057 2793 1411 2863 dispositione
1460 2793 1703 2862 ejusdem

89 2865 325 2933 Vicarii.
363 2866 549 2933 Itaque
577 2881 698 2921 cum
728 2881 971 2923 summus
1002 2873 1120 2933 post
1160 2865 1470 2933 praefectum
1503 2867 1703 2934 magis-

86 2945 266 2990 tratus
296 2936 354 2991 in
380 2951 446 2991 ea
478 2936 699 3006 regione
743 2946 888 2991 esset
915 2936 1157 3006 Vicarius
1188 2934 1454 3001 Ponticze,
1490 2936 1701 2993 videre-

84 3018 173 3062 tur
199 3005 587 3074 censendum,
618 3018 888 3063 servntam
932 3008 980 3062 ei
1013 3005 1178 3061 fuisse
1216 3021 1371 3063 suam
1412 3007 1702 3063 auctorita-

83 3088 191 3133 tem
219 3078 279 3131 in
331 3078 550 3143 edicto,
580 3078 719 3146 quod
746 3078 956 3146 jnssum
984 3087 1067 3131 est
1102 3078 1325 3146 proponi
1366 3078 1418 3133 in
1450 3080 1579 3135 urbe
1610 3080 1702 3134 Ni—

1745 1767 1793 1828 B

1840 451 2517 528 risconsu‘ltifsic’_tamen
2546 464 2602 510 ut
2631 451 2797 511 totum
2830 458 2958 513 illud
2992 459 3263 528 negotium
3291 451 3440 517 face-

1836 536 1949 577 rem
1976 521 2050 577 ttti
2071 521 2281 593 judicii.
2313 523 2511 579 Verum
2558 532 2810 650 quoniam
2840 543 2906 584 eo
2938 521 3179 598 tempore
3207 531 3439 586 multum

1836 602 2130 650 occupatus
2158 610 2305 649 eram
2336 595 2387 648 in
2416 596 2551 650 edeu
2597 611 2629 650 o
2656 598 2830 650 primo
2856 610 3000 650 tomo
3028 615 3272 650 meorum
3294 602 3439 650 Con-

1836 602 2130 667 occupatus
2158 610 2305 667 eram
2336 595 2387 648 in
2416 595 2629 667 edendo
2656 598 2830 667 primo
2856 610 3000 655 ιοιιιο
3028 595 3272 656 meorum
3294 602 3441 656 Con-
3522 608 3525 609 ⁷

1834 663 2082 740 ciliorum
2104 706 2118 730 ,
2152 663 2730 740 adeoquelaboraham
2778 670 2873 724 otii
2928 673 3145 740 penuria
3168 713 3183 736 ,
3216 683 3439 727 coactus

1833 748 1952 787 sum
1984 733 2234 791 deserere
2263 733 2546 790 consilium
2580 738 2712 793 illud
2745 733 2961 803 meum',
3011 752 3102 795 aut
3148 733 3339 796 saltem
3371 744 3425 795 in

1831 803 1976 858 aliud
2008 816 2217 881 tempus
2244 807 2480 881 diiferre.
2512 807 2731 881 lnte_rim
2761 826 2982 880 magnus
3013 813 3101 881 ille
3130 814 3433 869 studiorum

1832 889 2074 953 meorum
2109 879 2281 953 fautor
2324 888 2379 932 et
2430 879 2567 932 altor
2611 879 3118 953 Joanites’Bapti'sta
3147 881 3435 939 Colbertus

1831 948 2065 1020 excessit
2093 962 2123 1003 e
2153 947 2286 1003 vivis
2308 962 2529 1020 {eoque
2554 950 2816 1017 cadente,
2853 947 3043 1020 fateor,
3086 953 3157 1008 ita
3197 970 3435 1012 mmrore

1829 1015 2099 1089 abjecmm
2126 1032 2188 1079 ac
2220 1015 2555 1087 proﬂigatum
2578 1036 2699 1075 esse
2725 1015 2962 1077 animum
2992 1015 3192 1089 meum,
3222 1035 3279 1080 ιιι
3306 1041 3430 1082 cum

1828 1086 2062 1167 bilibris
2090 1089 2223 1143 meis
2250 1086 2551 1167 quaererem
2582 1092 2908 1167 perfugium
2931 1110 2993 1167 ac
3020 1086 3273 1159 solatium
3294 1139 3308 1160 ,
3344 1098 3431 1151 ni-

1829 1156 1902 1211 hil
1954 1162 2130 1232 minus
2161 1156 2504 1230 cogitaverim
2528 1206 2542 1227 ,
2578 1156 2762 1232 quam"
2785 1174 2838 1218 ut
2898 1156 3087 1221 ludicri
3117 1156 3430 1223 certaminis

1826 1230 2063 1297 speciem
2082 1233 2394 1307 prielierem
2419 1249 2432 1297 ;
2464 1230 2708 1303 adeoque
2736 1238 3051 1291 memoriam
3099 1253 3312 1307 quoque
3342 1239 3427 1307 ip-

1825 1312 1940 1354 sam
1967 1300 2173 1369 perdidi
2199 1302 2358 1378 istius
2378 1316 2579 1359 nostrae
2599 1300 3038 1375 concertationis,
3059 1300 3242 1378 deque
3268 1300 3427 1377 paulo

1825 1377 1951 1425 ante
1980 1375 2295 1428 memoravi.
2324 1373 2591 1430 Revocata
2625 1387 2707 1431 est
2731 1388 2909 1433 autem
2928 1373 3211 1434 occasiouo
3230 1373 3426 1435 littera-

1822 1454 1981 1521 rum,
2010 1458 2146 1521 quas
2196 1444 2405 1521 amicus
2460 1448 2551 1521 ille
2596 1459 2779 1521 noster
2814 1449 2879 1502 ad
2922 1465 3008 1504 me
3036 1450 3184 1521 dedit
3223 1452 3289 1506 15
3328 1448 3426 1505 ka-

1823 1509 2009 1589 lendas
2027 1509 2361 1589 Februarias
2385 1517 2549 1589 hujus
2591 1520 2751 1583 anni;
2800 1534 2935 1585 quas
2962 1514 3147 1589 accepi
3181 1522 3419 1576 tardius-

1822 1583 1982 1663 cula,
2009 1586 2260 1663 nimirum
2288 1583 2746 1663 ldkaliApt'ilis.
2780 1583 3108 1663 Mentionﬁeni
3138 1592 3338 1663 quippe
3368 1595 3419 1649 in

1822 1652 1931 1731 illis
1956 1654 2164 1712 faciens
2193 1673 2345 1731 novae
2372 1652 2757 1729 lucubrationis
2781 1676 2810 1725 a
2843 1672 2892 1725 te
2919 1652 3337 1731 eniissm,'quatii
3361 1679 3423 1727 se

1822 1728 2108 1797 missurum
2154 1728 2475 1797 pollicetur,
2524 1732 2778 1789 excitavit
2822 1735 3140 1793 memoriam
3190 1728 3423 1791 Cenatu-

1822 1794 2069 1874 phiorum
2086 1794 2424 1874 Pisanurum,
2450 1810 2504 1874 et
2528 1811 2633 1859 tuae
2653 1818 2866 1869 mecum
2894 1803 3291 1874 disputationis.
3316 1805 3421 1863 Ac-

1818 1866 1953 1921 cedo
1999 1870 2179 1939 itaque
2210 1870 2424 1927 tandem
2460 1872 2613 1935 home
2638 1912 2675 1943 ,ν
2713 1882 2772 1929 ιιι
2814 1866 3192 1938 reor,'causa:
3219 1878 3422 1943 qualis-

1818 1950 2048 2016 cumque
2077 1949 2356 2016 patronus,
2393 1958 2512 2016 eam
2541 1942 2685 2016 apud
2716 1955 2767 2016 te
2794 1957 3032 2016 acturus,
3054 1947 3139 2001 vir
3164 1942 3418 2005 eruditis-

1816 2010 1986 2076 sime,
2038 2021 2125 2075 te,
2176 2010 2427 2087 inquam,
2458 2010 2695 2087 judicent
2744 2010 3059 2083 habiturus,
3088 2032 3250 2087 quem
3294 2029 3421 2083 ante

1815 2091 2079 2155 expertus
2099 2098 2216 2155 sum
2237 2083 2628 2155 adversarium.
2650 2083 2834 2155 Neque
2855 2086 2999 2142 enim
3025 2083 3154 2145 mihi
3178 2099 3422 2147 metuen-

1815 2148 1941 2202 dum
1971 2161 2055 2207 est
2080 2153 2179 2229 sub
2202 2155 2293 2208 tali
2314 2154 2527 2222 judice;
2552 2156 2644 2225 qui
2668 2148 3023 2227 prleterquam
3046 2158 3190 2229 quod
3214 2161 3419 2217 amicus

1816 2234 1968 2297 meus
1997 2233 2110 2297 est,
2149 2225 2341 2297 justus
2376 2236 2427 2280 et
2459 2232 2590 2281 recti
2643 2238 2833 2294 tenax,
2881 2225 2994 2285 ires
3037 2225 3328 2297 personas,
3364 2243 3422 2295 ιιι

1813 2288 2006 2373 Cicero
2020 2288 2103 2375 de
2140 2288 2201 2351 se
2244 2296 2456 2375 aiebat,
2491 2313 2642 2375 unus
2673 2288 2962 2375 sustinebit
3006 2288 3215 2365 summa
3248 2288 3419 2375 animi

1814 2364 2103 2439 aequitate,
2133 2380 2319 2432 suam,
2351 2367 2666 2431 adversarii,
2694 2369 2908 2439 judicis.

1887 2433 2050 2514 Igitur
2072 2437 2186 2514 haec
2203 2447 2329 2514 sunt
2354 2440 2512 2493 verba
2529 2440 2681 2514 Pauli
2694 2433 2763 2496 ἰιι
2796 2440 3126 2503 editionibns
3140 2458 3235 2511 per
3254 2451 3410 2514 tvpo-

1810 2505 2046 2573 graphos
2075 2509 2339 2577 vulgatis,
2373 2524 2492 2578 qua:
2523 2512 2768 2565 manibus
2800 2528 2942 2567 nunc
2968 2505 3419 2573 eruditorum-te-

1811 2587 2003 2648 runtur
2032 2596 2044 2629 :
2078 2580 2364 2633 Anniculus
2385 2581 2657 2643 amittitur,
2681 2583 2768 2648 qui
2790 2593 3016 2639 extreruo
3043 2585 3167 2639 anui
3190 2584 3273 2638 die
3298 2601 3411 2639 mo-

1810 2647 1957 2719 ritur.
1992 2648 2059 2702 Et
2088 2650 2400 2705 consuetudo
2428 2651 2665 2719 loquendi
2694 2647 2749 2705 id
2778 2654 2850 2707 ita
2873 2670 2981 2709 esse
3000 2654 3252 2715 declarat.
3282 2656 3416 2713 Ante

1809 2716 1943 2792 diem
1971 2719 2224 2792 decimum
2254 2716 2623 2787 kalendarum,
2658 2724 2923 2792 poatdiem
2954 2725 3205 2785 decimum
3234 2726 3412 2781 kalen-
3444 2762 3451 2765 ‹

1809 2785 2013 2845 derunt.
2051 2790 2231 2862 Neque
2256 2802 2371 2847 utro
2393 2794 2525 2853 enim
2554 2785 2786 2859 sei-utaut}
2813 2797 3046 2855 undecim
3070 2796 3177 2861 dies
3206 2799 3410 2868 signi/i-

1807 2870 2013 2916 cantur.

1880 2930 2034 3003 Hunc
2062 2947 2163 3003 ego
2191 2933 2368 2989 locum
2399 2934 2477 2993 sic
2504 2935 2892 3003 interpretatus
2923 2951 3041 2993 sum
3073 2935 3125 2991 in
3158 2941 3405 3001 Annnta-

1808 3002 2045 3057 tionibus
2073 3002 2140 3059 ad
2168 3005 2365 3078 librum
2392 3002 2661 3061 Lactantii
2686 3007 2754 3065 de
2798 3007 3060 3063 Mortibus
3093 3022 3409 3078 persecutu-

1807 3086 1964 3149 rum,
2017 3086 2073 3149 ut
2120 3077 2543 3149 existimaverunt
2573 3118 2586 3143 ,
2616 3079 2867 3135 eumdem
2916 3078 3062 3135 diem
3095 3077 3411 3149 significari

79 3148 429 3204 comediensi
448 3140 1405 3223 ,_adeoque'retimandam'lectionem
1436 3149 1701 3223 vulgatam
1731 3150 1777 3215 C
1808 3140 2020 3200 duobus
2045 3147 2304 3223 loquendi
2333 3148 2507 3223 modis
2534 3140 2785 3207 adductis
2814 3165 2844 3223 ιι
2875 3140 3294 3223 iurisconsulto.
3329 3154 3411 3213 Tu

79 3221 244 3274 istius
304 3220 411 3275 loci
460 3218 821 3274 Lactantiani.
886 3218 999 3289 Ego
1051 3219 1182 3281 tibi,
1231 3219 1311 3273 vir
1360 3218 1700 3291 doctissime,

78 3301 334 3347 mentem
378 3306 565 3347 meam
613 3293 827 3358 aperio,
878 3302 931 3346 et
974 3291 1315 3358 conjecturas
1366 3307 1513 3347 ineas
1558 3308 1704 3348 c0ni-

78 3364 274 3426 mitto,
311 3362 472 3416 facile
498 3361 848 3430 ainplexurus
874 3362 1209 3430 Opinionem,
1235 3377 1395 3431 quam
1427 3374 1478 3417 tu
1507 3364 1701 3425 proba-

75 3435 224 3488 veris
245 3448 380 3487 esse
392 3447 602 3491 veram.
622 3433 947 3489 iamdudum
974 3434 1219 3489 ausculto
1242 3434 1307 3486 de
1330 3433 1574 3501 epistolis
1593 3438 1702 3490 An-

77 3505 211 3559 tonii
241 3503 544 3573 Augustini
564 3546 578 3570 ,
607 3519 742 3574 quas
784 3502 926 3558 fama
958 3512 1073 3557 erat
1103 3511 1155 3558 te
1185 3503 1545 3574 vulgaturum.
1588 3506 1700 3561 Ma-

72 3591 175 3643 gna
205 3584 305 3631 est
332 3576 482 3629 inter
512 3590 611 3635 nos
642 3574 740 3628 viri
787 3575 943 3630 istius
975 3575 1275 3629 reverentia
1304 3584 1361 3629 et
1404 3578 1698 3634 auctoritas

75 3647 615 3716 lucubrationesque
645 3645 764 3715 ejus
806 3645 1116 3702 avidissime
1156 3647 1467 3715 arripimus.
1516 3647 1699 3716 itaque

72 3720 115 3771 si
146 3717 411 3774 nondum
441 3731 506 3773 ea
536 3716 704 3775 editio
736 3718 874 3773 facta
914 3727 995 3772 est
1017 3758 1031 3783 ,
1061 3730 1157 3770 oro
1190 3725 1242 3771 te
1264 3760 1277 3783 ,
1333 3717 1412 3771 vir
1444 3719 1694 3773 illustris-

69 3792 253 3854 sime,
287 3788 519 3845 nomine
563 3804 750 3843 eorum
802 3787 1083 3854 omnium,
1134 3788 1223 3856 qui
1276 3788 1443 3844 bonas
1491 3789 1697 3845 litteras

68 3870 266 3916 amant
290 3901 305 3922 ,
338 3873 411 3913 ne
436 3859 641 3916 diutius
666 3859 948 3929 protrahas
972 3859 1404 3925 expectationem
1430 3868 1690 3916 nostram.

68 3931 185 3985 Non
216 3930 428 3987 dubito
455 3939 638 3985 autem
660 3972 673 3994 ,
707 3931 837 3998 quin
870 3929 1011 3985 inter
1052 3929 1313 3999 epistolas
1338 3929 1516 3985 Latini
1546 3931 1693 3986 Lati-

68 4003 141 4057 nii
172 4004 380 4069 plures
415 3999 612 4070 legeris
642 4001 797 4056 datas
822 4000 889 4056 ad
918 3999 1169 4055 eumdem
1199 3999 1525 4066 Antonium,
1561 4002 1693 4059 alias

66 4074 135 4127 de
161 4089 235 4129 eo
270 4074 608 4141 loquentes,
642 4087 803 4127 unam
852 4073 1016 4129 etiam
1059 4070 1229 4140 ipsius
1278 4072 1344 4126 ad
1396 4070 1688 4127 Latinium.

64 4145 354 4207 Czeternm
385 4142 798 4212 disquirendnm
827 4150 948 4204 est,
978 4157 1177 4197 verane
1226 4142 1295 4196 sit
1323 4145 1557 4212 suspicio
1583 4141 1686 4197 La-

64 4217 181 4270 tinii
216 4215 291 4271 ad
340 4213 619 4271 Metellum
648 4213 971 4283 scribentis,
1015 4213 1308 4268 alienatum
1343 4216 1592 4270 nitnirum
1625 4214 1692 4270 ab

62 4302 129 4341 eo
168 4286 357 4343 fuisse
388 4285 627 4345 animum
660 4284 875 4339 Antonii
896 4327 910 4346 ,
940 4284 1083 4353 quod
1114 4284 1179 4338 ad
1212 4282 1386 4354 ipsum
1421 4286 1688 4342 interdum

60 4359 372 4419 scribens.
434 4356 800 4424 amplissimos
861 4355 1150 4411 illustrium
1203 4357 1687 4412 reverendissimo-

58 4444 305 4498 rumque
339 4426 534 4498 titulos
554 4467 569 4491 ,
603 4428 800 4491 quibus
829 4426 1051 4495 Hispani
1082 4425 1235 4498 valde
1263 4427 1682 4492 delectarentur,

58 4501 105 4553 ei
141 4496 261 4554 non
298 4497 583 4554 tribuerit.
616 4498 729 4567 Ego
758 4499 903 4553 enim
934 4496 1297 4567 Augustinum
1329 4500 1686 4555 animadverti

54 4570 238 4628 fuisse
268 4568 529 4625 inanium
569 4578 1028 4637 contemptorem;
1059 4584 1120 4623 ac
1148 4568 1375 4638 proinde
1415 4570 1684 4638 sustiicor,

52 4643 195 4697 alias
228 4641 414 4697 fuisse
444 4653 660 4704 causas,
690 4639 759 4695 ob
785 4654 920 4709 quas
952 4639 1040 4692 ille
1065 4639 1356 4709 interrupit
1384 4640 1688 4695 litterarum

51 4710 507 4774 commercium,
537 4710 681 4779 quod
711 4707 816 4779 ipsi
848 4720 964 4765 erat
990 4724 1115 4765 cum
1147 4707 1380 4780 Latinio.
1416 4710 1517 4767 Tui
1538 4711 1687 4780 judi-

48 4786 117 4837 cii
153 4784 312 4839 facio
362 4790 538 4843 totum
581 4780 712 4835 illud
759 4782 1069 4850 negotium,
1098 4779 1463 4839 eruditissime
1486 4779 1590 4848 vir,
1625 4783 1689 4836 ti-

48 4858 224 4924 bique
256 4855 486 4924 longam
509 4866 574 4924 ac
600 4850 998 4924 felicemvitam
1028 4860 1177 4924 opto.

121 4920 744 4983 Lutetiai-Parisiorum
768 4964 782 4991 ,
812 4923 920 4985 kal.
951 4920 1103 4979 Maiis
1136 4920 1295 4978 1685.

46 5066 375 5124 Clarissima
402 5066 517 5121 tn'ro
545 5063 773 5135 Henrico
799 5049 862 5121 de
889 5063 1084 5135 Norjs,
1126 5040 1524 5135 Augustinitino,
1567 5068 1688 5125 Ste-

479 5136 684 5205 ρΙιαιιιιε
707 5134 952 5195 Baluzt'us
984 5134 1271 5193 Tutelensis
1290 5178 1306 5204 ,

741 5271 803 5327 S.
846 5269 914 5326 P.
961 5269 1027 5329 Ι).

114 5412 270 5468 Cum
298 5416 432 5481 ante
463 5408 565 5467 hoc
588 5406 871 5479 biennium
898 5409 978 5463 vir
1017 5408 1089 5467 tui
1118 5409 1331 5481 meique
1358 5425 1419 5469 ac
1443 5425 1686 5468 commu-

36 5484 202 5539 nium
234 5480 559 5541 studiorum
614 5480 1351 5553 nostrorumamautissimus
1375 5523 1390 5546 ,
1438 5483 1691 5553 idemque

36 5553 429 5609 doctissimus
459 5549 741 5621 Antonius
785 5548 1151 5621 Magliabecus
1198 5554 1262 5606 ad
1317 5569 1401 5608 me
1449 5548 1691 5611 misisset

37 5641 192 5693 opus
233 5619 838 5695 tuum,_eru‘dit_issime
882 5619 1124 5695 vir,_quo
1154 5622 1489 5695 Cenotaphia
1525 5625 1690 5679 Pisa-

36 5688 113 5752 na
167 5693 299 5752 Caii
335 5701 390 5749 et
437 5690 593 5746 Lucii
626 5688 900 5746 Cursarem
948 5688 1225 5748 illustrasti
1252 5735 1265 5761 ,
1299 5688 1685 5752 constitueram

38 5767 115 5823 ad
147 5776 209 5823 te
236 5762 494 5822 scribere
520 5761 589 5820 de
617 5763 987 5820 controversia
1010 5805 1025 5834 ,
1057 5779 1216 5835 quam
1245 5766 1400 5824 video
1429 5767 1567 5824 inter
1587 5783 1685 5824 nos

1809 3228 2030 3293 eotnra,
2056 3219 2151 3293 vir
2177 3219 2520 3293 clarissime,
2552 3221 2929 3293 _ptttaspriore
2979 3222 3140 3281 modo
3184 3224 3411 3293 intelligi

1807 3284 2010 3362 debere
2034 3289 2150 3362 dies
2179 3291 2363 3362 decetn
2387 3331 2403 3354 ,
2427 3290 2523 3362 qui
2552 3284 2813 3349 Kalendas
2842 3293 3164 3362 antecedunt
3186 3334 3200 3356 ,
3237 3284 3410 3362 postli-

1807 3356 1952 3413 riore
1974 3400 1989 3430 ,
2020 3359 2207 3415 decem
2239 3360 2333 3430 qui
2359 3356 2759 3430 snbsequuotur
2786 3363 3007 3419 caulem
3044 3356 3322 3429 kalendas,
3354 3366 3406 3422 id

1804 3437 1923 3504 est,
1944 3429 2226 3504 decimum
2258 3429 2400 3504 diem
2446 3429 2649 3487 mensis
2697 3436 2992 3504 sequentis.
3025 3435 3278 3501 Quamvis
3304 3452 3404 3491 au-

1804 3503 1912 3573 tem
1944 3499 2204 3573 Bebuﬂ‘us
2228 3503 2544 3573 scripserit,
2581 3504 2717 3561 hanc
2745 3499 3097 3573 quaastionein
3132 3506 3248 3571 plus
3279 3508 3403 3562 ειιὺς

1805 3570 2043 3645 t_ilitatis,
2074 3588 2239 3645 quam
2265 3570 2510 3645 utilitatis
2559 3570 2794 3640 habere,
2847 3570 3262 3645 ptttnvcrintquc
3291 3576 3400 3630 Btt-

1800 3638 1950 3713 dzeus
1996 3652 2049 3696 et
2095 3638 2373 3707 Alciatus,
2408 3644 2633 3699 Paulum
2679 3638 2868 3703 ludere
2915 3648 3092 3713 potius
3118 3638 3402 3704 et'ntorari

1800 3708 2082 3786 lectorem
2104 3713 2205 3768 hoc
2229 3715 2441 3786 grypho
2466 3716 2700 3771 voluisse
2726 3758 2741 3779 ,
2773 3708 2931 3785 quam
2962 3716 3159 3773 docere
3183 3758 3197 3780 ,
3232 3719 3399 3773 adeo-

1797 3796 1902 3857 que
1935 3784 2120 3857 inutile
2152 3784 2526 3854 videripossit
2549 3787 2687 3841 ultra
2715 3792 3045 3857 perscrutari
3067 3803 3251 3841 verum
3282 3804 3400 3845 ver-

1797 3849 1988 3906 borum
2039 3854 2255 3909 illorum
2306 3849 2570 3921 sensum;
2620 3849 3151 3927 eniiartamenpro
3207 3858 3400 3914 virium

1796 3936 2041 3995 mearum
2071 3926 2291 3981 modulo
2321 3927 2641 3992 ostendere,
2674 3928 2800 3995 quid
2835 3930 3018 3983 dicere
3044 3926 3273 3983 voluerit
3303 3930 3400 3985 .lu-

1795 3991 2152 4069 risconsultus
2174 4041 2187 4064 ,
2224 3999 2494 4068 simulque
2520 3991 2855 4053 conﬁrmabo
2880 4000 3191 4069 opinionem
3225 4017 3399 4058 meam

1793 4060 1861 4117 de
1891 4066 2068 4120 verbis
2098 4060 2387 4124 Lactantii.

1870 4135 2073 4209 [inplet
2106 4140 2403 4209 antiquitus
2431 4139 2536 4194 fuit
2578 4141 2747 4195 editio
2775 4141 3062 4197 verborum
3110 4142 3261 4197 Pauli
3286 4185 3298 4205 ,
3345 4147 3402 4203 in

1792 4207 1989 4282 quibus
2019 4217 2126 4282 tota
2154 4207 2400 4282 cousistit
2424 4211 2716 4265 difﬁcultas
2738 4253 2751 4275 ,
2782 4223 2833 4267 et
2867 4228 2988 4282 qua:
3018 4228 3235 4273 crucem
3269 4214 3400 4272 llaec

1794 4289 1918 4351 runt
1942 4279 2071 4333 viris
2092 4281 2493 4337 eruditissimis.
2512 4283 2740 4351 Quidam
2762 4279 2903 4337 enim
2928 4285 3145 4341 codices
3170 4286 3398 4343 habent:

1793 4345 2203 4431 quuenutroque
2236 4354 2370 4431 enim
2410 4345 2641 4431 srriu'one
2669 4355 2968 4409 undecimus
2999 4358 3109 4431 dies
3139 4359 3400 4431 signiﬁca-

1791 4426 1906 4482 tur;
1930 4421 2015 4474 alii
2046 4434 2231 4476 contra
2269 4442 2281 4477 :
2316 4423 2515 4479 Neutra
2547 4427 2679 4479 enim
2708 4443 2940 4480 sermone
2969 4421 3400 4484 nndecinins'rlirs

1792 4493 2133 4565 signiﬁcatur.
2185 4495 2339 4549 Prior
2383 4497 2579 4561 editio,
2626 4512 2783 4565 quam
2836 4499 3028 4551 Paulus
3069 4498 3138 4553 de
3178 4499 3399 4559 Middel-

1799 4560 2000 4633 burgo,
2042 4563 2183 4616 Valla
2206 4606 2220 4632 ,
2270 4565 2500 4622 Budzens
2521 4609 2533 4631 ,
2566 4560 2810 4622 Alciatns
2838 4610 2851 4633 ,
2886 4568 3143 4626 Rebeilus
3172 4578 3230 4625 et
3273 4571 3400 4627 Ilio-

1800 4630 1983 4701 nysius
2015 4630 2378 4691 Gothofredus
2404 4640 2637 4707 amplexi
2668 4648 2794 4692 sunt
2815 4630 3047 4703 ,Vnititur
3073 4640 3401 4698 auctoritate

1797 4712 2040 4780 veterum
2056 4707 2438 4780 esentplariUIti
2454 4710 2966 4780 mannscriptorum,
2983 4726 3212 4780 quorum
3233 4728 3397 4767 unum

1798 4782 1877 4849 est
1914 4774 2252 4846 bibliothecae
2278 4776 2479 4849 chim,
2505 4780 2707 4847 reliqua
2732 4774 3090 4844 Colbertin'm;
3120 4794 3241 4832 cmn
3276 4785 3398 4847 qni-

1794 4842 1895 4898 bus
1922 4842 2171 4915 congruit
2197 4842 2557 4904 etiam'codex
2584 4842 2839 4904 Germani
2880 4842 3180 4906 Colladonii
3210 4842 3397 4908 laoda-

1798 4925 1882 4992 tus
1927 4916 1997 4992 ab
2026 4916 2216 4972 eodem
2248 4918 2621 4992 'Gothol'redo.
2656 4920 2847 4992 ‘Altera
2870 4963 2883 4985 ,
2916 4935 3073 4987 quam
3103 4922 3356 4992 Cujacius
3378 4967 3393 4991 ,

1796 4985 2060 5041 Antonius
2091 4990 2441 5059 Augustinus,
2471 4990 2755 5046 Marcellus
2785 4985 3140 5049 Francolinus
3170 4985 3222 5048 ἐι
3272 4985 3396 5053 υἱοί-

1795 5060 1981 5137 uysius
2013 5060 2261 5137 Petavius
2287 5063 2794 5137 sequiimalueruut,
2820 5063 3202 5137 suifragatores
3231 5064 3396 5122 habet
3462 5099 3471 5112 ο

1793 5128 1929 5206 duos
1948 5142 2170 5206 fetegts
2199 5128 2969 5206 libr‘osvbibliothectnﬁegite,
2989 5128 3223 5205 quorum
3255 5153 3393 5193 unus

1793 5198 1892 5277 fuit
1909 5199 2036 5277 olim
2062 5200 2266 5277 IEmari
2288 5202 2708 5277 Ranconetiviri
2727 5198 3054 5276 doctissimi;
3079 5223 3250 5277 neque
3271 5223 3388 5263 eam

1795 5270 1919 5325 alibi
1948 5275 2169 5343 reperi.
2206 5276 2284 5327 An
2330 5275 2474 5329 illam
2512 5275 2728 5343 adjuvet
2761 5270 3055 5334 auctoritas
3096 5270 3392 5333 Pendet-ta-

1796 5341 2379 5420 rum_Florentinarum
2401 5387 2414 5409 ,
2460 5341 2764 5420 vide—bimus
2792 5360 3003 5420 poStea.
3036 5347 3257 5403 Interim
3292 5367 3386 5405 rx.

1802 5413 2096 5480 pendamus
2126 5425 2405 5487 utramque
2435 5418 2764 5486 editionem,
2792 5413 3165 5473 aflirtnativam
3199 5421 3391 5477 videli-

1799 5492 1968 5559 cet‘et
1990 5488 2289 5559 negativam
2312 5529 2324 5551 ,
2354 5498 2410 5541 ut
2438 5504 2531 5542 eas
2558 5490 2773 5559 quidam
2808 5506 3092 5545 vocavere.

1870 5555 2259 5628 Aflirmativam
2293 5559 2519 5622 habent,
2555 5555 2612 5613 ut
2641 5561 2779 5628 dixi,
2829 5572 2950 5614 octo
2993 5571 3172 5617 vetera
3206 5578 3393 5619 excto--

1794 5624 1964 5703 plarja
2007 5625 2557 5703 bihliothccmllegiae
2583 5641 2636 5703 et
2658 5624 3002 5703 Colbertintt'.
3039 5632 3101 5686 Et
3144 5633 3193 5686 in
3222 5634 3392 5703 ltegio

1798 5695 2013 5765 quidem
2047 5698 2259 5772 signato
2288 5695 2571 5767 i675,'sic
2617 5702 2809 5771 legitur
2841 5721 2853 5754 :
2903 5701 3077 5772 mque
3103 5706 3232 5758 enim
3278 5695 3393 5762 uiro

1798 5783 2033 5824 sermone
2063 5770 2329 5825 undecima
2356 5772 2462 5827 dies
2492 5772 2826 5844 signiﬁcatur.
2858 5770 3083 5829 Codices
3112 5791 3242 5832 vero
3264 5775 3391 5833 Col-
