3960 6380
113 323 203 378 385

681 307 959 370 JOANNIS
998 307 1294 368 COLUMBI
1333 303 1541 368 ΝΟΤΑΞ
1584 312 1646 368 IN
1691 301 1820 370 LIB.
1866 311 1953 368 DE
1992 306 2339 373 MORTIBUS
2378 314 2760 376 PERSECUT.

3264 314 3364 376 386

113 423 392 493 sententiam
417 424 653 501 trahere,
680 428 765 501 cui
792 426 969 501 omnis
995 425 1662 501 retroantiqoitasadver-
1690 429 1742 490 Α
1768 424 2101 480 kalendarum
2130 471 2144 492 ,
2174 445 2338 484 unum
2371 432 2729 501 eumdemqoe
2774 430 2915 486 diem
2960 432 3318 488 demonstrari
3348 477 3364 501 ,

115 518 254 563 satur.
282 501 332 556 lo
360 498 600 554 obscuris
627 496 794 558 enim,
829 508 886 549 ut
912 496 1072 549 docet
1104 495 1244 549 idem
1277 495 1473 550 Paulus
1493 537 1508 560 ,
1545 498 1661 550 ins-

115 579 198 649 pici
223 573 346 649 solet
365 569 501 640 quod
533 566 880 623 verisimilius
902 577 1016 634 est,
1039 577 1134 620 aut
1171 565 1314 637 quod
1347 567 1666 639 plerumque

130 649 207 703 ieri
234 645 377 701 solet.

113 654 377 774 mgcisgliiii
398 727 490 767 vos
515 711 690 766 solere
717 707 950 779 quodam
982 707 1101 762 loco
1126 708 1420 776 Ciceronis,
1447 723 1542 764 seu
1570 723 1665 777 po-

113 790 198 845 tius
223 787 284 842 ill.
307 785 448 839 timlii
477 783 546 836 ad
566 781 885 835 Ciceronem
914 779 1223 845 scribentis,
1265 794 1329 835 ex
1361 795 1469 843 quo
1506 779 1664 835 colli-

111 862 230 930 ginis,
257 874 366 912 eum
391 865 630 930 tempora
645 850 903 930 divisisse
925 849 980 904 in
1005 858 1212 930 ante'et
1236 860 1354 920 post
1381 850 1662 930 kalendas,

125 920 228 989 iuia'
255 931 296 984 is
339 920 514 989 refert,
547 923 751 976 dixisse
799 920 1134 988 Pompeium,
1165 938 1216 974 se
1257 932 1375 976 ante
1419 920 1666 977 kalendas

162 1003 299 1056 artius
335 1014 428 1052 non
470 1010 617 1062 posse
659 995 769 1046 sine
795 993 988 1063 injuria
1025 993 1088 1045 de
1129 993 1408 1063 provinciis
1451 994 1665 1047 Cesaris

111 1083 300 1126 statuere
325 1110 339 1133 ,
390 1077 498 1138 post
540 1063 786 1138 kalendas
830 1062 1064 1138 Martias
1089 1062 1142 1117 se
1179 1062 1665 1138 non_dubitalurum

110 1131 556 1215 (Cicero,lib'._vtn
601 1135 670 1189 ad
725 1133 914 1215 Fautil.
957 1131 1132 1215 Epist.
1185 1133 1261 1215 8).
1297 1133 1662 1215 vel'lllllnclllll

109 1204 234 1270 loeas
274 1204 357 1267 ille
402 1210 470 1264 sit
518 1206 780 1275 temporis
824 1204 1221 1258 imleterminati
1275 1215 1329 1259 et
1380 1205 1664 1272 indeliniti,

109 1285 232 1340 nullo
261 1291 403 1352 pacto
423 1281 576 1348 juvat
603 1277 914 1346 opinionem
948 1287 1202 1352 vestram,
1240 1291 1558 1352 nequeeam
1588 1277 1667 1329 la-

108 1345 342 1418 befactat,
395 1345 555 1422 quam
609 1345 709 1417 ego
755 1357 934 1422 μισοῖ.
986 1345 1155 1399 Nemo
1193 1345 1334 1422 eiiim
1381 1347 1662 1410 dillitetur,

107 1427 212 1496 quin
245 1425 346 1496 dici
388 1417 594 1496 optime
626 1417 828 1488 possit,
862 1431 975 1496 rem
1012 1421 1315 1496 quampiam
1357 1433 1459 1496 non
1482 1433 1667 1496 posse

108 1487 175 1565 agi
196 1508 305 1550 ante
335 1487 613 1565 kalendas,
629 1487 803 1565 posse
826 1489 908 1557 agi
941 1498 1059 1556 post
1079 1487 1356 1565 kalendas.
1389 1487 1494 1565 _Sed
1525 1488 1663 1542 istud

112 1556 200 1623 non
229 1565 423 1636 probat,
449 1562 569 1636 dies
614 1556 702 1629 qui
744 1556 1042 1636 sequuntur
1062 1569 1189 1636 post
1215 1556 1508 1636 kalendas,
1538 1573 1669 1614 con-

107 1627 266 1693 suesse
295 1627 706 1705 conjungicum
753 1627 998 1705 kalendis
1019 1669 1033 1692 ,
1059 1627 1210 1705 itaut
1248 1629 1479 1698 exempli
1505 1643 1666 1705 causa

106 1724 208 1777 qua:
225 1717 332 1762 acta
362 1699 575 1777 sunt“
604 1699 1056 1777 idusdanuarias,
1087 1699 1191 1753 dici
1223 1715 1436 1770 quoque
1460 1702 1670 1770 possint

105 1768 203 1834 acta
228 1786 339 1849 post
361 1779 425 1832 l0
448 1768 1034 1849 kalendasdauuarias.

1157 1841 1252 1900 ait.
1304 1855 1426 1896 eum
1475 1849 1659 1897 natum
1693 1812 1742 1872 Β

106 1925 243 1998 ᾑμέρᾳ
262 1922 525 1998 τρίτῃ-τῶν
543 1917 665 1998 νέωχ
685 1910 943 1998 satismirari
961 1952 976 1976 ,
1019 1911 1179 1998 idque
1204 1910 1524 1998 'Franciscus
1555 1912 1660 1997 Fa-

104 1980 275 2047 bricius
291 1980 444 2044 'ver'tit
468 1985 757 2059 postdiem
782 1984 994 2059 tertium
1019 1980 1368 2059 kalendarum
1397 1981 1658 2048 Januarii,

105 2065 208 2130 quia
231 2078 289 2117 ex
316 2052 576 2115 Cicerone
601 2057 719 2130 ipso
737 2062 803 2130 .et
829 2052 895 2107 Α.
942 2052 1114 2130 Gellio
1143 2062 1390 2130 constat,
1418 2068 1540 2108 eum
1563 2070 1662 2130 na-

105 2124 196 2187 tum
223 2135 368 2187 tertio
398 2145 572 2186 nonas
599 2124 842 2196 ejusdem
869 2125 1110 2196 mensis.
1146 2125 1288 2194 Ergo
1312 2124 1664 2196 diesgtertius

105 2219 331 2258 nonarum
391 2215 471 2257 est
533 2193 695 2254 etiam
759 2195 947 2250 tertius
1006 2193 1377 2249 kalendarum.
1432 2194 1661 2260 Fateor,

103 2275 223 2328 diem
250 2276 455 2329 tertimn
484 2282 749 2327 nonarum
777 2265 1023 2335 eumdem
1053 2281 1172 2320 esse
1206 2283 1326 2319 cum
1363 2267 1517 2320 tertio
1545 2280 1665 2335 post

103 2343 350 2400 kalendas.
375 2343 480 2400 Sed
511 2340 766 2412 quamvis
793 2334 1068 2412 Fabricius
1091 2339 1264 2392 locum
1290 2334 1563 2392 Plutarchi
1585 2341 1664 2393 sic

103 2416 451 2484 interpretatus
481 2405 578 2476 sit,
608 2419 668 2484 u_t
695 2409 927 2484 dixerit,
957 2405 1275 2484 Ciceronem
1298 2419 1496 2484 natum
1543 2425 1663 2464 esse

101 2499 200 2555 post
223 2477 353 2542 diem
382 2487 598 2541 tertium
632 2479 982 2555 kalendarum
1007 2477 1437 2555 .latmarii,_istud
1483 2494 1663 2534 causa:

101 2549 271 2612 nostra!
295 2574 398 2613 non
423 2555 617 2616 ollicit,
651 2553 774 2622 quia
828 2549 1104 2622 Fabricius
1136 2567 1239 2603 non
1278 2550 1436 2604 liabet
1479 2561 1663 2605 aucto-

102 2630 285 2682 ritatem
314 2621 680 2698 antiquitatis,
704 2623 944 2698 adeoque
972 2621 1170 2674 nullius
1198 2625 1466 2698 momenti
1482 2632 1572 2698 est
1595 2622 1662 2676 ad

100 2690 482 2764 ostendendum,
541 2697 659 2750 dies
709 2695 803 2763 qui
851 2690 1147 2761 sequuntur
1213 2702 1332 2760 post
1383 2690 1661 2764 kalendas,

99 2771 285 2840 adiungi
322 2763 513 2826 solues
565 2765 812 2840 kalendis
851 2765 940 2840 in‘
979 2764 1380 2840 computatione
1426 2763 1659 2817 dierum.

101 2833 408 2906 Plutarchus,
440 2842 606 2894 homo
628 2836 871 2898 Grtecus,
901 2833 1091 2906 Graeco
1134 2833 1537 2906 more_locutus
1557 2845 1660 2900 est,

96 2911 263 2967 Cicero
286 2924 337 2967 et
362 2903 572 2968 Cellius
601 2909 821 2971 Latino;
849 2915 904 2960 et
942 2904 1260 2960 Ciceronem
1294 2903 1481 2959 Latine
1510 2905 1576 2958 de
1605 2920 1664 2958 se

98 2985 386 3053 scribentem
413 2983 570 3053 sequi
604 2979 768 3053 malo,
801 2993 959 3044 quam
999 2975 1344 3053 Plotarclium
1378 2974 1567 3053 graece
1596 2977 1664 3053 de

98 3051 328 3110 Cicerone
355 3045 692 3123 loquentem.
717 3049 1053 3118 Quamquam
1082 3061 1202 3123 nec
1233 3047 1344 3123 ipsa
1393 3045 1664 3123 Plutarchi

96 3127 232 3178 verba
260 3117 544 3181 admodum
582 3121 762 3178 favent
787 3117 979 3173 vestra:
1007 3117 1266 3187 opiniooi,
1292 3132 1411 3171 cum
1444 3133 1510 3172 ex
1534 3119 1666 3187 ipsis

1767 512 1985 574 semper
2027 509 2202 574 tamen
2245 517 2426 574 verum
2457 505 2579 566 erit,
2624 514 2816 558 neutro
2845 519 3031 558 eorum
3076 507 3367 574 signilicari

1767 567 1909 645 diem
1957 570 2294 645 undecimum
2343 571 2725 639 kalendarum;
2783 575 3013 644 hincque
3067 567 3364 645 colligetis,

1766 640 2035 716 veriorem
2077 643 2546 716 esse_l_e_ctionem,
2592 661 2750 713 quam
2799 640 2992 700 vocant
3036 640 3361 716 negatiram.

1767 708 1996 786 FateOr,‘
2020 711 2157 786 hanc
2182 712 2551 786 difﬁcultatem
2577 708 2697 770 esse
2725 731 2995 786 magnam,
3022 708 3182 786 eique
3208 716 3366 772 facile

1766 781 2080 850 responderi
2110 797 2213 837 non
2247 799 2424 851 posse.
2459 785 2653 839 Verum
2683 801 2805 841 cum
2818 781 2926 840 'illa
2960 781 3163 841 nullum
3195 787 3364 842 detri-

1767 862 2018 926 mentum
2038 853 2420 926 aﬂeratcausze
2443 867 2666 920 nostrae,
2689 857 2782 911 sed
2805 857 2948 912 illam
2975 859 3147 926 potius
3168 860 3367 913 contir-

1766 936 1916 977 tnare
1934 923 2199 996 videatur,
2224 925 2276 978 in
2299 940 2416 979 eam
2442 926 2575 980 ultra
2600 927 2869 996 inquirere
2891 923 2994 981 non
3017 938 3100 982 est
3122 929 3362 995 animus;

1767 1008 1912 1066 cum,
1940 995 1982 1047 si
2028 994 2326 1066 negativam
2369 994 2758 1051 lectionem‘ut
2799 1014 2979 1052 veram
3011 994 3361 1066 assumimus,

1769 1064 1846 1118 sic
1869 1064 2126 1134 capienda
2176 1078 2352 1134 putem
2386 1069 2546 1120 verba
2592 1067 2763 1132 Pauli,
2794 1077 2850 1122 ut
2898 1071 3080 1124 dicere
3122 1064 3363 1125 Voluisse

1767 1135 2033 1211 videatur,
2077 1137 2219 1211 hinc
2249 1138 2427 1211 colligi
2480 1153 2674 1211 posse,
2725 1138 2808 1211 his
2856 1138 3067 1211 duobus
3109 1141 3364 1211 loquendi

1767 1205 1944 1281 ntodis
1984 1207 2221 1281 intelligi
2275 1205 2416 1261 diem
2461 1205 2730 1263 decimum
2783 1205 3368 1281 kalendarumfprout

1767 1274 2004 1350 Romani
2026 1274 2310 1350 nume—rare
2349 1291 2777 1350 consueverant,
2813 1282 2937 1350 quia
2971 1294 3164 1336 neutro
3191 1274 3362 1337 unde-

1767 1347 2312 1424 cimussigniﬁcatur.
2345 1349 2412 1403 Et
2440 1353 2518 1404 sic
2542 1347 2844 1419 pmpositio
2865 1353 3107 1424 negativa
3132 1369 3364 1408 conver-

1771 1425 1911 1469 tctur
1938 1417 1988 1470 in
2021 1416 2417 1474 aflirtnativam.

1841 1487 2090 1561 Aliunde,
2143 1491 2195 1542 ni
2255 1489 2431 1553 fallor,
2484 1491 2729 1556 ostendi,
2778 1507 3024 1561 quamam
3069 1494 3140 1548 sit
3184 1495 3366 1549 verior

1769 1557 2055 1625 explicatio
2099 1561 2386 1632 verborum
2442 1561 2609 1627 Pauli,
2667 1557 2972 1632 quae-viros
3020 1564 3365 1619 doctissimos

1768 1640 2146 1702 exercuerunt.
2195 1628 2262 1685 Ut
2311 1647 2440 1685 vero
2497 1628 2839 1702 probationes
2888 1650 3034 1689 meas
3064 1639 3362 1702 cumulem,

1768 1699 1989 1776 all‘eram
2014 1699 2574 1776 etiamauctoritatém
2597 1703 2857 1776 Lactantii
2886 1719 2902 1768 ;
2928 1713 2984 1758 et
3016 1699 3368 1776 quemadnioé

1770 1769 1897 1839 dom
1927 1773 2234 1826 testimonio
2271 1773 2418 1826 Pauli
2448 1789 2573 1827 usus
2603 1774 2730 1828 olim
2765 1791 2905 1839 sum,
2935 1788 2990 1828 ut
3020 1769 3364 1831 ostenderem

1767 1838 2186 1916 discrepantiam
2225 1845 2509 1916 verborum
2549 1843 2810 1898 Laetantii
2852 1838 3048 1900 nullam
3078 1848 3370 1916 importare

1767 1914 2202 1981 repugnantiam.
2229 1913 2299 1966 ita
2327 1930 2464 1967 nunc
2491 1913 2752 1968 Lactantii
2772 1916 2946 1969 verbis
2972 1925 3110 1982 utar,
3143 1913 3192 1971 ut
3219 1919 3370 1972 evin-

1767 1998 1884 2034 cam
1917 1983 2116 2036 nullam
2141 1998 2262 2040 esse
2283 1986 2762 2039 contradictionem
2787 1987 2838 2039 in
2860 1987 3036 2042 verbis
3053 1988 3218 2042 Pauli.
3237 1988 3368 2044 Nam

1770 2066 1891 2126 cum
1922 2053 2201 2123 utriusque
2228 2070 2322 2126 par
2337 2056 2560 2110 omnino
2578 2056 2875 2126 similisque
2896 2058 2963 2111 sit
2979 2073 3180 2124 sermo,
3199 2062 3372 2114 mani-

1763 2121 1959 2200 festum
1994 2121 2426 2200 est,‘eos'lucem
2455 2143 2482 2178 a
2511 2141 2570 2180 se
2609 2121 2833 2200 invicem
2874 2130 3125 2193 mutuari,
3155 2121 3208 2184 et
3248 2144 3369 2200 qua!

1764 2194 1990 2268 obscura
2013 2196 2191 2248 inuno
2213 2210 2397 2268 eorum
2422 2207 2566 2263 sunt,
2583 2197 2806 2251 alterius
2825 2213 2927 2266 ope
2947 2215 3105 2268 posse
3125 2200 3238 2255 ﬁeri
3261 2194 3370 2255 cla-

1768 2268 1929 2338 riora.
1964 2267 2050 2320 Ait
2081 2282 2208 2333 ergo
2234 2265 2544 2321 Lactantius
2575 2269 2626 2321 itt
2671 2269 2807 2322 libro
2841 2265 3033 2338 quarto
3067 2272 3367 2326 divinarum

1764 2333 2188 2400 Ιηυιίιυῑὶοιιυιιι,
2232 2353 2281 2391 c.
2325 2338 2411 2403 10,
2444 2338 2711 2392 Christum
2734 2333 2880 2394 cruci
2909 2342 3127 2395 al‘lixum
3152 2343 3316 2396 fuisse
3340 2356 3371 2396 a

1764 2405 1961 2482 1Iudaeis
1981 2418 2097 2482 ante
2125 2407 2255 2482 diem
2279 2408 2528 2482 decimum
2553 2408 2890 2464 kalendarum
2914 2410 3203 2482 Aprilium;
3228 2413 3278 2467 in
3307 2413 3371 2468 li-

1763 2476 1864 2530 bro
1886 2492 2013 2530 vero
2039 2477 2107 2532 de
2135 2478 2395 2534 Mortibus
2437 2492 2844 2547 persecuturum
2870 2523 2884 2546 ,
2914 2476 3034 2535 eum
3071 2476 3370 2538 cruciatum

1763 2548 2244 2621 luisseabiisdem
2285 2550 2486 2603 Judaeis
2524 2561 2637 2621 post
2674 2553 2807 2604 diem
2842 2552 3092 2606 decimum
3123 2553 3370 2607 kalenda-

1765 2634 1880 2688 rum
1921 2619 2129 2688 Aprilis.
2163 2618 2206 2672 Τ
2213 2637 2242 2672 u
2275 2635 2435 2684 vero,
2460 2618 2540 2674 vir
2574 2621 2908 2685 clarissime,
2945 2638 3138 2677 censes
3172 2625 3364 2678 borum

1765 2687 2016 2764 loquendi
2036 2689 2342 2764 modorum
2358 2707 2574 2764 sensum
2599 2707 2731 2764 esse
2754 2693 3026 2764 diversum
3048 2735 3062 2756 ,
3091 2705 3146 2748 et
3181 2695 3362 2764 priore

1764 2760 1975 2834 quidem
2035 2761 2258 2829 intelligi
2314 2762 2512 2834 debere
2578 2763 2720 2817 diem
2787 2763 3095 2834 vigesimum
3148 2760 3359 2820 tertiam

1765 2828 1977 2893 Martii,
2013 2828 2311 2899 posteriore
2348 2833 2611 2886 decimam
2657 2828 2871 2903 Aprilis.
2915 2834 3028 2903 Ego
3071 2850 3204 2890 vero
3251 2851 3281 2888 a
3315 2847 3368 2890 Ie

1767 2912 1911 2968 peto,
1942 2913 2117 2954 utrum
2153 2903 2424 2970 probabile
2452 2904 2520 2956 sit
2549 2903 2908 2970 Laclattliuul,
2939 2907 3110 2960 virum
3143 2907 3362 2961 doctum

1766 2981 1821 3025 et
1856 2972 2156 3043 eruditum,
2189 2973 2508 3043 sibimetipsi
2546 2976 2817 3029 contraria
2845 2987 2899 3030 et
2936 2978 3366 3031 contradicentia

1767 3042 2082 3111 scripsisse;
2129 3046 2430 3116 praesertim
2475 3059 2596 3099 cum
2652 3046 2771 3114 ejus
2831 3055 2992 3101 :etate
3042 3062 3362 3116 persuasum

1767 3117 1927 3182 vulgo
1957 3112 2422 3176 essel,’Christmn
2464 3112 2695 3184 passum
2729 3132 2850 3172 esse
2890 3117 2979 3172 die
3022 3112 3236 3173 decimo
3271 3116 3373 3172 ka-
3429 3132 3436 3136 '

96 3195 209 3266 nihil
226 3196 360 3251 aliud
386 3195 570 3266 colligi
599 3194 787 3266 possit,
812 3205 970 3266 quam
992 3183 1308 3244 Ciceronem
1334 3197 1514 3242 natum
1543 3183 1664 3243 esse
1690 3186 1735 3248 C
1768 3184 2046 3238 leudarum
2077 3183 2314 3266 aprilis,
2349 3183 2526 3266 nullus
2567 3189 2830 3266 _l-lfl(‘-‘!e_ll_ll§
2868 3188 3212 3258 scripsisset,
3241 3205 3373 3260 pas-

94 3264 167 3319 die
192 3269 336 3320 tertio
369 3262 635 3321 novarum
686 3262 1054 3322 kalendarum.
1085 3276 1205 3330 quae
1233 3269 1533 3328 coeperant,
1567 3275 1662 3315 seu

93 3337 537 3414 potiusdesierant
572 3336 743 3414 prima
773 3335 860 3387 die
890 3331 1092 3413 mensis
1117 3331 1374 3414 linquam:

152 3404 393 3476 Objicitur
422 3401 592 3464 etiam
627 3406 780 3460 nobis
807 3405 1100 3476 auctoritas
1126 3402 1237 3476 Gali
1264 3401 1661 3476 jurisconsulti.

94 3473 358 3544 cujus—btec
399 3493 527 3534 sunt
575 3479 739 3531 verba
775 3495 790 3529 :
832 3475 959 3528 Post
996 3473 1242 3527 kalendas
1277 3473 1558 3544 Januarias
1583 3474 1664 3526 die

97 3543 349 3625 tertio_pro
379 3551 547 3625 salule
587 3545 1399 3625 principisyota.suscipiuntur.
1439 3543 1557 3625 Quo
1585 3544 1664 3599 l0-

94 3615 270 3686 quendi
297 3621 456 3676 modo
483 3615 716 3689 intelligi
746 3615 962 3689 tertium
975 3615 1135 3689 diem
1164 3629 1442 3689 nonarum
1470 3615 1663 3682 janua-

93 3685 166 3754 rii,
195 3700 242 3744 tu
267 3704 411 3747 reete
434 3685 718 3746 observas.
749 3686 946 3742 Verum
974 3686 1099 3741 huic
1126 3685 1417 3756 objectiOni
1442 3691 1552 3754 jam
1575 3700 1659 3739 sa-

94 3759 333 3817 tisl'actum
360 3778 392 3818 a
418 3777 507 3817 me
532 3771 618 3818 est
646 3760 699 3815 in
741 3757 1108 3829 disputatione
1143 3757 1340 3829 deAdie
1381 3757 1542 3829 natali
1572 3758 1659 3810 Ci-

93 3833 300 3899 ceronis,
330 3846 382 3888 et
403 3842 616 3889 eertum
646 3826 905 3901 prietes-ea
932 3839 1038 3893 est,
1068 3829 1183 3882 base
1210 3826 1322 3901 Caii
1360 3827 1520 3901 verba
1550 3843 1658 3901 non

92 3897 334 3968 pertinere
354 3906 421 3959 ad
455 3907 598 3959 hanc
627 3897 867 3957 nostram
903 3900 1348 3955 controversiam.
1380 3897 1496 3952 Non
1530 3898 1661 3952 dicit

92 3974 235 4041 enim,
263 3974 388 4029 Post
436 3975 648 4029 tertium
689 3971 935 4026 kalendas
980 3969 1287 4034 Januarias,
1338 3979 1394 4022 ut
1439 3983 1660 4023 necesse

90 4057 214 4099 esset
234 4063 348 4100 cum
380 4046 569 4102 dicere
598 4044 665 4098 ad
693 4042 1012 4098 l‘ulciendam
1043 4042 1612 4111 opinionemvestram
1642 4057 1656 4092 :

90 4114 169 4168 sed
193 4115 310 4170 Post
334 4116 585 4172 kalendas
610 4113 891 4169 Ianuarias
911 4115 995 4166 die
1021 4109 1188 4166 tertio.
1217 4109 1370 4178 Quod
1401 4123 1500 4164 nos
1521 4112 1660 4164 ultro

89 4187 406 4243 concedimus
437 4201 798 4264 verum__esse.
846 4256 858 4264 _
939 4255 950 4264 _
1126 4251 1152 4264 η
1304 4252 1316 4264 .
1435 4225 1442 4232 ς

150 4264 435 4328 Antequam
461 4255 952 4334 liuiedisputationj
970 4268 1102 4308 mete
1121 4251 1282 4308 ﬁnem
1303 4252 1578 4334 imponam
1591 4267 1668 4334 re:

89 4323 332 4394 deuiidum
363 4345 488 4384 esse
522 4329 656 4383 mihi
683 4323 840 4382 video
876 4324 942 4379 ad
974 4336 1298 4393 postremam
1333 4337 1537 4394 partem
1565 4323 1666 4378 loci

85 4393 290 4462 Paulini.
315 4417 478 4471 quam
501 4399 637 4455 satis
658 4399 781 4471 scio,
801 4396 934 4471 milii
961 4410 1120 4466 posse
1142 4393 1341 4464 opponi
1362 4396 1522 4471 etiam
1548 4403 1668 4463 post

86 4471 242 4524 omnia
267 4465 375 4534 illa,
409 4489 534 4541 quae
563 4490 592 4524 a
622 4485 708 4525 tne
734 4469 899 4541 dicta
922 4465 1026 4541 huc
1055 4481 1223 4541 usque
1247 4477 1390 4520 sunt.
1409 4465 1545 4541 Plant
1575 4475 1666 4541 _t_a-

86 4543 286 4595 menetsi
319 4535 447 4597 mihi
482 4541 818 4602 concedatis,
853 4539 933 4592 liis
953 4535 1162 4591 duobus
1191 4536 1441 4606 loquendi
1467 4535 1662 4600 modis,

84 4616 197 4663 Ante
219 4615 348 4668 diem
373 4615 638 4668 decimum
667 4609 1036 4676 kalendarum,
1067 4608 1191 4662 Post
1233 4610 1362 4661 diem
1414 4607 1662 4662 decimum

1769 3271 1888 3309 sum
1918 3271 2038 3310 esse
2068 3256 2156 3310 die
2200 3256 2406 3310 decima
2449 3257 2686 3330 Aprilis?
2726 3259 2859 3313 lluic
2897 3256 3216 3330 argumento
3241 3256 3370 3315 'non

1770 3336 1899 3395 puto
1931 3341 2253 3396 quemquam
2281 3343 2436 3396 posse
2464 3328 2652 3389 obniti,
2683 3344 2802 3383 cum
2834 3331 2901 3382 sit
2934 3328 3368 3386 rebustissimum

1768 3398 2250 3471 etvalidissirnuin,
2269 3400 2512 3466 adeoque
2534 3399 2787 3471 allirmari
2815 3415 2971 3469 posse
2988 3401 3150 3455 credo
3169 3401 3372 3471 absque

1767 3469 1877 3521 ullo
1909 3469 2166 3536 periculo,
2192 3467 2546 3540 Lactantium
2579 3469 2661 3524 bis
2685 3467 2896 3525 duobus
2919 3472 3172 3540 loquendi
3199 3467 3372 3526 modis

1767 3540 2014 3592 eatmlem
2056 3539 2278 3592 omnino
2317 3554 2430 3593 rein
2473 3542 2779 3608 exprimere
2827 3539 3083 3607 voluiSse,
3117 3542 3370 3597 nimirum

1766 3609 2036 3680 Clu-istum
2079 3609 2480 3680 crucial‘lixum
2520 3611 2610 3665 die
2656 3611 2915 3680 vigesima
2965 3613 3119 3666 tertia
3166 3613 3371 3669 mensis

1762 3679 1957 3751 Martii.
1982 3679 2136 3747 Quod
2165 3682 2207 3734 si
2241 3679 2312 3734 ita
2341 3689 2442 3747 est,
2475 3693 2531 3735 ut
2554 3691 2700 3736 certe
2721 3679 2827 3746 est,
2853 3681 2964 3751 jam
2987 3691 3223 3749 constat,
3251 3698 3371 3737 ver-

1761 3749 1952 3806 borum
1977 3765 2191 3822 quoque
2219 3751 2367 3805 Pauli
2395 3766 2561 3806 unum
2610 3749 2966 3822 eumdeinqu
2999 3753 3198 3808 debere
3245 3769 3372 3808 sen-

1762 3835 1881 3895 sum
1907 3837 2050 3895 esse,
2078 3831 2133 3895 et
2160 3824 2339 3895 priore
2380 3822 2986 3895 posteriorequeoinido
3019 3824 3242 3895 intelligi
3269 3824 3367 3880 de-

1762 3892 1892 3947 bere
1919 3892 2059 3947 dicm
2099 3891 2393 3960 decimum,
2433 3894 2524 3963 qui
2574 3891 2845 3963 antecedit
2884 3891 3367 3959 kalendasfnullo

1763 3968 1924 4018 modo
1947 3963 2238 4026 decimum,
2269 3966 2357 4032 qui
2385 3961 2731 4032 subsequitur
2757 3961 3043 4019 kalendas.

1836 4035 1961 4089 Haec
1991 4033 2130 4101 apml
2162 4045 2234 4096 te.
2259 4033 2571 4088 doctissime
2598 4039 2701 4098 vir,
2734 4035 2800 4088 ad
2836 4034 3209 4090 defensionem
3240 4035 3365 4161 opi-

1836 4107 1946 4160 oois
1998 4119 2133 4159 niese
2183 4107 2427 4161 perorari
2481 4115 2680 4161 quanta
2733 4106 2881 4161 potui
2924 4107 3210 4161 brevitate.
3317 4108 3365 4161 ui

1767 4105 1946 4160 nioois
1998 4119 2133 4159 mea:
2183 4107 2427 4175 perorari
2481 4115 2680 4175 quanta
2733 4106 2881 4175 potui
2924 4107 3210 4162 brevitate.
3269 4105 3376 4162 Tui

1770 4176 2046 4242 deinceps,
2079 4187 2135 4228 ut
2177 4177 2330 4230 initio
2355 4176 2619 4237 dicebam.
2640 4176 2827 4245 judicii
2870 4177 2972 4230 erit
3014 4179 3371 4244 constituere,

1769 4248 1896 4318 quid
1927 4247 2256 4319 censendum
2284 4246 2352 4301 sit
2381 4248 2449 4302 de
2478 4257 2592 4304 toto
2621 4248 2726 4302 isto
2759 4248 3011 4315 negodo;
3044 4263 3240 4316 meque
3276 4263 3377 4319 pro

1771 4327 1858 4373 tua
1902 4318 2232 4372 humanitate
2283 4319 2334 4372 in
2387 4321 2527 4372 viam
2576 4319 2879 4384 revocabis,
2929 4320 3137 4373 veriora
3187 4318 3369 4374 tuens-

1772 4389 1988 4454 trando,
2040 4390 2084 4443 si
2135 4389 2272 4444 forte
2302 4404 2389 4444 me
2436 4391 2657 4444 limitem
2691 4390 2934 4444 veritatis
2959 4390 3260 4445 excessisse
3285 4405 3380 4444 co-

1770 4460 2040 4531 gnoveris.
2065 4459 2284 4514 Interim
2314 4461 2454 4528 Vale,
2488 4470 2542 4514 et
2569 4477 2656 4514 me
2676 4475 2891 4529 semper
2915 4477 3036 4514 atna
3078 4462 3152 4516 tui
3200 4461 3376 4516 nomi-

1771 4535 1854 4586 nis
1885 4533 2366 4587 studiosissimum.

1839 4601 2417 4658 Lutetias—Parislorum
2445 4602 2479 4656 4
2507 4601 2624 4656 idus
2652 4603 2780 4672 Apr.
2813 4599 2967 4656 1684.

97 4735 3318 4772 Mm

982 4854 1470 4946 JOANNIS
1529 4849 2066 4936 COLUMBI
2121 4846 2466 4930 NOTZE

925 5057 1135 5172 IN
1230 5047 2518 5166 LACTANTIUM.

79 5385 364 5445 Perillustri
411 5399 462 5445 et
493 5384 819 5458 amplissimo
847 5384 956 5458 viro
1091 5379 1325 5458 Gisberto
1362 5376 1588 5448 Cupero,
1610 5376 1672 5429 ab

142 5463 397 5517 ordinibus
428 5453 840 5515 Transisalaniaa
883 5455 950 5530 ad
968 5453 1440 5530 illustrissimorum
1472 5458 1516 5502 et
1542 5463 1674 5530 prte-

141 5535 410 5598 polenlium
453 5531 826 5604 {mdcralorunt
869 5526 1044 5604 -Belgit'
1071 5525 1319 5604 ordinum
1345 5525 1674 5604 generalium

139 5592 435 5657 sarmentum
453 5592 466 5604 ’
490 5602 754 5669 delegato,
777 5592 1303 5669 inglytce'ireipublicw
1337 5592 1675 5646 Davenlrien-

139 5674 267 5728 aiunt
290 5673 521 5738 consuli,
543 5665 780 5794 Joanness
808 5665 1103 5794 C‘olugbus.
1178 5703 1180 5705 ›

129 5814 282 5875 Licet
307 5817 362 5874 in
391 5813 575 5889 patria
602 5824 816 5884 quoque
853 5823 969 5868 mea
994 5807 1256 5883 gaudeam
1299 5807 1418 5864 dari
1446 5818 1672 5877 magnas

1779 5383 1834 5454 et
1865 5375 2101 5454 illustres
2126 5376 2338 5454 animas
2360 5419 2373 5443 ,
2405 5374 2719 5454 qugebonas
2747 5378 2952 5454 litteras
2988 5389 3171 5454 ament
3200 5392 3256 5438 et
3284 5398 3375 5440 re-

1777 5448 2372 5519 cipiantiperbenigne,
2425 5448 2705 5519 modisque
2757 5453 2939 5507 multis
2965 5448 3187 5507 conatus
3212 5455 3373 5509 etiam

1778 5532 1928 5572 meos
1983 5518 2197 5591 foveant
2244 5531 2404 5588 atque
2456 5518 2684 5584 ornent;
2743 5537 2982 5591 prmsens
3043 5533 3218 5579 tamen
3275 5524 3379 5581 hoc

1777 5589 2095 5658 Opusculttttt
2143 5605 2236 5644 sua
2268 5599 2462 5655 sponte
2489 5596 2556 5644 ab
2603 5593 2702 5647 hoc
2732 5589 2869 5659 solo,
2905 5603 3051 5648 trans
3109 5610 3257 5650 tnare
3295 5598 3377 5652 ni-

1777 5659 1996 5732 mirum,
2026 5670 2080 5714 ct
2126 5661 2176 5714 in
2211 5663 2380 5732 Asinus
2430 5672 2586 5725 tuos,
2623 5666 2702 5716 vir
2759 5665 3113 5732 aioplissime,
3159 5670 3378 5723 evolare

1776 5727 2085 5806 dicatn,‘_an
2133 5730 2310 5806 redire
2356 5732 2664 5806 festinabat.
2728 5727 2865 5803 Ego‘
2893 5744 3040 5790 certe
3099 5727 3201 5791 nisi
3249 5737 3373 5806 hoc,

1775 5801 2029 5875 quicquid
2081 5809 2184 5873 est,
2215 5802 2310 5860 tibi
2343 5799 2614 5863 misissem
2659 5799 2857 5881 primo,
2891 5821 3196 5882 nomenque
3226 5799 3384 5883 tuuni
