3952 6330
173 304 274 368 409

887 310 1098 370 NOTAE
1136 312 1203 370 IN
1240 311 1370 369 LIB.
1414 311 1502 369 DE
1540 304 1885 370 MORTIBUS
1920 309 2303 374 PERSECUT.
2345 317 2497 375 CAP.
2538 317 2727 375 XVIII.

3350 315 3461 375 410

243 428 409 505 Quam
425 428 718 505 jucundum
736 429 1229 505 illudspectaculnm
1252 428 1435 505 Deo...
1455 429 1754 505 Cyprianus
1782 432 1830 488 Α
1861 427 2163 505 Erigyusct
2197 432 2504 501 Clmlucius,
2541 435 2880 505 firmantque,
2927 443 3021 491 aut
3046 443 3292 505 repetunt
3319 434 3440 500 alii;

173 501 323 573 epist.
357 500 390 556 9
419 500 486 555 ad
509 501 801 573 Martyres:
856 501 1075 573 Oquale
1114 502 1208 569 fuit
1248 502 1379 555 illud
1409 501 1753 573 spectaculum

173 571 389 645 Domino
416 572 438 625 !
476 590 628 638 quam
645 569 871 628 sublime
898 569 1106 645 l'qnant
1140 590 1379 645 aprugnum
1404 573 1423 626 Ι
1439 569 1445 571 ⁷
1469 588 1619 641 quam
1660 569 1755 645 Dei

172 642 323 716 oculis
353 642 689 716 Sacramento
719 661 780 697 ac
819 641 1081 716 devotione
1106 644 1281 698 militis
1311 646 1423 716 ejus
1450 641 1756 716 acceptum!

171 715 315 785 Adde
339 730 461 782 qua:
489 731 553 773 ex
585 715 811 770 Minutio
842 714 1041 779 Felice,
1084 716 1208 770 item
1255 713 1377 785 quae
1405 729 1471 769 ex
1504 713 1755 785 Epicteto

171 783 317 855 aliert
365 785 579 855 Lipsius
626 786 692 840 ad
730 794 854 842 nota
892 787 978 841 illa
1008 787 1166 841 verba
1202 783 1443 849 Senecai,
1495 784 1588 838 lib.
1633 799 1649 855 ι
1688 783 1754 838 de

172 854 377 928 Provid.
412 854 463 911 (ἑ.
488 856 557 910 9.:
603 856 738 912 Ecce
764 859 1104 928 spectaculum
1137 856 1368 926 dignmn,
1401 857 1480 928 ad
1512 854 1647 926 quod
1674 870 1754 908 re-

170 927 342 996 spiciat
364 928 590 983 intentus
611 931 749 996 operi
776 926 868 983 suo
895 927 1031 983 Dens
1055 945 1072 982 :
1112 944 1224 983 ecce
1267 945 1359 995 par
1393 926 1495 981 Deo
1520 928 1748 997 dignum,

172 999 413 1123 uircfortis
435 1016 556 1053 cum
580 1000 715 1054 mala
736 999 944 1068 fortuna
971 1000 1300 1070 compositus.

278 1086 363 1122 um
396 1070 743 1123 dominatores
774 1071 1124 1123 dominantur.
1167 1068 1300 1123 Cvm

278 1086 363 1122 um
396 1065 745 1124 dominatores
774 1065 1124 1125 dominantur.
1167 1068 1330 1141 Cypr.
1373 1084 1461 1136 ep.
1485 1067 1553 1123 6:
1599 1065 1754 1141 Nunc

170 1150 237 1195 est
266 1150 317 1192 ut
340 1142 505 1211 magis
531 1141 857 1195 insidiantem
886 1139 1235 1196 adversarium
1254 1139 1514 1211 metuant,
1535 1139 1624 1208 qui
1645 1139 1755 1211 for-

170 1213 338 1266 liorem
366 1209 617 1281 quemque
641 1213 803 1282 magis
828 1213 1144 1283 aggreditur,
1189 1220 1236 1266 et
1280 1212 1448 1265 acrior
1468 1209 1629 1279 factus
1650 1210 1753 1281 hoc

168 1283 293 1365 ipso,
334 1283 473 1365 quod
517 1284 681 1365 pictus
720 1292 813 1365 est,
864 1295 1190 1365 superantem
1233 1297 1471 1365 superare
1515 1290 1752 1336 conatur.

172 1352 235 1407 Et
259 1366 343 1418 ep.
377 1354 469 1417 Si,
495 1355 564 1408 de
591 1352 840 1410 Celerinu
863 1354 1019 1409 Mart.
1045 1371 1057 1407 :
1089 1352 1262 1407 Iacuit
1288 1352 1420 1406 inter
1448 1368 1619 1420 poenas
1650 1367 1755 1419 pa:-

170 1423 243 1478 nis
270 1424 372 1478 suis
399 1424 606 1493 fortior,
649 1425 876 1479 inclusus
923 1424 1297 1479 includentibus
1343 1427 1529 1495 major,
1560 1425 1752 1495 _jacens

170 1496 408 1548 stantibus
435 1497 642 1555 celsior.
674 1497 1004 1550 vincientibus
1026 1496 1224 1564 firmior
1244 1493 1459 1559 vinctus,
1487 1493 1752 1547 sublimior

163 1564 817 1650 judica‘mibusjudicatus.

241 1635 479 1707 Nefanda
500 1633 756 1704 iussione.
807 1638 895 1692 Sic
937 1637 1032 1692 lib.
1061 1653 1117 1692 tv
1144 1636 1317 1691 Instit.
1348 1651 1400 1693 e.
1431 1635 1530 1691 I5:
1586 1633 1749 1689 Verbo

166 1722 222 1790 ac
238 1709 469 1780 jnssione
491 1710 736 1790 faciebat;
764 1709 1011 1790 lib..v,._c.
1038 1709 1139 1763 I5:
1176 1707 1295 1761 Non
1319 1707 1609 1790 (prouincias
1625 1708 1747 1779 jus-

1862 512 1913 552 ut
1943 499 2166 557 C'trolns
2194 499 2505 559 llnl'resuins
2532 499 2907 561 dissertatione
2933 508 3000 562 de
3024 499 3443 562 Nuinismatibus

1859 572 1956 623 :evi
1982 571 2268 647 inferioris,
2300 592 2416 643 pag.
2447 577 2536 632 ‘29.
2592 576 2773 647 Magna
2824 578 3005 633 itidem
3047 592 3167 631 cum
3196 591 3323 631 cura
3349 592 3442 630 ar-

1857 653 2167 711 gumentum
2200 646 2337 700 idem
2369 646 2947 705 tractaruntlleuricus
2976 648 3214 704 Norisius
3238 649 3445 702 Disser-

1862 714 2059 788 t_a_tioue
2107 715 2175 788 de
2218 716 2369 788 Votis
2413 718 2815 785 decennalibus,
2858 731 2913 774 et
2946 720 3209 788 Antonius
3250 717 3446 788 Pagina

1858 781 2233 859 dissertatione
2247 787 2528 859 Hypatica,
2557 804 2649 844 seu
2673 789 2742 845 de
2759 781 3140 845 consulatibus
3159 781 3443 845 Ctesar'eis.

1930 855 2009 907 Ad
2047 872 2141 911 xu.
2177 855 2420 913 kalendas
2453 860 2751 914 decembres.
2812 860 3078 917 Videndus
3118 870 3201 915 est
3233 861 3302 914 de
3339 860 3442 916 hoc

1859 926 2273 1002 loc_o_Aut_onius
2302 929 2515 1002 Pagius,
2541 932 2650 1002 jam
2678 930 2804 986 dicti
2837 933 3014 1001 operis
3036 932 3224 1002 pagina
3251 931 3339 996 90,
3373 931 3445 985 92

1856 996 2021 1059 ct93.
2072 997 2160 1053 ubi
2210 996 2404 1065 tradit:
2439 996 2557 1056 ηοιῖ
2589 1001 2709 1057 ideo
2744 996 3010 1057 celebrata
3036 996 3080 1057 ἐι
3107 996 3444 1057 Diocletiano

1858 1065 1959 1142 hoc
1981 1067 2068 1123 die
2084 1068 2413 1142 Avicennalia,
2441 1073 2579 1142 quod
2610 1074 2654 1127 is
2677 1083 2821 1128 esset
2843 1073 3052 1142 imperii
3073 1073 3190 1140 ejus
3215 1073 3441 1128 natalis:

1855 1136 1950 1191 sed
2005 1140 2126 1208 quia
2181 1149 2307 1196 tunc
2344 1136 2697 1199 Maximianus
2745 1136 3023 1199 Herculius
3072 1136 3253 1199 Caesar
3296 1153 3445 1198 esset

1856 1212 2442 1285 nuttcup:tt_us_.__ldque
2493 1213 2688 1268 factum
2732 1216 3035 1285 aliquaties,
3092 1215 3272 1284 utique
3322 1224 3444 1284 post

1854 1276 2190 1362 Consmutini
2218 1276 2390 1362 Magni
2421 1292 2682 1362 tempora,
2717 1276 2955 1362 ut_causa
2988 1276 3249 1362 quapiam
3277 1276 3441 1362 inter-

1854 1356 2257 1431 veniente,__non
2287 1356 2819 1431 ip_s_ius_l:nperatoris
2845 1357 3037 1431 primi,
3084 1356 3179 1431 sed
3227 1357 3444 1431 partici-

1856 1424 1937 1489 pis
1962 1424 2080 1499 ejus
2106 1424 2422 1499 dignata“,
2454 1424 2681 1492 ltocest,
2728 1424 3131 1499 quo'particeps
3158 1424 3437 1498 imperium

1852 1494 2157 1565 auspicatus
2180 1493 2369 1560 fuerat,
2401 1497 2594 1552 festum
2626 1493 2782 1563 hujus
2810 1493 3023 1565 generis
3048 1493 3434 1554 celebraretur.

1928 1563 2295 1639 Quodcumque
2306 1584 2360 1621 se
2382 1571 2561 1636 premi.
2583 1569 2744 1638 Lego,
2773 1563 2891 1637 Quo
2911 1579 3182 1639 utcumque
3193 1586 3247 1622 se
3257 1572 3439 1638 premi.

1888 1633 2255 1714 LAnimamfl.
2283 1633 2562 1714 nectanten
2611 1633 2812 1714 ιρξιιιιιΪ
2846 1640 2900 1695 Id
2942 1650 3052 1714 _est,
3098 1633 3319 1714 ὶιίιιιιῐὶἈ
3349 1649 3444 1695 aut

1851 1705 2040 1782 vitales
2061 1708 2299 1782 spiritus.
2332 1710 2421 1764 Sic
2447 1720 2598 1765 vetus
2627 1710 2919 1765 Bibliorum
2942 1705 3212 1782 Interpres
3234 1705 3434 1766 u'Sam.

167 1776 361 1859 ξὶοἱιιεξἸ
382 1776 1018 1859 ιιοήριξιεδὶάιιιιεριαάὶοε
1043 1788 1282 1859 tremunt.
1339 1776 1502 1833 Plura
1536 1776 1748 1833 Eltueu-
1777 1800 1826 1859 Β
1853 1790 1891 1839 l,
1923 1790 1974 1858 γ.
2003 1776 2069 1831 9:
2126 1777 2381 1859 Quoniam
2418 1790 2582 1859 tenent
2627 1798 2705 1834 me
2723 1776 3106 1859 angustitr,__et'
3125 1783 3293 1859 adhuc
3335 1791 3442 1859 tota

169 1848 431 1905 horsthius
462 1848 529 1904 ad
556 1850 759 1906 Arnob.
788 1848 881 1905 lib.
912 1866 970 1912 tt.
1000 1867 1052 1919 ι).
1079 1850 1168 1905 67.

234 1920 301 1973 Ac
320 1922 613 1975 terriculas.
672 1922 747 1976 De
774 1922 873 1976 hac
907 1935 1035 1976 voce
1061 1921 1145 1976 adi
1173 1919 1425 1975 Nonium.
1483 1918 1748 1974 Praeterea

168 2004 197 2047 e
222 1990 396 2045 Naevio
423 2009 626 2046 cassam
651 1992 946 2047 terriculam
972 1992 1223 2056 afferunt,
1261 2002 1316 2045 et
1345 2006 1376 2044 e
1402 1989 1622 2045 Seneca:
1654 1989 1751 2045 de-

170 2060 625 2137 perditis,0mnes
659 2067 768 2137 ejus
796 2063 1067 2137 terriculas
1080 2063 1290 2137 delude.
1344 2062 1472 2137 lino
1497 2061 1657 2137 habet
1696 2071 1751 2117 et

167 2132 337 2187 Livius
364 2133 461 2190 lib.
490 2132 756 2202 κιςινζρ.
784 2137 843 2191 Il
872 2152 885 2188 :
937 2132 1113 2191 Nullis
1140 2134 1309 2200 minis,
1343 2133 1499 2189 nullis
1535 2133 1750 2189 terricu-

170 2203 227 2259 lis
249 2222 303 2259 se
326 2215 507 2260 motos.

234 2276 361 2331 Fide
407 2277 599 2332 stabili.

169 2361 316 2402 unam
339 2364 354 2413 ;
386 2357 444 2403 ut
482 2349 667 2415 luerit,

234 2415 381 2493 Nihil
426 2420 663 2493 ungulae.
697 2415 955 2491 IUngulae
976 2436 1206 2493 ,genus
1242 2419 1539 2493 quoddam_
1564 2416 1752 2473 ferrem

169 2487 393 2561 forcipis.
443 2487 590 2546 inler
639 2487 905 2547 tormenta
954 2487 1207 2547 adhibita:
1261 2487 1414 2547 olim.
1463 2489 1750 2561 “Formam

169 2561 278 2632 vide
298 2560 440 2630 apud
467 2562 801 2628 Gallonium,
833 2572 925 2619 aut
953 2565 1093 2620 inter
1119 2578 1202 2628 ea,
1247 2579 1367 2632 qua:
1396 2560 1753 2632 subjiciuntur

171 2630 296 2688 libro
320 2632 472 2703 Magii
499 2633 572 2690 de
601 2634 864 2706 Equuleo,
897 2651 1015 2708 pag.
1054 2637 1158 2690 I76
1184 2644 1236 2689 et
1261 2630 1352 2690 81.

697 2747 767 2805 IN
791 2748 1023 2805 CAPUT
1061 2747 1225 2804 XVII.

238 2837 594 2895 Virennalium
615 2841 768 2895 diem.
796 2841 1129 2897 Solemnium
1155 2849 1421 2905 votorum,
1450 2842 1751 2911 quinquen-

168 2911 353 2965 ualium
374 2927 596 2981 nempe,
625 2912 1019 2979 decennalium,
1053 2924 1107 2968 et
1127 2913 1403 2981 deinceps,
1435 2926 1554 2983 qua:
1575 2914 1745 2983 origo,

167 2997 379 3052 qumque
409 2985 551 3037 ratio
587 2983 768 3050 fuerit,
800 2985 922 3039 licet
948 2985 1198 3037 traditum
1222 2986 1339 3037 sita
1370 2983 1567 3046 doctis,
1596 3000 1751 3054 repe-

166 3061 264 3106 tam
295 3054 529 3109 breviter
578 3064 781 3114 tamen.
821 3057 874 3108 in
900 3056 1122 3123 gratiam
1167 3070 1379 3121 eorum,
1426 3055 1620 3124 quibus
1651 3058 1754 3110 hoc

165 3137 321 3192 genus
346 3124 608 3180 librorum
636 3140 741 3180 non
767 3125 836 3180 ita
863 3124 1018 3180 facile
1040 3141 1163 3180 esse
1206 3136 1382 3195 potest
1425 3127 1490 3181 ad
1537 3141 1747 3181 manus.

684 2277 944 2349 Suspicor
998 2279 1189 2335 leviter
1240 2277 1507 2334 excidisse
1555 2289 1748 2349 vocem

697 2346 811 2420 fide'
826 2351 996 2405 stabili
1025 2362 1073 2406 et
1116 2351 1302 2404 invicto
1331 2349 1509 2420 robore
1531 2346 1710 2420 animi.

1850 1847 2024 1935 anima
2046 1865 2165 1935 .mea
2193 1851 2349 1935 inmte
2373 1862 2466 1906 est.
2512 1847 2956 1935 Martyrologium
2988 1852 3211 1908 Usuardi
3233 1893 3248 1917 ,
3288 1852 3439 1935 prid.

1852 1916 1958 1993 Ital.
1990 1916 2125 1973 febr.
2156 1937 2195 1993 _:_
2237 1919 2416 1993 Ibique
2443 1916 2702 1992 spiritum,
2744 1916 2905 1993 quiin
2936 1939 2995 1977 eo
3032 1916 3318 1993 supererat,
3359 1923 3440 1977 in-

1842 1991 2097 2061 jeceruut.
2156 1991 2288 2047 Vide
2320 1991 2519 2049 Barthii
2559 1991 2886 2063 adversaria,
2917 2009 3038 2067 pag.
3073 1991 3234 2052 I682.

2384 2110 2450 2166 IN
2492 2108 2718 2168 CAPUT
2747 2111 2932 2168 XVIII.

1922 2199 2100 2255 Aiebat
2127 2202 2171 2256 ei
2197 2202 2432 2257 indecens
2452 2219 2578 2258 esse.
2633 2203 2843 2271 Scribe,
2888 2204 3066 2259 Aiebat
3113 2213 3161 2260 et
3195 2204 3437 2260 indecens

1851 2285 1978 2346 esse,
2011 2283 2066 2326 ut
2097 2273 2198 2328 hoc
2228 2275 2528 2346 membrum
2558 2276 2828 2346 sequenti,
2867 2285 2915 2330 et
2936 2277 3109 2331 minus
3133 2286 3321 2343 tutum,
3356 2278 3435 2333 le-

1854 2340 2031 2412 pidins
2058 2345 2399 2410 respondeat.

1927 2412 2212 2487 blattarum
2262 2416 2357 2469 sibi
2415 2417 2534 2471 odia
2574 2418 2852 2487 quaesisset.
2913 2416 3157 2472 Lactant.
3214 2418 3307 2474 lib.
3363 2434 3434 2486 It,

1852 2484 1991 2560 c._I2
2013 2504 2025 2538 :
2046 2484 2157 2560 _Per
2180 2490 2292 2559 ejus
2322 2487 2549 2542 divinum
2573 2484 2735 2560 atque
2741 2489 2948 2560 unicum
2968 2505 3148 2543 nomen
3176 2484 3440 2560 hominum

1852 2555 1949 2609 sibi
1984 2555 2385 2612 misericordiam
2419 2555 2648 2626 quieritf
2696 2558 2762 2612 Et
2793 2559 2887 2616 lib.
2919 2574 2992 2621 tv,
3020 2573 3070 2614 c.
3106 2560 3166 2613 I:
3218 2558 3437 2614 Mortem

1852 2626 1951 2702 sibi
1971 2638 2270 2702 perpetuum
2295 2645 2407 2702 cum
2428 2631 2527 2683 diis
2546 2641 2593 2684 et
2621 2647 2736 2683 cum
2760 2630 2903 2702 bonis
2923 2630 3275 2702 corporalibus
3289 2646 3433 2702 qua:-

1852 2697 2065 2752 sicrunt.
2119 2700 2268 2754 Adde
2294 2699 2530 2755 Gronov.
2564 2701 2628 2755 ad
2654 2702 2781 2755 Sen.
2818 2701 2974 2755 llerc.
3007 2699 3132 2755 Fur.
3166 2717 3217 2755 v.
3249 2697 3376 2756 285.

1926 2767 2102 2823 Nerva
2124 2787 2237 2823 vero
2267 2788 2368 2825 uno
2391 2790 2525 2825 αιιιιυ
2550 2773 2849 2840 imperante.
2915 2769 3141 2825 Nervam
3179 2786 3294 2824 vero
3332 2789 3438 2827 uno

1853 2855 1989 2894 anno
2019 2842 2364 2915 imperantem
2401 2843 2744 2898 scribendum
2789 2856 2933 2907 esse,
2966 2843 3104 2897 ratio
3149 2852 3438 2915 syntaxeos

1854 2912 2079 2968 evincit.

1924 2981 2045 3036 1am
2072 2985 2181 3051 ipse
2199 2982 2479 3038 inhiauerat
2602 2983 2768 3054 Lego,
2822 2983 2946 3038 lam
2989 3001 3079 3053 spe
3131 2984 3437 3051 inhiaverat,

1853 3054 2112 3125 cuminde
2131 3054 2226 3107 sibi
2252 3065 2339 3108 aut
2369 3056 2497 3110 nihil
2528 3067 2711 3125 prwter
2735 3072 2937 3121 nomen,
2969 3066 3056 3110 aut
3082 3071 3184 3111 non
3216 3056 3432 3111 multum

1853 3124 2058 3196 uidebat
2074 3126 2328 3180 accedere.
2386 3124 2551 3191 Nihil,
2590 3137 2681 3181 aut
2717 3128 2966 3196 exiguum
3002 3127 3181 3193 nimis,
3225 3126 3441 3182 videba-

166 3185 333 3249 Czesar
362 3195 662 3267 Augustus,
711 3212 831 3251 cum
863 3196 1119 3251 Romanis
1149 3185 1311 3252 rebus
1346 3208 1466 3266 pOSl
1495 3208 1672 3253 motus
1697 3207 1751 3254 et
1775 3185 1820 3250 C
1856 3204 1941 3250 tur
1969 3193 2206 3259 Galerio.
2235 3196 2281 3252 si
2309 3197 2414 3252 duo
2436 3185 2667 3267 majores
2710 3185 3007 3252 retinerent
3048 3185 3312 3254 sounnam
3341 3200 3438 3254 im-

167 3267 334 3319 turbas
360 3269 628 3321 maximas
667 3281 695 3320 a
741 3282 800 3321 se
843 3268 1160 3337 compositis
1208 3279 1262 3323 et
1309 3270 1613 3322 constitutis
1652 3268 1746 3324 tle-

166 3337 342 3392 cetmio
380 3337 710 3407 praefuisset,
757 3340 872 3393 sive
915 3339 1074 3393 ta°dio
1098 3339 1421 3393 valetudinis
1457 3340 1744 3405 diuturnae,

165 3409 401 3476 curisque
427 3424 490 3464 ac
514 3410 792 3464 laboribus
826 3410 1034 3479 imperii
1081 3409 1302 3471 fractus,
1355 3410 1423 3464 de
1474 3410 1745 3465 reddenda

166 3479 421 3550 republica
478 3480 630 3535 serio
659 3482 956 3550 cogitaret,
1000 3480 1166 3549 (quod
1210 3479 1483 3535 allirmare
1533 3480 1746 3535 videtur

165 3547 436 3622 Suetonius
467 3554 519 3605 in
555 3554 691 3621 Aug.
732 3547 787 3606 ἒ.
828 3551 930 3622 28)
973 3547 1085 3605 sive
1133 3552 1233 3605 hoc
1289 3560 1492 3606 tantum
1536 3567 1645 3622 pra:
1683 3566 1745 3608 se

166 3619 313 3676 ferret
340 3623 407 3675 ob
431 3635 629 3676 causas
647 3619 687 3676 'a
742 3619 919 3676 Dione
957 3622 1214 3690 prolixius
1260 3619 1555 3691 expositas,
1608 3638 1742 3676 con-

165 3703 339 3763 vocato
362 3692 591 3758 Senatu,
623 3693 886 3748 rationem
911 3692 1266 3747 administrati
1290 3692 1496 3763 imperii
1519 3694 1596 3747 sic
1618 3693 1744 3748 red-

165 3759 303 3825 didit,
347 3772 404 3817 ut
434 3773 641 3828 tamen,
688 3765 838 3833 quasi
865 3763 1188 3819 decernente
1212 3759 1427 3830 eodem,
1481 3764 1533 3817 iu
1561 3765 1744 3833 proxi-

166 3847 298 3906 mum
333 3834 790 3906 quinquenniumﬁ
811 3843 1130 3906 potestatem
1179 3834 1574 3889 constituendae
1634 3835 1744 3906 reis

166 3903 376 3971 publica:
406 3903 691 3961 retineret.
746 3905 948 3959 Verum
979 3904 1078 3959 hoc
1108 3906 1325 3973 elapso,
1375 3920 1563 3960 rursus
1601 3905 1743 3960 aliud

165 3976 601 4046 quinquennium,
659 3986 779 4046 post
805 3976 1148 4039 decennium,
1191 3991 1254 4029 ac
1279 3991 1346 4031 eo
1374 3976 1543 4042 linito,
1601 3976 1744 4031 aliud

168 4042 341 4099 iterum
388 4042 676 4102 deem-tnui
716 4058 833 4111 est;
887 4047 954 4100 ita
1009 4056 1068 4100 ut
1091 4047 1415 4102 continuatis
1441 4046 1742 4113 deccuniis,

168 4128 253 4181 per
292 4128 453 4172 totam
485 4118 651 4172 vitam
681 4118 890 4187 imperii
919 4132 1181 4171 summam
1212 4117 1521 4172 obtinuerit.
1579 4114 1745 4188 Cujus

165 4190 450 4259 exemplum
482 4188 884 4259 quodammodo
908 4189 1076 4243 secuti
1104 4203 1470 4253 successores,
1502 4190 1601 4243 etsi
1630 4205 1739 4245 non

166 4257 223 4309 ad
248 4273 448 4313 certum
483 4257 720 4329 tempus,
746 4259 839 4330 sed
873 4275 969 4326 per
999 4274 1160 4314 omne
1203 4260 1325 4314 vita:
1371 4260 1598 4330 spatium
1647 4262 1749 4315 im-

167 4331 359 4394 perium
392 4330 634 4385 delatum
681 4331 782 4385 sibi
831 4329 1110 4393 haberent,
1163 4329 1604 4400 singulisitamen
1652 4330 1747 4386 de-

166 4400 356 4472 cenniis
384 4400 583 4456 festum
616 4415 712 4470 pro
768 4403 1116 4458 renovatione
1166 4401 1281 4470 ejus
1322 4403 1569 4472 agebant.
1620 4402 1747 4458 Haec

166 4466 263 4537 fere
295 4472 387 4526 Dio
433 4475 502 4527 ita
553 4466 717 4527 relert
763 4472 853 4526 lib.
903 4486 1019 4537 LIII,
1073 4482 1127 4525 et
1171 4466 1235 4526 ex
1287 4466 1740 4528 eo—rccentiorcs.

258 4544 423 4610 primo
467 4552 685 4626 gestum
726 4546 975 4626 [Augusto
1007 4535 1326 4626 septimum,
1378 4544 1605 4626 Agrippa
1637 4556 1738 4626 ter.
1770 4564 1818 4623 υ

164 4608 281 4684 tium
308 4608 639 4669 consulibus.
724 4608 1023 4684 Sequentes
1068 4608 1228 4684 igitur
1258 4608 1480 4684 Augusti
1507 4608 1735 4684 singulis

163 4679 420 4761 decenniis
448 4686 793 4761 celebrarunt
817 4679 917 4739 has
937 4679 1388 4761 .nmnidpaigLob
1422 4684 1473 4761 id
1501 4679 1737 4761 δεκᾶετη-

162 4750 295 4827 ρίδᾳς
324 4757 492 4810 dictas
522 4755 841 4827 Xiphilino,_
860 4755 1055 4825 quibus
1088 4750 1211 4809 vo'ta
1238 4754 1339 4809 diis
1367 4756 1734 4827 solvebantur,

165 4822 304 4897 initio
327 4822 865 4897 cujusque'decennii
881 4822 1215 4881 solemniter
1234 4826 1572 4896 postmodum
1618 4840 1738 4880 sus-

163 4893 256 4961 cipi
284 4893 573 4964 consueta;
628 4897 883 4953 militibus
909 4893 1246 4957 donativum,
1283 4905 1337 4951 et
1370 4912 1598 4951 annona:
1643 4913 1738 4966 po-

166 4965 283 5038 pulo
318 4968 589 5024 circenses
636 4967 1074 5038 exhibebantur,
1130 4967 1242 5022 lmo
1295 4968 1521 5038 singulis
1572 4965 1736 5023 etiam

168 5034 357 5110 l_ustris,
385 5040 498 5094 sive
518 5039 921 5110 quinquenniis,
952 5054 1038 5094 res
1064 5037 1178 5110 haec
1199 5038 1322 5093 dein
1346 5034 1513 5108 repeti
1535 5051 1732 5108 empta.

167 5103 378 5181 fiebant
405 5103 688 5181 crgo'vota
736 5103 1155 5181 quinquennalia
1197 5111 1368 5180 primo
1402 5103 1543 5164 anno
1589 5103 1735 5181 inita:

162 5176 597 5248 dignitatisz'sed
624 5176 975 5236 solvebantur
1003 5176 1211 5236 exacto'
1233 5183 1441 5245 lustro;
1489 5189 1600 5234 tum
1641 5180 1735 5235 de-

162 5250 393 5324 cennalis
421 5253 885 5324 nuncupabantur,
937 5251 1108 5324 lustro
1141 5253 1326 5324 altero,
1346 5250 1560 5306 demum
1587 5266 1736 5306 com-

163 5318 293 5385 pleto
318 5318 619 5377 sulveuda.’
649 5321 783 5377 Vota
813 5322 1109 5377 viceunalia
1136 5323 1565 5390 suscipiebantur
1592 5338 1735 5379 anno

162 5390 548 5470 quintadecimo
568 5394 774 5462 imperii
808 5411 822 5448 :
879 5393 1073 5470 festum
1095 5409 1248 5470 _vero
1276 5394 1447 5470 ipsum
1476 5394 1734 5470 agebatur

163 5464 426 5535 vicesimo,
471 5480 578 5533 quo
624 5480 844 5521 munera
884 5464 1404 5535 etiamimperatori
1431 5464 1562 5518 mitti
1590 5466 1736 5520 sole-

159 5527 310 5606 bant;
340 5527 627 5605 deqtiibus
656 5534 778 5590 vide
804 5527 1210 5606 Symmachum,
1239 5535 1331 5592 lib.
1358 5552 1413 5598 χ,
1442 5535 1612 5606 Epist.
1636 5535 1729 5592 26.

159 5596 538 5677 Bciprzctcrea
581 5596 887 5662 carceribu's
927 5596 1336 5676 eximebantur,
1391 5596 1503 5661 Ded
1546 5608 1733 5677 gratia:

154 5674 467 5748 agebantur,
523 5678 763 5746 pecunia:
815 5676 1274 5733 distribuebantur
1321 5674 1426 5748 per
1462 5674 1730 5745 civitates,

150 5750 201 5816 ςι
268 5745 444 5801 Iaztitia
522 5745 725 5816 publica
799 5748 979 5803 multis
1034 5748 1207 5802 modis
1254 5745 1416 5804 liebat
1463 5749 1727 5806 testatior.

154 5810 268 5872 IIan
315 5833 378 5873 ex
432 5810 667 5876 nummis
719 5820 932 5891 plenius
985 5818 1180 5877 docent
1235 5821 1517 5891 Adolphus
1565 5821 1730 5893 Occo,

1852 3268 2004 3337 perii,
2036 3268 2148 3335 ipse
2173 3277 2456 3323 contentus
2496 3269 2715 3325 nomine
2766 3267 3025 3336 Caesaris,
3078 3269 3292 3326 tertium
3346 3278 3441 3325 aut

1848 3348 2097 3409 quartum
2132 3348 2339 3393 teneret
2368 3340 2566 3393 locmn.

1917 3411 2040 3463 lam
2064 3409 2280 3481 ﬂuxisse
2296 3427 2458 3465 atinas
2482 3410 2789 3481 quindecim.
2808 3410 3051 3464 Lactant.
3086 3409 3121 3464 l.
3156 3426 3234 3473 tu,
3263 3425 3311 3467 c.
3342 3412 3435 3478 I7,

1847 3495 1915 3536 ex
1944 3488 2122 3535 mente
2141 3480 2607 3536 adversariorum:
2644 3480 2695 3535 Ν
2702 3482 2863 3535 ullum
2886 3482 3038 3544 diem,
3067 3483 3267 3535 nullum
3289 3483 3438 3537 deni-

1845 3568 1941 3624 que
1965 3553 2203 3621 temporis
2224 3563 2468 3621 punctum
2494 3553 2705 3624 effluere
2723 3552 2867 3606 nobis
2897 3552 3005 3605 sine
3046 3553 3305 3623 voluptate
3340 3570 3437 3624 pa-

1847 3623 2052 3677 tiumur.

1918 3692 2092 3765 Annos
2115 3693 2501 3765 quindecim,.in
2530 3693 2822 3765 Illyricum.
2880 3692 3100 3749 Videtur
3126 3693 3432 3765 respexisse

1845 3765 2007 3818 verba
2038 3763 2192 3829 Livii,
2228 3764 2321 3817 lib.
2359 3781 2451 3830 vn,
2478 3781 2526 3819 c.
2561 3763 2664 3819 58:
2722 3765 2799 3818 An
2826 3780 3025 3832 acquum
3047 3780 3153 3817 esse
3179 3763 3439 3820 dedititins

1844 3851 1965 3890 suos
1985 3835 2077 3889 illa
2096 3834 2334 3903 felicitate
2360 3837 2553 3904 perfrui
2583 3835 2782 3906 (Editio
2811 3835 2978 3903 Lugd.
3010 3835 3126 3889 Bal.
3162 3834 3224 3891 A.
3258 3834 3434 3890 I63i:

1845 3905 2099 3978 dedititios
2126 3921 2245 3978 suos
2267 3906 2356 3960 illa
2376 3905 2641 3975 fertilitate
2667 3920 2817 3976 atque
2838 3909 3121 3959 untmtitate
3172 3907 3402 3978 perfrui)
3424 3923 3440 3971 ;

1844 3976 2204 4086 scintillitandg
2214 3979 2394 4046 fessos,
2418 3979 2469 4032 iu
2492 3979 2744 4048 pestilenti
2764 3987 2913 4047 atque
2931 3978 3078 4030 arido
3101 3978 3237 4030 circa
3260 3976 3431 4031 urbem

1847 4063 1901 4086 an
1926 4064 1955 4086 η
2002 4058 2165 4086 nrt/nu

1845 4048 1955 4102 solo
1982 4048 2167 4101 luctari
2178 4048 2191 4101 Ξ

1918 4117 2084 4172 Filios
2110 4118 2417 4187 nuncupari.
2449 4118 2621 4176 Instit.
2657 4118 2694 4172 1.
2726 4133 2766 4182 ι,
2793 4133 2843 4173 c.
2871 4116 2938 4173 8:
2974 4118 3111 4184 Quos
3138 4119 3360 4189 imperiti
3387 4128 3434 4173 et

1844 4190 2136 4260 insipientes
2165 4199 2401 4260 tanquam
2426 4191 2546 4244 deos
2576 4200 2621 4243 et
2650 4199 2966 4257 nuncupant,
2990 4201 3037 4244 et
3072 4190 3312 4244 adorant.
3345 4190 3435 4245 Sic

1847 4260 1939 4315 lib.
1971 4276 2042 4325 tv,
2067 4276 2117 4316 c.
2150 4262 2212 4316 4:
2246 4260 2561 4329 Nuncupare
2591 4272 2805 4330 patrem,
2835 4277 3131 4327 nuncupare
3150 4261 3433 4328 dominum,

1845 4345 2006 4402 sensu
2052 4331 2295 4387 nonnihil
2346 4332 2579 4388 diverso.
2637 4331 2770 4386 Nam
2823 4331 2910 4386 hic
2968 4346 3298 4402 nuncupare,
3353 4338 3438 4386 est

1845 4400 2114 4458 Ctesarem
2165 4403 2531 4473 pronuntiare,
2578 4414 2739 4473 atque
2786 4403 2921 4457 adeo
2965 4403 3018 4458 in
3064 4400 3433 4458 htcreditatcm

1846 4484 1900 4529 et
1920 4474 2011 4544 jus
2037 4473 2313 4529 obtinendi
2342 4474 2468 4529 olim
2499 4475 2708 4544 imperii
2739 4489 2952 4529 vocare.

1960 4546 2282 4599 unctissimas
2323 4546 2633 4615 adolescens.
2690 4544 2745 4599 Id
2778 4554 2883 4608 est,
2919 4545 3038 4615 vita:
3069 4545 3461 4615 integerrima:

1840 4622 1897 4669 et
1923 4615 2392 4670 iunocentissimaaz
2462 4614 2551 4670 Sic
2595 4614 2663 4669 de
2702 4614 2928 4684 Paganis
2982 4614 3226 4670 Lactant.
3283 4617 3320 4670 Ι.
3378 4633 3432 4682 v,

1841 4699 1892 4739 c.
1929 4685 2160 4752 1οεραί
2206 4685 2320 4739 licet
2352 4688 2540 4739 sanctis
2572 4685 2797 4739 moribus
2826 4687 3012 4750 vivant,
3036 4687 3089 4739 in
3109 4702 3311 4738 summa
3334 4687 3439 4755 ﬁde

1842 4765 1994 4828 atque
2038 4756 2346 4828 innocentia,
2394 4765 2559 4828 tamen
2601 4756 2720 4828 quia
2743 4757 2864 4828 deos
2888 4757 3360 4828 colunt,_ajustitia
3386 4766 3433 4810 et

1843 4827 2045 4898 nomine
2074 4841 2205 4881 verte
2230 4827 2577 4898 pietatis‘sunt
2601 4825 2773 4898 alieni.
2832 4825 3166 4896 Symmacho
3186 4827 3303 4881 haec
3328 4842 3451 4883 vos.

1844 4897 1998 4953 valde
2020 4894 2271 4963 frequens
2293 4905 2394 4959 est,
2422 4894 2776 4957 Christianos,
2804 4894 3103 4965 ut'opinor,
3132 4898 3428 4954 :emulautt.

1843 4967 1938 5024 Vel
1955 4984 2058 5023 uno
2073 4969 2125 5022 in
2153 4969 2340 5040 quinto
2366 4968 2504 5040 libro
2523 4983 2589 5022 en
2611 4968 2823 5036 quoties
2844 4981 2978 5040 cani
2988 4976 3196 5040 repetat
3213 4968 3427 5040 .AEpist.

1846 5040 1947 5095 I5:
1981 5036 2505 5110 Sancto‘Lumpadio,
2538 5054 2779 5110 germano
2809 5046 2919 5110 tuo;
2944 5038 3043 5108 Ep.
3066 5038 3176 5110 20:
3209 5036 3435 5096 Sanctus

1843 5110 2080 5182 Aurelius
2100 5128 2116 5171 ς
2139 5110 2367 5182 Ερεὲξὶτ
2419 5105 2599 5182 sancti
2624 5109 2941 5182 Asclepiadis
2969 5105 3300 5179 philbsophi;
3330 5112 3426 5182 Ep.

1843 5181 1941 5238 59:
1978 5181 2197 5235 Sanctus
2221 5180 2444 5247 Sabina;
2478 5181 2571 5250 Ep.
2605 5180 2708 5235 49:
2765 5180 2849 5235 Ea;
2889 5190 2976 5235 tuo
3015 5182 3336 5238 sanctissimo
3376 5180 3433 5237 ﬁet

1842 5252 2245 5307 luculentissima
2273 5269 2379 5306 ore.
2459 5252 2616 5307 Plura
2644 5268 2748 5306 non
2783 5266 3038 5322 congero.

1916 5323 2162 5378 Fidelitcr
2198 5324 2432 5391 praebuit.
2495 5323 2727 5379 Omnino
2776 5339 2899 5379 vera
2947 5332 3031 5379 est
3074 5325 3222 5393 prior
3271 5323 3432 5393 huius

1843 5393 1945 5450 loci
1971 5394 2111 5464 apud
2138 5393 2406 5463 Cupcrum
2436 5394 2827 5464 interpretatio.
2904 5394 2993 5449 Sic
3025 5396 3075 5449 in
3109 5394 3299 5450 Bibliis
3328 5395 3429 5449 La-

1838 5466 1987 5531 tinis,
2011 5481 2052 5536 ll
2075 5464 2334 5536 Paralip..
2364 5480 2518 5527 XXXI,
2555 5481 2608 5519 v.
2642 5464 2737 5519 I8:
2778 5464 3138 5520 Sacerdotibus
3159 5483 3250 5536 per
3273 5466 3430 5534 fami-

1836 5537 1933 5591 lias
1955 5548 1999 5590 et
2029 5534 2214 5607 Levitis
2246 5534 2464 5605 fideliter
2488 5536 2586 5590 cibi
2608 5538 2671 5589 de
2697 5537 2798 5601 his,
2834 5553 2946 5606 qua:
2974 5534 3295 5605 sanctificata
3318 5538 3431 5607 fue-

1834 5617 1970 5672 rant,
1995 5606 2361 5676 prcebebantur.
2390 5608 2705 5662 Ammianus
2728 5607 2886 5661 Marc.
2922 5607 3011 5662 lib.
3043 5623 3245 5662 xxvm:
3280 5606 3432 5672 Quod

1834 5680 1937 5748 ipsi
1966 5681 2033 5732 ad
2062 5680 2461 5750 expeditionales
2490 5695 2611 5750 usus
2641 5677 2863 5748 prtebere
2902 5680 3190 5733 necessaria
3227 5681 3430 5733 detrec-

1837 5759 2030 5804 tarunt.
2057 5749 2147 5805 Sic
2172 5750 2439 5815 dicebant,
2474 5749 2695 5816 prccbere
2725 5766 2972 5819 congrua,
3017 5750 3242 5821 prtebere
3260 5754 3432 5821 justa,

1836 5836 2033 5893 annua,
2082 5822 2288 5892 diurna,
2334 5832 2391 5879 et
2433 5821 2647 5878 similia.
2698 5821 3005 5878 Laetautius
3036 5821 3222 5901 ‘lnstit.
3261 5821 3299 5877 l.
3355 5837 3436 5894 tv,
