3952 6330
484 348 595 411 415

1760 344 2038 405 JOAN‘NIS
2074 343 2302 405 COLUM
2310 346 2374 405 BI
2404 343 2411 348 ’

3660 332 3794 400 416

487 467 639 523 bilem
658 470 894 540 juvenem
922 468 1133 539 punicea
1159 467 1406 540 indutum
1431 467 1601 521 tunica
1622 466 1851 540 baltlieus
1871 467 2057 519 nmbie—
2086 470 2128 528 Α
2161 468 2359 540 ctiores
2386 467 2549 522 scribi
2606 481 2879 540 curavere,
2936 467 3063 523 Sine
3089 467 3299 523 arbitris
3328 466 3583 540 Merit-um
3632 480 3783 540 nan-

488 540 593 611 bat.
623 537 1089 611 Σὺγθήματᾳειίειηι
1107 554 1137 611 _a
1158 538 1380 611 Polybio
1410 550 1701 611 memorata
1729 537 2055 609 (quanquam

490 608 607 664 haec
651 608 856 680 abistis
897 609 1035 662 haud
1085 608 1506 680 dubie'diversa)
1532 608 1745 662 secretas
1775 618 1935 671 notas,
1970 623 2060 677 per

489 695 616 748 quas
645 678 883 732 mandata
913 680 1154 734 mittentis
1195 694 1311 734 vera
1338 696 1445 733 esse
1487 678 1927 747 'cognoscerentur,
1961 692 2059 748 vo-

490 745 577 804 cat
622 748 835 819 Livius;
853 748 1005 805 Adde
1031 749 1178 819 Lips.
1208 751 1273 804 ad
1300 749 1427 805 Tac.
1459 745 1653 804 Annal.
1681 750 1765 803 15.
1797 763 1857 819 c.
1876 748 1934 810 ‘2,
1953 745 2059 819 Oa-

490 819 645 873 saub.
674 817 743 873 ad
771 817 999 876 [Eneam
1028 817 1327 885 'l‘acticum,
1357 821 1581 874 Salinas.
1611 819 1677 873 ad
1699 819 1806 874 Jul.
1829 818 2058 887 Capitol.

491 889 783 953 Pertinac.,
829 904 879 945 c.
911 893 965 946 1.
1012 890 1121 945 Nec
1170 891 1402 946 absurde
1442 891 1562 959 quis
1612 890 1842 955 dixerit,
1876 891 1927 943 in
1974 889 2064 959 bis

491 961 855 1032 comparuisse
884 970 1130 1016 notarum
1153 977 1342 1031 genus,
1361 958 1480 1032 qua:
1500 961 1632 1028 sigla
1645 959 1893 1014 dicuntur
1917 974 1945 1010 a
1963 958 2062 1013 Ju-

492 1030 724 1105 stiniano
753 1030 1096 1105 imperatore,
1122 1030 1315 1101 quibus
1362 1030 1645 1105 utebantur
1684 1032 2059 1105 φημιιογράφοι,

489 1099 603 1177 sive
642 1104 990 1177 ταχυγρᾴφοι.
1024 1099 1156 1177 Nam
1210 1105 1327 1167 bos,
1346 1102 1445 1177 qui
1478 1116 1572 1177 per
1596 1099 2065 1177 sigla'illadntel-

494 1168 676 1242 legere
710 1168 1017 1242 singulares
1064 1173 1289 1240 litteras,
1329 1168 1399 1227 de
1446 1168 1779 1242 quibus‘Val.
1832 1171 2061 1242 Probus,

493 1238 693 1310 refellit
738 1238 986 1297 Nicolans
1024 1238 1280 1302 llensius.
1303 1244 1384 1297 vir
1412 1238 1723 1306 illustris,in
1750 1241 1975 1310 epistola
2000 1240 2067 1294 ad

492 1309 765 1389 Socerum
782 1329 981 1378 meum,
1008 1316 1090 1369 τὸν
1104 1317 1407 1389 μακαρίτην,
1432 1312 1693 1389 jam_olim
1724 1309 1793 1389 ab
1821 1310 1921 1365 hoc
1951 1325 2067 1365 me-

494 1395 615 1436 cum
647 1382 873 1453 benigne
900 1380 1313 1448 communicaia,
1333 1380 1475 1453 quas.
1516 1382 1561 1453 si
1606 1395 1698 1453 res
1722 1380 1909 1435 fuisset
1937 1395 2069 1453 mea:

497 1452 727 1522 spontis,
749 1452 1061 1521 jamdudum
1083 1454 1276 1508 donata
1292 1452 1428 1509 foret
1443 1452 1665 1522 publica!
1688 1452 1812 1506 luci.
1841 1452 1991 1518 Quod
2015 1462 2070 1522 et

491 1520 564 1594 de
594 1522 712 1594 aliis
741 1539 845 1578 non
874 1526 1055 1594 paucis
1079 1525 1279 1578 dictum
1320 1520 1497 1585 velim,
1529 1538 1647 1594 qua:
1676 1536 1815 1575 nunc
1848 1523 1897 1576 in
1930 1520 2070 1574 scri-

496 1592 597 1664 piis
622 1592 682 1646 Β.
723 1592 904 1650 Soceri
960 1595 1305 1661 delitescunt,
1366 1610 1452 1650 me
1480 1593 1694 1664 quidem
1730 1607 1947 1660 prorsus
1971 1608 2070 1647 no—

494 1659 637 1717 lente
664 1674 718 1718 et
744 1665 931 1720 invito.

567 1731 812 1802 Requiem
849 1736 1005 1802 vitta,
1056 1736 1183 1789 sicut
1237 1735 1462 1802 optabat.
1508 1732 1910 1801 Elegantissima
1953 1732 2071 1802 citis

492 1803 654 1858 verba
672 1804 838 1873 refert
860 1818 1046 1861 auctor
1072 1805 1278 1860 Politian
1306 1804 1674 1873 Metrophanis
1693 1812 1746 1857 et
1776 1803 2069 1873 Alexandri

492 1873 631 1949 apud
664 1872 912 1949 Photium
941 1893 954 1929 :
983 1883 1082 1949 Nov
1106 1876 1368 1949 abbati;
1398 1872 1597 1947 μοίτῆς
1625 1877 1756 1949 ζωῆς
1785 1872 2027 1949 adtingas
2056 1914 2071 1937 ν

491 1944 725 2019 μέγιστον
769 1947 986 2019 ἐντάφιον
1032 1946 1235 2019 λαϐόντι
1279 1952 1369 2005 τήν
1545 1947 1822 2017 ἡγεμονίαν,
1849 1944 2071 2019 ὐιέμρν.

490 2014 678 2090 τὸγαρ
704 2014 996 2103 καταλήτεξν
1038 2018 1121 2103 ἐπὶ
1162 2026 1254 2089 γῆς
1284 2018 1522 2088 βασιλέα,
1552 2014 1957 2103 τᾶζχεξστιανῶγ
1984 2014 2074 2070 δά-

492 2084 623 2161 ζρυά
645 2084 917 2161 ξτεριμᾴξαι
934 2084 1229 2161 γδννὰμενόν,
1258 2084 1341 2142 καὶ
1364 2096 1550 2145 στῆσαι
1577 2087 1663 2140 τὸν
1689 2084 1856 2161 ἄδικογ
1895 2085 2033 2161 φόνον
2053 2126 2069 2149 ,

492 2149 547 2207 ὂῦ
892 2160 950 2213 οὐ
977 2149 1116 2230 lar/st
1142 2149 1393 2232 uicinam
1418 2180 1460 2229 χ
1467 2164 1728 2232 ριστιανῶν
1766 2149 2073 2228 παλαξαὼμε-

492 2244 573 2285 νος
578 2224 701 2301 ᾔδῆ
714 2249 802 2297 μοι
827 2233 916 2287 τὴν
945 2224 1195 2301 μακαρίαν
1221 2227 1397 2282 δίδωσι

536 2293 673 2376 ⁸υεο
700 2293 792 2352 suo
815 2293 1039 2353 reddere.
1058 2296 1168 2352 Deo
1180 2315 1271 2353 suo
1297 2308 1349 2352 ut
1369 2300 1617 2361 redderet,
1639 2297 1815 2352 forsan
1841 2293 2075 2351 Concin-

496 2380 635 2421 mus.

569 2438 776 2511 Sancta:
800 2441 1060 2511 religionis
1082 2439 1344 2494 restitutas.
1363 2438 1452 2494 Sic
1465 2448 1609 2493 recte
1622 2436 1896 2511 emendari
1921 2444 2070 2511 puto,

494 2522 615 2562 cum
642 2509 694 2563 in
730 2508 1017 2566 Parisiensi
1062 2512 1131 2565 sit
1153 2512 1406 2564 restituta.
1434 2511 1523 2565 Sic
1546 2511 1702 2571 intra,
1729 2524 1778 2563 c.
1805 2509 1891 2574 48,
1922 2510 2075 2578 hujus

497 2579 852 2634 benevolentia:
871 2594 1060 2637 nostra:
1077 2582 1294 2635 sanctio.
1320 2580 1496 2635 Utitur
1519 2589 1647 2634 aetas
1669 2594 1730 2633 ea
1754 2581 2076 2647 frequentis-

495 2649 631 2719 sime
651 2650 812 2705 etiam
842 2651 943 2706 hoc
992 2652 1170 2706 modo.
1204 2650 1389 2704 Posset
1420 2661 1596 2705 tamen
1629 2650 1808 2719 (sicui
1842 2650 2074 2704 brevitas

498 2717 612 2792 haec
637 2734 741 2774 non
769 2722 900 2776 satis
927 2720 1155 2792 placeat)
1202 2721 1323 2788 legi,
1358 2721 1463 2774 lucc
1496 2723 1592 2790 fuit
1626 2717 1930 2792 primaujtts
1954 2735 2077 2792 san-

495 2790 616 2856 ctio,
644 2794 889 2847 sanctitas
909 2788 1145 2863 religioni
1182 2792 1432 2845 restituta.
1466 2788 1576 2863 Cic.
1600 2788 1663 2863 ,ίι
1688 2790 1757 2845 de
1800 2788 1919 2863 Nat.
1947 2788 2077 2843 deo.

496 2875 637 2926 rum,
667 2875 716 2914 c.
740 2862 773 2915 4
808 2880 821 2914 :
856 2861 1112 2917 Sanctitas
1137 2873 1207 2916 est
1234 2863 1441 2915 scientia
1467 2861 1792 2916 colendorum
1827 2861 2076 2926 deorum;

500 2929 622 3002 Lit,
650 2945 699 2985 c.
731 2932 765 2985 2
796 2949 808 2983 :
838 2932 1062 2987 Deorum
1108 2932 1273 2987 cultus
1320 2944 1364 2985 et
1406 2933 1709 3002 religionum
1760 2934 2073 3002 sanctitates,

502 3000 683 3071 itidem
714 3003 1008 3071 conjunxit.
1036 3004 1202 3057 Immn
1233 3000 1538 3057 Lactantius
1562 3008 1674 3070 ipse
1698 3002 1947 3055 similiter
1976 3000 2077 3053 ini-

507 3071 583 3124 tio
607 3070 906 3128 divinarum
938 3075 1065 3128 Inst.
1095 3094 1106 3127 :
1140 3073 1240 3128 Per
1268 3090 1412 3141 quem
1434 3073 1583 3125 rebus
1614 3074 1849 3125 humanis
1870 3071 2077 3143 justitia

498 3151 546 3193 et
571 3144 816 3196 sanctitas
863 3147 1093 3199 restituta
1137 3154 1229 3199 est.
1260 3146 1444 3198 Eidem
1476 3154 1651 3197 sancta
1679 3143 1876 3212 religio,
1924 3142 2074 3195 homo

2103 1847 2150 1906 B

2161 549 2293 626 ctus,
2416 554 2544 626 xiv.
2573 553 2622 626 ς.
2673 539 2760 591 50.
2789 534 3032 621 Clesszn,
3064 550 3300 626 nanctus,
3340 539 3679 626 ᾆραξὰμενος.
3714 534 3782 589 ιη

2162 610 2435 664 veteribus
2464 609 2617 662 libris
2645 619 2922 676 comparet
2962 612 3123 664 etiam
3148 612 3287 676 apud
3310 609 3471 665 alios.

2237 676 2465 752 Nimium
2505 680 2738 752 territus:
2756 680 3026 752 Nimium,
3054 680 3102 733 id
3131 688 3233 746 est,
3264 682 3414 735 valde
3445 678 3602 752 ἄγαν.
3632 679 3780 752 bist.

2166 748 2305 821 υἷι),
2339 750 2373 821 Ι.
2396 764 2541 821 γνιο.
2665 769 2677 801 :
2702 750 2765 821 Si
2796 750 3006 802 nimium
3034 752 3108 821 pii
3132 752 3350 819 fuerint;
3372 752 3442 805 de
3467 748 3613 817 Opif.
3642 749 3781 813 Dei,

2162 832 2213 890 (ξ.
2237 818 2270 874 9
2300 837 2313 872 :
2345 818 2404 872 Si
2430 819 2627 889 aliquid
2645 820 2809 890 nimis
2855 818 3065 889 propius
3109 818 3420 885 admoveas;
3448 821 3538 876 ubi
3571 822 3781 890 legen-

2164 888 2481 965 d_um,nimio
2506 889 2736 965 propius.
2759 888 2987 965 Sic_I.iv.
3020 908 3035 945 ι
3066 909 3080 946 :
3117 890 3294 947 Nimio
3320 892 3460 965 plus,
3483 888 3649 964 quam
3674 907 3780 946 sa-

2166 960 2229 1013 tis
2251 968 2416 1014 tutum
2443 970 2565 1014 esset
2595 961 2801 1014 accolis.
2851 962 3034 1015 llorat.

2412 1072 2473 1123 Et
2498 1072 2674 1125 tollens
2692 1087 2891 1125 vacuum
2914 1075 3064 1124 nimio
3087 1074 3196 1139 plus
3216 1074 3372 1139 gloria
3391 1076 3675 1127 verticem.‘

2170 1178 2346 1305 llliimio
2392 1180 2583 1245 satius,
2613 1180 2749 1236 dixit
2804 1182 3054 1247 Plautus,
3083 1182 3308 1254 aliisque
3367 1198 3474 1238 non
3519 1182 3774 1238 dissimi-

2192 1266 2257 1305 ia.

2245 1321 2511 1388 Quaerebat
2535 1334 2799 1394 quatenus.
2829 1323 3110 1390 Quatenus,
3132 1322 3231 1394 illo
3271 1337 3410 1386 aevo,
3436 1324 3640 1394 smpius
3672 1338 3785 1378 no-

2172 1399 2245 1462 ta_t
2274 1392 2555 1461 quomodo.
2591 1392 2739 1448 Lact.
2787 1394 2898 1447 Div.
2929 1394 3098 1448 Instit.
3129 1393 3166 1447 1.
3214 1410 3267 1458 ι,
3297 1409 3415 1462 cap.
3445 1392 3562 1449 21‘:
3607 1392 3786 1447 Isidis

2172 1460 2424 1535 .(Egyptia
2438 1480 2585 1535 sacra
2608 1475 2744 1529 sunt,
2774 1474 3019 1533 quatenus
3049 1465 3213 1531 ﬁlium
3244 1460 3513 1535 parvulum
3544 1465 3627 1518 vel
3654 1481 3786 1533 per-

2170 1534 2376 1593 diderit,
2406 1534 2483 1587 vel
2526 1535 2797 1599 invenerit;
2820 1535 2867 1604 l.
2901 1550 2977 1597 IV,
3009 1549 3059 1590 c.
3101 1535 3169 1588 27
3215 1534 3251 1588 :'
3277 1534 3415 1591 Sciet
3446 1536 3533 1604 qui
3562 1535 3784 1600 viderit,

2169 1614 2417 1675 quatenus
2437 1605 2658 1670 abiurati
2685 1621 2774 1672 per
2800 1602 3057 1659 Christum
3084 1607 3148 1659 de
3183 1602 3486 1674 corporibus
3529 1607 3787 1675 fugiant;

2171 1672 2265 1727 lib.
2295 1688 2387 1747 vlt,
2417 1689 2465 1727 c.
2495 1675 2528 1729 6
2558 1691 2574 1731 :
2604 1675 2880 1743 Quatenus,
2913 1685 2999 1729 aut
3027 1672 3351 1745 quamobrem
3382 1672 3615 1730 homines
3646 1692 3786 1747 pro-

2170 1744 2343 1797 creati.

2251 1814 2321 1887 δε
2348 1830 2383 1887 tt
2410 1815 2634 1883 periculo
2672 1816 2993 1883 impendente
3020 1816 3256 1871 muniret.
3306 1816 3454 1872 Lact.
3500 1816 3784 1887 Epitom.,

2177 1899 2226 1957 c.
2257 1885 2320 1957 βε
2346 1885 2689 1957 Severissimis
2711 1887 2900 1957 legibus
2921 1888 3020 1940 vita
3041 1900 3214 1941 nostra
3239 1889 3502 1951 munitur;
3533 1885 3600 1940 de
3622 1886 3781 1956 Opif.

2180 1955 2439 2029 Deitcap.
2480 1960 2512 2010 4
2542 1973 2553 2008 :
2590 1956 2655 2010 Ut
2685 1955 2925 2029 adversus
2957 1960 3189 2011 nocentia
3239 1958 3574 2029 fragilitatem
3624 1955 3786 2011 suam

2176 2025 2428 2106 muniret;
2456 2041 2573 2097 cap.
2609 2030 2673 2084 I0
2700 2045 2713 2081 :
2744 2026 2811 2082 Ut
2845 2029 2979 2082 oculi
3021 2025 3508 2083 munitiores'essent
3534 2029 3597 2081 ab
3624 2029 3783 2100 inju-

2175 2112 2273 2149 για.

2249 2167 2463 2221 Severus
2485 2169 2682 2222 interim
2699 2168 2858 2223 vadit.
2873 2168 3061 2224 Oratio
3080 2169 3197 2224 haec
3207 2170 3489 2238 elegantia:
3511 2169 3787 2224 Firmiani

2176 2240 2342 2292 nostri
2372 2240 2547 2294 minus
2574 2240 2898 2307 reSpondere
2928 2240 3158 2299 videtur.
3189 2241 3408 2295 Severus
3434 2240 3599 2304 vadit,
3631 2249 3681 2293 et
3710 2238 3785 2293 ad

2176 2322 2344 2363 muros
2383 2310 2592 2363 accedit.
2638 2310 2881 2364 Arbitror
2909 2311 3247 2365 scribendum
3274 2328 3290 2363 :
3320 2312 3540 2366 Severus
3566 2312 3786 2365 interim

2178 2378 2387 2433 Italiam
2424 2381 2634 2434 invadit.
2661 2379 2767 2434 Nec
2793 2381 2976 2447 ofﬁcit,
3028 2382 3184 2450 paulo
3205 2393 3325 2449 post
3351 2380 3449 2434 bas
3490 2396 3661 2437 voces
3693 2396 3787 2436 re-

2178 2450 2304 2519 peti,
2347 2451 2595 2504 nimirum
2648 2451 2822 2518 capite
2866 2452 3129 2519 proximo.
3170 2452 3435 2507 Videmus
3470 2450 3618 2506 enim
3669 2451 3785 2505 La-

2175 2522 2430 2575 ctantium
2477 2520 2814 2589 frequentare
2839 2533 3121 2579 consuetas
3150 2522 3439 2577 verborum
3480 2522 3779 2588 formulas,

2175 2590 2434 2715 gttgthat
2469 2591 2557 2647 ubi
2581 2595 2682 2647 hoc
2713 2592 2832 2648 sine
2851 2592 3140 2664 legentium
3171 2593 3332 2648 taedio
3359 2592 3478 2648 ﬁeri
3504 2607 3671 2664 posse
3698 2593 3786 2649 vi-

2214 2676 2241 2715 e
2286 2679 2309 2712 a
2339 2677 2425 2715 ur.

2214 2672 2425 2716 CDflllll'.

2258 2730 2545 2805 Vestemque
2586 2743 2633 2787 et
2663 2750 2958 2805 purpuram.
3011 2733 3094 2790 An
3118 2743 3202 2789 est
3229 2732 3280 2788 ἓν
3307 2732 3393 2790 διὰ
3416 2733 3606 2790 δυοῖνῖ
3637 2734 3783 2789 Cre-

2175 2800 2402 2856 diderim
2430 2800 2624 2872 potius,
2653 2800 2704 2859 et
2752 2800 3061 2859 interiorem
3090 2813 3320 2868 vestem.
3348 2813 3405 2859 et
3436 2806 3786 2861 exteriorem

2179 2872 2419 2942 intelligi,
2452 2888 2574 2929 cum
2622 2876 2672 2928 in
2696 2885 2920 2944 utraque
2947 2874 3244 2945 majestatis
3273 2875 3646 2946 imperatoria:
3678 2876 3784 2932 ali-

2177 2958 2277 3014 qua
2302 2946 2581 3000 extiterint
2606 2946 2852 3013 insignia.

2248 3014 2322 3067 Ab
2350 3017 2443 3069 hoc
2466 3016 2630 3084 capite
2655 3032 2779 3087 suos
2799 3014 3232 3087 persequi.Verba
3253 3016 3370 3087 hmc
3397 3015 3587 3071 mutila
3610 3032 3789 3087 quor-

2178 3100 2294 3139 sum
2341 3096 2587 3156 spectent
2617 3129 2631 3151 ,
2679 3085 2897 3142 difficile
2945 3087 3293 3155 pronuntiatu
3342 3086 3586 3142 fatentur
3611 3085 3785 3143 etiam

2177 3156 2277 3210 viri
2322 3155 2637 3211 doctissimi.
2684 3157 2938 3226 Suspicor
2982 3158 3173 3213 leviter
3240 3159 3425 3214 dicere
3493 3168 3787 3214 auctorem

500 3224 730 3297 sanctum
772 3216 966 3271 animal
996 3258 1011 3283 ,
1040 3228 1229 3271 sancta:
1255 3217 1434 3271 litterte
1464 3224 1518 3269 et
1561 3213 1775 3279 similia,
1808 3214 1939 3267 satis
1958 3226 2077 3267 cre-
2102 3218 2147 3281 C
2183 3227 2340 3295 huius
2377 3228 2583 3295 scripti,
2614 3228 2750 3281 Μαι,
2784 3213 3057 3283 Caterium
3104 3243 3131 3279 η
3170 3226 3375 3283 severo
3404 3213 3553 3283 suos
3591 3213 3788 3297 perge;

502 3281 618 3337 bra.

1000 3401 1065 3458 IN
1104 3400 1183 3456 CA
1199 3401 1329 3457 PUT
1369 3399 1537 3456 XXV.

573 3515 827 3573 Laurento
876 3520 1043 3590 imago
1069 3522 1201 3591 ejus.
1250 3517 1521 3586 Multiplex
1560 3515 1657 3569 fuit
1708 3516 2075 3591 laureatarum,

502 3601 615 3653 seu,
638 3598 692 3644 ut
725 3600 905 3659 postea
934 3586 1266 3651 dicebantur,
1293 3591 1611 3659 lauratarum
1638 3601 1762 3659 usus
1787 3605 1800 3641 :
1830 3586 1923 3641 sed
1945 3602 2080 3655 pra:-

502 3658 689 3729 cipuus
716 3656 766 3714 in
801 3662 1181 3731 imperatorum
1206 3656 2076 3731 ignaugurnlionibus.Statimenim

502 3727 659 3800 atque
680 3727 957 3800 augustam
984 3739 1139 3786 erant
1165 3730 1343 3799 adepti
1372 3728 1707 3800 dignitatem,
1733 3727 2081 3800 mittebantur

505 3798 892 3869 in'provincias
918 3816 1106 3856 eorum
1161 3798 1372 3862 statum,
1418 3800 1470 3853 in
1520 3798 1728 3869 signum
1760 3798 1968 3865 adepta:
1995 3799 2079 3852 di-

502 3868 743 3940 gnitatis,
779 3882 834 3924 et
861 3882 971 3926 uta
1004 3870 1213 3940 populis
1250 3868 2078 3940 exciperentur.Pliilnsto‘rgius,

506 3937 541 3991 Ι.
580 3955 676 4001 XII,
705 3956 753 3994 c.
787 3942 892 3995 10:
926 3944 983 3997 Ai
1006 3937 1172 3997 ὂὶ-τοῦ
1200 3942 1541 3995 Raucae/rivo?)
1561 3938 1759 4003 εἰκόνες,
1792 3943 1860 4000 ὡς
1890 3937 2000 3998 ἔθος
2024 3938 2083 3998 ἧν

504 4017 613 4069 τοῖς
638 4008 757 4087 ἄρτι
784 4013 1116 4087 τπαριλθᾳῦσιν
1170 4012 1239 4087 sic
1260 4011 1515 4087 βαςίλειαν
1560 4012 1799 4087 πράττειν
1819 4052 1834 4075 ,
1859 4012 2081 4087 ἀναπέμ-

505 4080 683 4135 ποπαὶ
705 4085 833 4159 «pg;
860 4080 958 4141 ’τήν
984 4083 1128 4159 ἑῴαν.
1173 4080 1446 4159 Ibit-clere
1482 4091 1537 4136 et
1563 4080 1711 4159 plura
1744 4083 1802 4159 _in
1834 4080 2081 4159 eumdem

505 4151 1032 4223 sensuin'Ducange'
1074 4154 1125 4207 in
1177 4151 1490 4207 doctissimo
1534 4152 1833 4221 glossario,
1890 4152 2083 4223 quibus

505 4220 743 4301 pluscula
774 4222 897 4277 addi
946 4220 1163 4292 possent
1206 4236 1272 4276 ex
1316 4223 1453 4290 aliis,
1486 4220 1717 4279 si’foret
1762 4220 1921 4293 Opus.
1957 4222 2084 4276 \‘ide

507 4289 641 4344 Infra
672 4292 738 4346 ad
784 4309 835 4348 c.
881 4294 971 4348 42.

507 4304 641 4344 Intra
672 4304 738 4346 aa
784 4309 835 4348 c.
881 4304 971 4349 42.

583 4360 820 4438 Turbata:
844 4367 1065 4420 rationes
1084 4370 1215 4438 ejus.
1242 4364 1557 4438 Rationibus
1588 4361 1818 4438 turbatis
1838 4376 1933 4416 seu
1959 4375 2087 4438 con-

2178 3299 2373 3370 quendi
2405 3297 2597 3370 fecisse
2627 3298 3005 3370 initium,_sive
3058 3310 3218 3369 caput
3249 3313 3346 3370 pro
3395 3298 3639 3368 homine,
3665 3301 3789 3356 sive

2180 3383 2277 3439 pro
2306 3369 2457 3424 initio
2477 3368 2727 3439 accipias.
2758 3369 2832 3424 Ita
2856 3368 3011 3424 Ovid.
3036 3387 3050 3423 :

2301 3481 2438 3532 Hane
2461 3495 2559 3544 ego
2578 3483 2869 3547 suspiciens,
2894 3487 2947 3531 et
2968 3482 3030 3531 ab
3054 3482 3145 3531 hac
3166 3480 3398 3545 Capitolia
3416 3493 3655 3533 cernens.

2177 3582 2359 3649 Curl.,
2391 3584 2428 3637 1.
2460 3599 2511 3649 v,
2538 3599 2588 3637 ιτ.
2615 3584 2650 3638 2
2684 3602 2697 3638 :
2740 3583 2887 3655 Post_
2906 3585 2998 3639 ltos
3027 3583 3339 3654 Antigonus,
3379 3593 3426 3637 et
3451 3585 3603 3655 abeo
3642 3583 3789 3655 Lyn—

2178 3664 2333 3708 cestes
2383 3655 2627 3725 Amyntas
2681 3656 2797 3725 fuit.
2848 3653 3057 3725 Florus.
3092 3654 3130 3708 I.
3157 3653 3243 3718 tu,
3274 3669 3324 3708 c.
3358 3655 3464 3709 18:
3498 3653 3568 3708 Ut
3599 3653 3790 3709 victria:

2181 3725 2317 3779 Asia:
2345 3723 2715 3797 Europwquea
2743 3724 2968 3794 Corﬁnio
2992 3723 3157 3780 Roma
3186 3734 3459 3796 peteretur.
3492 3727 3563 3781 Et
3583 3728 3668 3782 sic
3693 3726 3788 3782 alii

2184 3810 2289 3850 11011
2331 3810 2475 3852 raro.

2682 3887 2745 3942 IN
2788 3885 3013 3944 CAPUT
3040 3885 3258 3943 XXVII.

2259 3997 2393 4053 Urbe
2422 3998 2640 4063 munita,
2672 4007 2717 4054 et
2744 4000 2892 4053 rebus
2916 3999 3092 4067 ereptis
3120 3998 3362 4054 inimicis.
3408 3998 3537 4054 Mihi
3566 3998 3789 4055 videtur

2185 4068 2369 4133 fuisse,
2423 4071 2547 4124 urbe
2597 4072 2810 4135 munita,
2840 4080 2884 4124 et
2927 4071 3074 4124 rebus
3117 4070 3292 4139 ereptis
3318 4071 3528 4123 inimica
3552 4071 3787 4137 reddita,

2183 4139 2372 4210 bellum
2422 4141 2687 4210 diligenter
2734 4142 3007 4207 instruens,
3036 4141 3087 4193 in
3137 4138 3365 4193 Galliam
3414 4141 3785 4210 proﬁciscitur.

2187 4209 2358 4281 Rebus
2378 4209 2571 4279 coeptis.
2602 4225 2631 4263 a
2656 4211 2857 4265 Severo
2885 4221 3029 4281 puta,
3046 4226 3108 4264 ac
3130 4211 3311 4265 occiso
3339 4209 3432 4266 illo
3457 4226 3486 4264 a
3519 4210 3745 4267 Galerio
3770 4231 3783 4266 :

2188 4280 2271 4336 his
2318 4282 2500 4345 rebus,
2522 4281 2572 4334 id
2605 4292 2709 4346 est,
2743 4281 3107 4336 molitionibus
3130 4280 3404 4335 inimicam
3437 4282 3629 4335 urbem
3661 4283 3787 4338 red-

2185 4350 2338 4423 didit.
2375 4352 2637 4406 Instruerc
2663 4361 2915 4407 certamen
2960 4351 3128 4408 habes
3169 4352 3332 4406 etiam
3376 4352 3522 4423 apud
3544 4352 3783 4409 Lactan-

507 4421 1350 4506 turbatis,Opponuntur'liquidae
1372 4444 1425 4489 et
1453 4433 1854 4506 expeditreigsm
1885 4432 2089 4506 turbare
2188 4421 2342 4506 lium.
2373 4423 2408 4505 Ι..
2443 4438 2517 4505 vi.
2550 4436 2597 4477 c.

506 4518 733 4579 censum,
764 4506 966 4579 turbare
992 4504 1283 4579 peregrinas
1300 4504 1708 4579 Adeliciastapud
1733 4504 2082 4579 Petronium;

2261 4492 2596 4563 Dimissisque
2614 4494 2821 4548 animis.
2843 4494 3052 4563 Aptius,
3081 4501 3140 4547 ut
3160 4502 3309 4562 pulo,
3340 4493 3602 4550 demissis.

506 4574 575 4650 de
600 4561 793 4650 quibus
835 4578 954 4650 vide
992 4561 1234 4633 Creiiov.
1289 4561 1737 4650 Observ.'3,'_ll.
1778 4573 1889 4650 Nisi
1922 4561 2073 4650 mavii

2261 4561 2536 4650 Prgmissis
2573 4565 2861 4650 ingentibus
2895 4561 3675 4650 felix.an.imus..§criben.dutn
3703 4575 3789 4622 est

509 4643 621 4699 huic
652 4649 717 4719 ad
767 4648 1002 4703 turbatas
1024 4663 1263 4719 agrorum
1291 4648 1514 4719 rationes
1543 4644 1776 4719 referre,
1801 4645 1868 4699 de
1890 4645 2083 4719 quibus

506 4718 728 4785 agrariae
761 4722 836 4772 rei
886 4715 1210 4785 scriptores,
1237 4726 1294 4773 et
1344 4718 1409 4770 ad
1463 4730 1558 4771 eos
1587 4715 1848 4786 Rigaltius
1876 4726 1927 4771 et
1959 4716 2087 4771 Gus-

507 4788 638 4853 sius,
674 4790 769 4843 viri
795 4790 1110 4843 doctissimi.

578 4858 685 4911 Sed
708 4860 840 4913 illud
869 4861 1189 4930 excogitavit.
1214 4857 1526 4930 Lactantius
1544 4856 1612 4930 de
1640 4855 1781 4930 Opif.
1803 4858 1917 4930 Dei,
1940 4871 1989 4912 c.
2004 4857 2047 4930 75
2071 4873 2084 4910 :

508 4928 645 4995 Quid
665 4930 799 4984 enim
829 4928 1129 5002 excogitabit
1158 4932 1182 4984 ?
1211 4929 1332 5000 quid
1360 4929 1510 4997 faciet
1535 4929 1560 4983 Ρ
1596 4929 1717 4997 quid
1745 4929 2018 4984 molietur?

1032 5044 1099 5099 IN
1136 5042 1364 5099 CAPUT
1403 5042 1598 5098 XXVI.

580 5136 761 5190 Orbem
790 5146 937 5191 terra
961 5136 1218 5190 devorare.
1249 5135 1519 5204 lnterpres
1553 5133 1726 5190 Esaim
1753 5145 1926 5201 vetus,
1959 5150 2079 5203 cap.

504 5206 596 5269 24.
639 5223 689 5261 ν.
719 5208 753 5261 6
782 5224 795 5261 :
847 5205 1066 5274 Propter
1090 5209 1184 5259 ltoc
1210 5207 1497 5260 maledictio
1527 5207 1719 5260 vorabit
1747 5218 1957 5261 terram.
1986 5205 2087 5260 La-

505 5287 693 5343 ctant.,
725 5293 820 5341 vlt,
852 5294 900 5331 c.
936 5278 1002 5331 16
1038 5296 1050 5331 :
1085 5275 1391 5343 Disprrdeut
1419 5278 1611 5340 omnia,
1653 5286 1699 5330 et
1727 5278 2085 5341 comminuent,

505 5358 552 5401 et
577 5349 907 5402 decorabant.
942 5350 1115 5416 Atque
1161 5349 1240 5403 sic
1291 5350 1451 5402 etiam
1488 5348 1777 5414 Epitomes,
1804 5363 1853 5402 c.
1883 5348 1970 5413 11,
2006 5348 2088 5402 bis

507 5418 757 5487 loquitur,
796 5428 855 5473 ut
876 5433 1015 5473 nunc
1035 5422 1353 5473 vetustiores
1378 5419 1638 5471 omittam.

579 5486 928 5546 Describerent
976 5491 1185 5556 plebem.
1238 5490 1501 5553 Lactant.,
1558 5487 1685 5544 Inst.
1733 5486 1768 5541 I.
1817 5502 1854 5551 t,
1886 5500 1935 5541 c.
1968 5486 2084 5544 22:

506 5557 643 5613 Deos
662 5577 751 5629 per
776 5561 1001 5631 familias
1023 5560 1303 5628 descripsit.
1337 5557 1751 5631 Usilatissimum
1774 5558 1995 5631 verbum
2022 5560 2089 5616 de

506 5628 689 5691 censu,
738 5628 827 5685 aut
870 5632 1205 5695 censitione;
1252 5630 1521 5700 quomodo
1569 5636 1627 5683 et
1676 5631 1816 5699 apud
1846 5628 2086 5697 Graecos,

509 5701 775 5778 ἀπεγραφή
794 5713 849 5758 et
862 5706 1204 5778 pistor/pimus.

635 5770 1025 5842 pportunitatetii
1052 5770 1205 5826 nacti.
1239 5770 1450 5836 Nancti,
1478 5771 1618 5842 quod
1658 5780 1744 5826 est
1773 5770 1833 5842 ini
1851 5771 2089 5842 editione

524 5832 829 5906 Parisiensi,
862 5841 1059 5897 nollem
1090 5849 1371 5897 mutatum.
1412 5832 1585 5911 Atque
1606 5842 1684 5898 sic
1728 5842 1782 5898 in
1814 5841 1964 5898 Livio
1989 5841 2088 5897 do~

2190 4647 2311 4689 cum
2341 4634 2557 4688 Baluzio
2584 4653 2599 4689 :
2631 4636 2797 4689 Donec
2825 4635 3084 4699 promissis
3109 4636 3398 4704 ingentibus
3419 4637 3568 4705 ﬂexit
3586 4638 3787 4692 animos

2188 4719 2404 4778 eorum;
2427 4715 2546 4778 aut,
2573 4705 2715 4778 quod
2743 4720 2843 4774 ego
2872 4705 3053 4778 malim
3070 4746 3083 4771 ,
3110 4705 3268 4757 donec
3308 4707 3577 4773 promissis
3607 4709 3788 4778 ingen-

2187 4774 2320 4831 tibus
2342 4776 2491 4845 ﬂexis
2516 4777 2697 4830 animis
2723 4777 3078 4845 quorumdam,
3100 4784 3235 4845 retro
3267 4778 3416 4845 signa
3440 4774 3713 4831 convertit.

2264 4844 2370 4901 Sed
2398 4846 2632 4900 Daciunt.
2662 4844 3035 4901 InParisiensi
3076 4844 3437 4901 editioneluit
3486 4848 3786 4914 Daciscum,

2191 4918 2333 4988 quod
2368 4932 2472 4971 non
2504 4925 2705 4973 temere
2727 4918 2883 4971 velim
2911 4925 3192 4988 mutatum.
3215 4916 3347 4970 Nam
3377 4915 3655 4983 Daciscos,
3690 4933 3788 4987 pro

2197 4986 2371 5049 Dacis,
2408 4988 2571 5042 babes
2613 4990 2775 5043 etiam
2826 4987 2964 5055 apud
3013 4986 3302 5057 Vopiscum
3350 4990 3403 5042 in
3460 4986 3783 5057 Aureliano,

2193 5072 2243 5113 c.
2273 5059 2341 5115 38
2363 5068 2602 5114 extremo
2626 5074 2641 5122 ;
2672 5054 2942 5129 quomodo
2966 5072 3059 5129 eos
3076 5054 3131 5111 et
3157 5054 3471 5129 Hunniscos,
3494 5054 3785 5126 Teotiscos,

2200 5130 2503 5195 Mauriscos,
2533 5128 2733 5186 dixisse
2759 5128 2918 5183 docet
2945 5128 3264 5183 Salmasius.

2694 5240 2760 5296 IN
2798 5238 3024 5295 CAPUT
3063 5237 3301 5297 XXVIII.

2267 5338 2614 5394 Maximianus
2654 5337 2803 5388 alter.
2845 5331 3150 5396 Herculius,
3182 5332 3272 5400 qui
3305 5341 3362 5387 ut
3383 5349 3573 5403 supra,
3609 5350 3663 5391 c.
3691 5337 3784 5400 26,

2192 5412 2413 5474 dietum,
2435 5415 2767 5476 resumptum
2796 5404 3075 5474 imperium
3102 5417 3389 5459 commune
3411 5404 3650 5462 habebat
3662 5424 3785 5465 cum

2195 5481 2464 5538 Maxentio
2491 5478 2620 5531 lilio.

2266 5551 2559 5616 Principem
2579 5545 2943 5599 calamitatum.
2969 5544 3060 5599 Sic
3086 5546 3323 5614 princeps
3351 5546 3668 5615 religionum
3690 5550 3788 5603 Ju-

2194 5633 2354 5692 piter,
2380 5621 2495 5674 Div.
2525 5616 2696 5692 Instit.
2727 5616 2764 5669 1.
2790 5631 2838 5678 t,
2877 5631 2927 5669 c.
2949 5616 3015 5670 ‘21
3050 5624 3122 5692 et_
3154 5616 3348 5692 ibidem
3368 5659 3382 5682 ,
3413 5619 3679 5692 principes
3706 5624 3786 5674 in-

2193 5687 2452 5764 telligendi
2504 5688 2677 5764 divina
2727 5687 3351 5764 curetes;__pytlt_agorici,
3414 5687 3596 5764 stoici,
3654 5693 3789 5763 peri-

2193 5757 2424 5837 patetici,
2465 5760 2719 5837 principes
2744 5760 2909 5837 omnis
2935 5758 3242 5837 disciplinas,
3335 5773 3393 5823 It,
3422 5771 3472 5837 (ξ.
3506 5760 3561 5813 8.

2264 5826 2419 5902 Quas
2452 5826 2737 5902 respublica
2777 5826 3075 5885 sustineret.
3099 5828 3215 5885 Div.
3267 5826 3395 5887 Inst.
3433 5829 3470 5885 I.
3511 5845 3602 5897 νι,
3629 5848 3681 5891 c.
3712 5834 3746 5889 8
3774 5851 3789 5887 :
