3952 6340
206 346 326 407 475

1456 348 1664 408 NOTAE
1703 348 1770 406 lN
1806 343 2269 408 LAC’I‘ANTIUM.

3407 348 3519 409 ιιι

214 470 341 517 est:
374 460 496 533 vide
521 459 874 533 Scaligerum,
907 460 1203 531 Petavium,
1230 462 1810 532 Bucberium,0nuph-
1840 468 1894 527 Α
1919 465 2063 520 milia
2093 482 2158 522 ex
2192 463 2396 522 Rutilio
2424 471 2477 524 et
2515 464 2718 525 Seneca
2770 466 3023 523 observat
3061 466 3356 525 Livineius.
3407 467 3516 521 Ne-

214 536 388 607 riurn,
415 532 700 607 Langium,
725 532 1186 607 Citristmanuum,
1222 534 1328 607 Th.
1360 535 1550 607 Lydiat
1573 538 1625 590 et
1654 536 1809 591 alios.

297 603 726 659 Procetla'nnbis.
758 604 885 660 Plus
896 606 1046 673 dicit,
1068 621 1227 673 quam
1251 606 1304 660 in
1326 603 1475 661 saera
1497 607 1773 674 Scriptura
1795 623 1812 672 ;

215 674 297 749 ibi
321 676 465 749 enim
493 683 699 749 tantum
724 676 922 749 νεφέλης
963 679 1185 740 mentio,
1230 686 1285 733 et
1330 678 1530 749 ablatio
1569 679 1688 749 ipsa
1722 691 1817 731 ex-

165 771 179 779 ο
214 746 474 823 primitur
500 747 742 823 ᾲγιλήφθη
768 745 839 823 sic
865 749 951 823 ςὸν
979 748 1186 823 οὐρανὸν
1215 763 1242 823 :_
1282 762 1402 815 qua!
1440 745 1692 823 loquendi
1723 762 1815 823 ra_-

215 816 300 889 t_io
337 816 929 889 procellam'excludit
969 816 1160 889 plane,
1209 816 1473 888 docetque
1513 816 1717 889 placide
1760 816 1811 874 J.

216 885 499 942 Christum
522 888 587 941 Ι).
608 887 671 943 Ν.
706 886 759 942 in
786 885 984 943 caelum
1020 887 1288 945 sublatum
1316 885 1457 945 esse.

297 957 487 1013 Petrus
510 957 724 1013 Romam
747 958 968 1013 advenit.
1016 959 1201 1014 Tradit
1244 961 1347 1015 hoc
1385 958 1545 1014 etiam
1590 958 1818 1014 Lactan-

220 1028 332 1100 tius
359 1045 416 1084 iv
446 1030 677 1100 Institut.
701 1029 766 1084 21
811 1048 823 1083 :
881 1028 1140 1084 Miracnla
1165 1040 1344 1086 autem
1366 1031 1659 1100 respiciunt
1691 1046 1816 1097 pro-

218 1099 310 1154 cul
339 1099 505 1155 dubio
530 1099 792 1173 fabulam,
811 1117 929 1173 qua:
952 1100 1121 1157 fertur
1147 1103 1213 1155 de
1233 1099 1653 1172 Simonemago,
1677 1117 1816 1173 qua:-

220 1186 326 1240 que
355 1182 605 1226 narratur
632 1172 870 1228 Arnobio
896 1181 952 1225 et
978 1172 1117 1228 aliis.

295 1243 373 1295 Ac
410 1242 611 1297 stabile.
673 1241 730 1296 ld
756 1253 881 1309 est,
922 1241 1167 1309 firmum,
1215 1241 1549 1297 duraturum.
1624 1240 1713 1298 Sic
1760 1242 1813 1298 in

219 1313 462 1383 nummis
487 1313 742 1378 occurrit,
771 1329 976 1369 TELLUS
994 1357 1008 1379 ,
1036 1314 1121 1368 vel
1148 1330 1322 1369 TEREA
1348 1329 1643 1378 summu,
1675 1313 1817 1383 apud

220 1382 542 1454 Erizzump.
561 1384 687 1443 586.
703 1399 809 1451 quo
830 1384 1156 1454 signiﬁcatur
1181 1385 1363 1454 procul
1389 1385 1571 1448 dubio,
1594 1382 1817 1455 impera-

218 1463 369 1508 tores
389 1470 580 1525 pacem
620 1455 930 1511 duraturam
973 1468 1027 1511 et
1061 1456 1272 1511 lirmam
1304 1455 1517 1511 dedisse
1554 1454 1683 1510 orbi
1710 1464 1818 1510 ter-

220 1540 431 1581 rarum.

288 1596 500 1650 Acultu
540 1596 817 1665 idolorum.
860 1596 975 1652 Hoc
1025 1596 1337 1652 Laclantius
1382 1605 1435 1650 ut
1478 1594 1819 1651 Christianus

213 1666 496 1735 loquitur;
545 1678 666 1722 na‘m
710 1669 921 1723 Ethnici
949 1667 1197 1725 dicebant
1232 1668 1426 1722 cultum
1454 1667 1683 1722 deorum.
1734 1668 1821 1723 ln-

211 1738 441 1807 scriptio
460 1738 606 1811 apud
628 1739 948 1795 Gruterum:

772 1857 1108 1899 DIOCLBTIAN.
1139 1855 1293 1897 CASS.

724 1929 846 1969 AUC.
878 1929 1124 1970 GALBHIO.
1169 1929 1220 1967 IN
1245 1926 1335 1967 οιιι

730 2001 885 2040 ENTE.
928 2000 1119 2040 ADOP'I‘.
1164 1998 1333 2039 SUPER

290 2084 330 2125 ε
771 2071 1036 2111 S'I'I'I‘IONB.
1077 2070 1286 2110 CHRIST.

674 2142 814 2191 νιιιρ.
842 2142 1073 2182 omen.
1115 2142 1206 2183 nr.
1244 2140 1346 2180 cur.

688 2214 780 2253 τυ.
822 2215 981 2253 DEOR.
1009 2210 1337 2254 PROPAGA'I'O.

213 2290 399 2355 thue
445 2304 513 2345 ex
541 2290 838 2346 innumeris
880 2300 986 2344 tam
1020 2291 1243 2349 Cra-cis.
1280 2302 1438 2357 quam
1459 2286 1664 2343 Latinis
1692 2302 1820 2345 auc-

212 2361 452 2424 toribus.
501 2377 713 2415 necnon
745 2378 809 2415 ex
836 2361 1231 2433 martyrologiis
1252 2369 1305 2413 et
1338 2359 1485 2413 Actis
1522 2368 1815 2433 martyrum

214 2442 389 2500 patet,
413 2433 660 2489 Gentiles
684 2441 891 2487 statuas
914 2430 1045 2489 deos
1066 2430 1514 2503 repraesentantes
1536 2430 1673 2502 ipsis
1689 2430 1819 2485 deo-

212 2518 336 2557 rum
370 2504 683 2559 nominibus
709 2503 1083 2572 designabant.

289 2575 374 2628 Ad
396 2575 695 2644 religionem
720 2570 919 2628 novam.
964 2574 1033 2629 Et
1063 2574 1166 2629 hoc
1184 2579 1288 2635 est,
1336 2570 1477 2640 quod
1518 2571 1812 2640 objicieba-

216 2655 307 2699 tur
330 2646 590 2700 continuo
615 2644 961 2709 Christianis,
1011 2647 1085 2699 uti
1133 2653 1280 2714 patet
1297 2644 1431 2714 satis
1456 2658 1723 2714 superque
1749 2659 1816 2698 ex

214 2717 427 2771 Arnob.
462 2716 555 2771 lib.
584 2731 601 2770 t
634 2730 754 2785 pag.
785 2718 877 2781 55,
915 2716 1007 2771 lib.
1036 2732 1071 2770 ιι
1104 2713 1221 2783 pag.
1243 2713 1432 2785 92.93
1466 2723 1521 2766 et
1548 2713 1640 2779 94,
1668 2714 1818 2770 aliis-

214 2804 342 2855 que.
393 2786 525 2843 lmle
556 2783 904 2855 Asclepiades
943 2786 1154 2852 gentilis
1184 2783 1322 2854 apud
1349 2784 1608 2838 Prndent.
1657 2785 1812 2852 ilym.

216 2859 441 2935 ιολπςρὶ
476 2869 618 2935 mp.
654 2857 873 2935 vs._580
901 2858 1072 2935 primo
1112 2859 1359 2935 reis-brat
1386 2870 1547 2935 sacra
1594 2864 1813 2935 uetusta,

216 2882 286 2915 Ἰυ
315 2882 441 2935 περι
476 2882 562 2915 ὶτι
606 2899 618 2911 .
654 2882 733 2911 γε.
768 2882 873 2913 ε)ου
901 2882 1072 2926 primu
1112 2882 1351 2912 l'UIcurau.
1398 2882 1547 2908 atwru
1594 2882 1813 2925 vesulus,

213 2940 268 2983 et
290 2930 419 2984 inde
442 2882 696 2984 noveTlunt
719 2928 904 2999 dogma
941 2926 1526 2999 Christianis‘objicit;
1570 2933 1625 2979 et
1662 2927 1818 2981 Baro-

215 3000 365 3054 nium
405 3011 622 3055 secutus
662 2996 824 3055 Trist.
873 3009 1068 3065 tom.t,
1116 3014 1234 3068 pag.
1265 2996 1392 3060 698,
1436 3011 1532 3066 per
1559 3012 1743 3068 pueros
1769 3008 1817 3053 et

215 3071 418 3140 puellas
454 3087 702 3125 novorum
747 3071 1009 3124 hominum
1046 3067 1204 3140 apud
1228 3069 1456 3140 Capitol.
1505 3068 1557 3121 in
1587 3067 1653 3121 Μ.
1684 3068 1810 3123 Ant.

216 3139 564 3212 philosopho,
607 3141 853 3211 intelligit
904 3154 1100 3212 pueros
1136 3139 1598 3212 ChriStianortrmA:
1649 3153 1818 3212 quau-

212 3227 375 3281 quam
427 3209 527 3284 ego
575 3209 925 3277 existimem,
990 3211 1365 3268 Casaubonum
1395 3220 1452 3267 et
1490 3209 1811 3266 Salmasium

210 3285 429 3339 veriora
453 3284 688 3339 tradere.

287 3353 505 3409 Primus
533 3357 779 3409 omnium.
840 3353 952 3408 Hoc
992 3368 1100 3407 uno
1128 3367 1223 3408 ore
1247 3359 1467 3407 narrant
1494 3364 1718 3416 omnes;
1750 3360 1806 3409 et

211 3439 523 3494 quanquam
555 3442 584 3479 a
609 3425 836 3481 Claudio
862 3424 1155 3479 Christiani
1186 3422 1467 3477 videantur
1515 3422 1653 3494 male
1696 3425 1802 3494 ha-

209 3496 331 3557 biti,
364 3492 471 3550 non
494 3511 651 3551 secus
680 3511 743 3551 ac
761 3494 951 3561 Jndtei,
984 3510 1211 3562 quorum
1236 3494 1451 3548 nomine
1487 3493 1671 3561 primis
1694 3492 1802 3547 Ec.
1868 3536 1875 3547 .

208 3568 396 3622 etesia:
459 3568 730 3622 nascentis
782 3566 1114 3636 temporibus
1168 3565 1329 3619 etiam
1376 3563 1461 3636 _ill_i
1505 3563 1805 3636 veniebant

210 3639 400 3709 (quam
431 3638 484 3692 in
515 3654 628 3694 rem
662 3646 809 3693 extat
833 3634 983 3690 locus
1012 3636 1228 3705 elegans
1254 3634 1393 3705 apud
1424 3634 1575 3709 Sulp.
1608 3635 1800 3690 Sever.

206 3707 268 3769 tt.
285 3708 383 3781 99)
406 3724 512 3763 non
532 3717 910 3781 tamenmotus
927 3708 1014 3781 ille
1035 3709 1176 3781 itner
1199 3707 1597 3781 persecutiones
1615 3719 1803 3781 nume-

207 3775 372 3835 ratus
384 3791 488 3834 est.
546 3780 825 3833 Claudium
848 3779 1061 3833 Judreos
1082 3778 1250 3831 Roma
1267 3777 1494 3847 jnssisse
1514 3775 1800 3842 excedere,

208 3851 375 3905 tradit
408 3851 468 3905 Β.
497 3850 671 3905 Lucas
698 3853 750 3905 in
782 3851 1023 3920 Apostol.
1058 3849 1244 3911 Actis;
1274 3846 1347 3900 ac
1395 3847 1461 3920 de
1503 3846 1694 3920 eadem
1742 3862 1803 3903 re

206 3922 279 3976 ita
312 3922 554 3991 loquitur
583 3922 807 3976 Sueton.
832 3917 886 3975 ὸ.
914 3921 985 3975 24
1008 3938 1021 3974 :
1048 3918 1568 3991 Judwos‘impul‘sore
1592 3917 1801 3973 Chresto

206 3986 420 4046 assidue
446 3992 815 4047 tumultuantes
838 3992 1002 4047 Ronta
1020 3991 1235 4060 expulit.
1265 3986 1370 4042 Per
1390 3986 1654 4060 Chrestum
1680 4003 1804 4055 pro-

208 4066 295 4119 cul
331 4063 498 4117 dubio
521 4063 778 4118 Christum
807 4064 867 4117 D.
895 4062 959 4116 N.
985 4062 1253 4130 intelligit.
1287 4074 1518 4127 eumque
1544 4059 1614 4130 ita
1637 4072 1801 4112 voca-

211 4134 364 4198 bant,
409 4135 532 4203 quia
564 4133 804 4189 Chrestus
840 4142 956 4187 erat
994 4129 1187 4185 nomen
1228 4130 1485 4203 Romanis
1524 4129 1798 4203 usitatum,

208 4207 284 4258 nti
308 4221 375 4261 ex
402 4200 859 4273 inscriptionibus,
892 4213 947 4258 et
972 4203 1083 4258 Cic.
1128 4218 1164 4256 ιι
1195 4201 1260 4255 ad
1302 4200 1479 4265 Fam.,
1520 4201 1574 4263 8,
1618 4209 1798 4269 patet;

207 4287 264 4332 et
293 4285 425 4345 puto
449 4277 677 4339 gentiles
712 4291 898 4330 errore
946 4274 1178 4328 nominis
1225 4273 1530 4345 Dominum-
1558 4280 1802 4345 nostrum

208 4348 279 4401 ita
294 4340 645 4414 nominasse,
674 4362 776 4400 non
807 4355 983 4400 autem
1008 4360 1103 4415 per
1124 4342 1527 4415 contumeliam,
1574 4340 1625 4415 id
1657 4341 1803 4411 quod

208 4427 392 4472 tamen
422 4412 972 4472 ernditilexistimant.
1012 4412 1208 4485 Neque
1228 4414 1370 4468 enim
1399 4412 1524 4485 mihi
1549 4414 1653 4466 tilla
1674 4428 1803 4485 con-

207 4490 434 4544 ttnneiia
457 4503 580 4544 esse
606 4488 835 4552 videtur,
878 4482 1432 4558 aliqucmehrestum,
1475 4482 1526 4536 id
1558 4492 1663 4549 est,
1707 4483 1801 4537 bo-

208 4575 361 4622 nutn,
392 4574 636 4626 suavem,
667 4557 1305 4625 benignum’nominare;
1338 4568 1639 4626 quanquam
1662 4567 1803 4609 erra-

204 4632 386 4685 Veriut
415 4631 546 4685 satis
566 4625 835 4700 superque
856 4629 1103 4700 gentiles,
1149 4626 1363 4701 quando
1408 4625 1533 4701 illud
1582 4633 1802 4692 putave-
1823 4640 1878 4701 ι)

206 4710 334 4755 runt
362 4694 659 4756 Salvatoris
686 4694 1084 4755 no'stri'nomen
1112 4694 1253 4753 esse.
1315 4694 1590 4762 lmpellere
1615 4707 1796 4749 autem

206 4771 444 4826 Christus
477 4771 693 4826 Judseos
738 4788 845 4825 non
888 4771 1077 4840 potuit,
1123 4769 1319 4840 quippe
1357 4765 1798 4840 qui_it_nperaute

204 4842 427 4897 Tiberio
457 4844 598 4897 creto
626 4841 867 4896 redditus
890 4835 1014 4898 est:
1047 4835 1153 4895 sed
1176 4835 1279 4892 hoc
1303 4835 1386 4890 ita
1416 4835 1545 4889 mihi
1584 4836 1797 4891 videtur

206 4929 329 4967 esse
361 4914 847 4983 interpretandum.
890 4912 1177 4983 nonnullos
1205 4909 1512 4983 Judzeorutn
1553 4917 1795 4983 nostrum

204 4983 482 5039 Chrisutm
510 4977 713 5039 dixisse
742 4998 863 5038 esse
886 4982 1156 5045 Messium,
1196 4980 1329 5033 alios
1357 4988 1541 5031 contra
1596 4977 1646 5029 id
1696 4992 1795 5031 ne-

204 5071 399 5126 gasse;
432 5066 592 5124 atque
613 5054 739 5109 inde
764 5053 1189 5126 tumultus‘iuter
1212 5050 1358 5119 ipsos
1385 5058 1490 5126 t_a_tu
1523 5048 1793 5126 privatim,

206 5118 368 5195 ἧητιιιι
398 5118 611 5195 publice
637 5136 787 5178 ortos
815 5139 955 5179 esse.
1010 5122 1113 5195 sed
1165 5118 1340 5176 tamen
1379 5118 1796 5195 Claudiusuihil
1823 5182 1836 5192 .

206 5190 350 5250 aliud
382 5190 526 5259 fecit,
560 5210 719 5265 quam
748 5206 804 5249 ut
826 5209 1015 5249 omnes
1039 5193 1206 5265 Roma
1238 5190 1566 5265 expelleret;
1600 5190 1797 5259 illoque

208 5279 455 5335 tempore
480 5260 684 5337 absque
712 5266 877 5321 dubio
905 5268 1064 5321 etiam
1088 5260 1408 5337 Christianis
1447 5260 1634 5337 eadem
1677 5276 1796 5315 sors

207 5332 434 5409 obtigit:
481 5348 534 5393 et
561 5332 685 5407 quia
712 5339 885 5409 solum
916 5346 1143 5409 tantum,
1178 5333 1402 5409 fortunis
1430 5332 1798 5401 religioneque

207 5404 394 5475 salvis,
430 5404 640 5463 mutare
667 5408 1017 5479 cogebantur,
1071 5404 1324 5461 Claudius
1370 5404 1509 5457 inter
1548 5415 1799 5473 persecu-

209 5490 355 5536 tores
381 5491 694 5534 numeratus
722 5495 826 5532 non
856 5488 959 5533 εει.

281 5550 412 5604 Tam
441 5551 590 5604 mala:
620 5549 809 5604 bestiae.
865 5554 939 5607 ita
965 5546 1255 5614 Neronem,
1301 5543 1707 5608 Diocletianum,
1748 5550 1805 5599 et

204 5622 342 5678 alios
388 5630 764 5691 persecutores
784 5689 791 5691 ξ
814 5622 1067 5691 nominat
1092 5621 1295 5691 optimo
1334 5616 1528 5691 merito
1558 5614 1800 5691 Lactan-

208 5695 332 5757 lius,
370 5685 443 5746 nti
474 5691 681 5746 monuit
707 5689 974 5745 Baluzius.
1029 5689 1320 5744 Videantur
1344 5687 1514 5757 capita
1545 5687 1601 5749 4,
1630 5687 1680 5749 9,
1709 5685 1799 5753 l6,

204 5756 415 5827 25,752
441 5772 496 5816 et
539 5761 632 5824 39,
681 5763 732 5815 in
782 5762 996 5830 quibus.
1048 5761 1207 5813 modo
1255 5756 1538 5811 execrabile
1582 5758 1796 5830 animal,

207 5837 367 5887 nunlo
397 5835 676 5903 nefarium,
708 5828 867 5884 modo
892 5832 1026 5884 mala
1047 5830 1203 5883 bestia
1228 5836 1537 5883 occurrunt.
1579 5828 1799 5903 Latinus

204 5899 759 5965 Pacatus'blaxinium
795 5915 951 5958 vocat
997 5902 1214 5956 belluam
1267 5903 1551 5969 furentem,-
1592 5899 1678 5954 tibi
1725 5900 1796 5952 si-

1847 1851 1897 1912 B

1837 3256 1884 3320 C

1917 552 2021 609 que
2045 538 2203 609 aliter
2230 538 2518 608 loquuntur
2541 539 2608 593 de
2650 541 2893 609 tyrannis
2931 547 2986 594 et
3030 540 3210 601 impiis
3255 537 3515 608 principi-

1916 607 2017 662 bus
2043 608 2158 663 Liv.
2191 607 2379 671 xxxiv.
2409 625 2605 668 xxxix:
2637 607 2860 666 Cic.|ib.
2894 621 2986 666 tet
3007 626 3065 664 tn
3092 607 3282 674 Oflic.’;
3315 609 3514 664 Lucia-

1917 694 2018 761 nus
2046 678 2358 761 pag._ul0l5,
2393 679 2688 761 l0l6,200
2716 691 2770 736 et
2793 681 3079 761 206;_Ed.
3112 681 3311 761 Board.
3345 681 3511 761 Qion.

1915 748 2134 805 Cassius
2157 750 2251 804 lib.
2277 765 2455 805 Lxxvn
2483 760 2765 813 extremo:
2795 751 3000 807 Arnob.
3027 767 3081 816 v,
3105 768 3158 817 p.
3186 752 3322 816 ll5;
3353 750 3517 806 Aste-

1917 821 2031 891 rius
2064 820 2261 875 Homil.
2310 823 2372 875 l:
2424 821 2618 891 quibus
2662 822 2785 877 addi
2829 831 3008 891 potest
3054 822 3316 877 Rittersh.
3361 837 3431 882 tv.
3478 820 3513 876 9

1915 890 2068 963 Lect.
2116 892 2263 958 Sac.,
2312 900 2368 947 et
2395 890 2453 945 in
2488 893 2739 962 passione
2763 890 3043 963 Seraphiae
3070 892 3346 962 Helpidius
3372 893 3516 945 rabi-

1918 962 2160 1015 dissimus
2199 963 2342 1015 canis
2388 971 2634 1019 vocatur.
2706 962 2927 1020 Scilicet
2951 963 3214 1019 interdum
3245 978 3352 1017 non
3381 963 3513 1018 satis

1918 1031 2187 1087 habebant
2212 1034 2463 1102 generale
2490 1048 2708 1101 nomen,
2754 1045 2814 1089 ut
2850 1035 3042 1100 bestia,
3086 1034 3327 1088 aninutlts
3355 1032 3511 1087 aditi-

1920 1102 2077 1158 bere:
2130 1103 2224 1157 sed
2268 1102 2413 1173 quod
2460 1119 2647 1159 eorum
2713 1106 2944 1160 maxime
2994 1104 3152 1160 fmdis
3197 1102 3507 1159 hominibus

1918 1174 2293 1246 conveniebat,
2347 1174 2432 1229 vel
2476 1176 2769 1246 convenire
2811 1176 3087 1246 putabant,
3131 1174 3506 1246 proﬁciebant.

1919 1243 1993 1297 ita
2023 1244 2341 1314 Lycopltron
2374 1262 2427 1310 p.
2453 1246 2525 1301 ΞΟ
2563 1243 2826 1302 Ηθιεηθηι
2859 1255 3077 1315 propter
3116 1244 3502 1315 impudentiam

1918 1325 2075 1401 vocat
2094 1318 2219 1371 κύνα
2236 1330 2255 1378 ;
2278 1330 2334 1385 p.
2357 1317 2459 1401 Πρ
2472 1360 2487 1385 ,
2532 1314 2975 1401 Clytemnestram
2987 1316 3265 1401 dwarf?
3280 1314 3472 1401 διψάδα
3491 1330 3508 1381 ;

1920 1384 2539 1459 hominesquemoribus
2564 1384 2722 1459 saevis
2748 1399 2801 1443 et
2825 1384 3041 1457 asperis'
3058 1387 3317 1459 prteditos
3335 1384 3497 1459 ῥ’φεις,

1920 1454 2218 1533 διτιὸιξιονταςῖἓ
2243 1466 2297 1511 et
2316 1458 2610 1533 scorpione!
2622 1458 2799 1533 dictos
2814 1454 2956 1525 esse,
2978 1454 3285 1533 obstinavit
3306 1454 3503 1533 btuurs.

1920 1527 1987 1580 ad
2019 1527 2289 1599 Lyeuphr.
2319 1544 2371 1594 p.
2406 1529 2526 1583 l25.
2578 1529 2666 1584 Sic
2702 1531 2948 1585 Asterius
2995 1544 3050 1598 p.
3092 1529 3162 1583 72
3209 1528 3504 1599 adulteram

1921 1595 2200 1673 nominare
2229 1600 2407 1673 nullus
2428 1599 2641 1673 dubitat
2668 1600 2981 1673 druidum!
2999 1595 3253 1673 ΐχιδναννς
3283 1608 3337 1652 et
3361 1595 3505 1673 apud

1923 1668 2129 1723 Livium
2162 1685 2353 1732 xxxix.
2383 1670 2471 1736 ll,
2506 1669 2739 1740 Hispala,
2784 1672 2977 1725 mulier
3002 1667 3108 1724 non
3136 1672 3266 1723 satis
3293 1667 3509 1740 pudica,

1922 1748 2123 1794 excetra
2151 1748 2390 1795 vocatur.
2442 1741 2534 1796 Sic
2556 1739 2820 1807 Julianus,
2855 1743 2951 1809 Ep.
2978 1742 3073 1806 '23,
3100 1739 3510 1795 Constantinum

1927 1811 2157 1880 appellat
2186 1812 2520 1888 πολυκέφαλον
2558 1811 2746 1888 ὕδραςδς
2769 1814 2957 1888 _t_inde_
2979 1813 3109 1866 satis
3134 1810 3371 1888 perspici
3412 1822 3515 1878 po-

1927 1889 2051 1945 test,
2068 1896 2175 1950 quo
2199 1883 2323 1937 odio
2350 1880 2603 1951 Apostata
2623 1880 2734 1938 'ille
2760 1882 3098 1938 Christianos
3130 1880 3289 1936 fuerit
3318 1894 3508 1950 perse-

1922 1959 2100 2006 cutus.

1994 2022 2279 2077 Adventum
2400 2026 2567 2095 nefas.
2612 2023 2740 2078 Haec
2793 2024 2871 2095 sic
2918 2022 3152 2095 suppleri
3201 2035 3359 2095 posse
3393 2019 3513 2095 exi-

1923 2093 2116 2150 stimo:
2139 2095 2274 2164 quod
2294 2094 2437 2161 nefas
2463 2091 2536 2148 est
2556 2095 2779 2148 credere.
2812 2094 2957 2150 Sicut
2983 2093 3112 2147 duos
3143 2091 3414 2164 prophetas
3437 2091 3515 2164 itif

1922 2179 2009 2219 vos
2036 2160 2440 2220 esse'translatos
2461 2205 2474 2226 ,
2515 2175 2562 2219 et
2587 2167 2640 2220 in
2663 2166 2840 2219 ultimo
2879 2163 3068 2219 saeculo
3093 2160 3296 2217 initium
3324 2160 3515 2217 Christi

1920 2245 2150 2290 sanctum
2178 2252 2238 2290 ac
2258 2238 2637 2302 sempiternum.
2661 2253 2777 2289 cum
2806 2236 3110 2291 descendere
3130 2234 3356 2303 coeperit,
3382 2246 3515 2301 pra:-

1922 2323 2150 2361 cessuros
2174 2307 2525 2375 pronuntiant,
2548 2307 2723 2361 eodem
2745 2308 2895 2360 modo
2924 2307 3074 2359 etiam
3113 2304 3362 2359 Neronem
3392 2319 3513 2356 ven-

1921 2386 2094 2431 turum
2117 2386 2316 2449 putant,
2341 2378 2427 2447 qui
2453 2380 2657 2449 futurus
2686 2392 2973 2449 prwcursor
2998 2375 3208 2449 diaboli.
3238 2375 3325 2449 Δζει
3366 2385 3514 2429 recte

1923 2450 2097 2516 primo
2117 2444 2255 2503 dicit
2282 2444 2613 2511 Lactantius,
2659 2444 2808 2503 nefas
2837 2462 2958 2502 esse
2986 2446 3210 2501 credere
3236 2444 3508 2516 Neronem

1921 2515 2244 2583 rediturum,
2292 2531 2347 2573 et
2384 2517 2697 2575 Antichristi
2746 2532 3132 2586 prtrcessurum
3181 2515 3507 2586 adventum;

1921 2604 2125 2653 eosque
2172 2589 2332 2657 paulo
2376 2598 2503 2643 ante
2543 2585 2789 2656 quosdam
2829 2588 3016 2642 deliros
3058 2587 3319 2640 nominat.
3379 2585 3515 2638 lliuc

1924 2670 2068 2729 patet
2096 2670 2367 2714 auctorem
2393 2667 2661 2724 nostrum,
2691 2659 2741 2713 id
2767 2659 2908 2728 quod
2934 2672 3156 2729 monere
3180 2657 3380 2729 oblitus
3403 2668 3510 2709 non

1920 2725 2005 2784 est
2034 2730 2300 2792 Balnzius,
2333 2743 2437 2785 non
2468 2729 2725 2784 accedere
2748 2725 2933 2782 eorum
2964 2727 3226 2796 opinioni,
3260 2725 3351 2791 qui
3379 2740 3512 2778 cen-

1920 2801 2111 2856 sebant
2135 2799 2404 2855 Neronem
2436 2815 2539 2853 non
2572 2815 2694 2856 esse
2738 2809 3040 2863 mortuum,
3083 2798 3177 2852 sed
3219 2796 3394 2851 adhuc
3430 2795 3512 2849 vi-

1922 2866 2072 2936 vere,
2104 2881 2158 2926 et
2183 2882 2462 2925 venturum
2486 2879 2610 2925 ante
2651 2871 2808 2924 finem
2848 2868 3051 2933 smculi,
3091 2870 3383 2938 ipsumque
3422 2866 3510 2921 vel

1921 2941 2036 2996 fore
2064 2941 2479 3007 Antichristum,
2525 2941 2605 2995 vel
2640 2939 2972 3009 temporibus
3003 2936 3328 3009 iisdemper
3352 2936 3512 2991 Occi-

1919 3012 2138 3068 dentem
2170 3014 2503 3076 szevitnrum,
2545 3012 2739 3082 quibus
2754 3007 2858 3065 ille
2885 3026 2978 3082 per
3006 3007 3282 3082 Orientem
3285 3023 3319 3082 _;
3348 3021 3511 3078 quam

1921 3084 1973 3138 in
2004 3099 2116 3139 rem
2146 3083 2295 3152 plura
2321 3083 2486 3137 videri
2516 3077 2740 3153 possunt
2766 3082 2904 3153 apud
2931 3080 3160 3153 Casaub.
3191 3078 3256 3133 ad
3281 3077 3509 3153 Sueten.

1918 3148 2337 3209 Cummddianus
2361 3148 2612 3209 Instruct.
2666 3153 2729 3207 All
2784 3148 2953 3217 canit,
3002 3149 3270 3205 Neronem
3315 3148 3383 3203 de
3432 3149 3515 3203 in-

1920 3226 2074 3280 ferno
2102 3240 2478 3291 reversurum;
2529 3226 2753 3293 ejusque
2781 3236 2970 3277 versus
2994 3220 3327 3293 supponendi
3352 3226 3503 3293 sunt,

1914 3297 2039 3365 quia
2067 3296 2282 3351 libellus
2308 3296 2399 3350 ille
2426 3289 2580 3349 rarus
2606 3289 2690 3350 est
2713 3294 3025 3357 admodum,
3065 3289 3125 3347 et
3148 3290 3274 3362 quia
3301 3289 3508 3345 adven-

1910 3377 1994 3422 tus
2022 3366 2186 3422 Heliie
2216 3368 2378 3421 etiam
2407 3366 2536 3422 facit
2564 3365 2933 3420 mentionem:

2093 3508 2234 3560 Dixit
2249 3508 2449 3559 Esaias:
2476 3507 2571 3558 Hic
2588 3508 2735 3557 homo
2756 3506 3135 3569 quiieommovet
3155 3505 3330 3554 orbem

2090 3572 2154 3621 Et
2178 3585 2330 3633 reges
2350 3571 2572 3629 totidem,
2597 3568 2806 3633 subque
2827 3568 3074 3633 iiet_t_erra
3096 3568 3295 3633 deserta
3321 3578 3335 3613 :

2092 3628 2293 3696 Audite,
2319 3636 2549 3696 quoniam
2560 3628 2813 3696 propheta
2828 3630 2893 3696 de
2917 3628 3249 3696 illoprtedixit
3275 3640 3289 3676 :

2090 3695 2219 3744 Nihil
2246 3690 2630 3757 ego-composite
2654 3690 2773 3757 dixi,
2798 3691 2887 3740 sed
2912 3690 3229 3757 neglegendo

2092 3757 2216 3806 Tum
2236 3750 2429 3807 scilicet
2445 3750 2653 3803 mundus
2674 3750 2856 3816 linitur,
2884 3750 2997 3816 cum
3017 3750 3100 3816 ille
3120 3750 3343 3813 parebit;

2091 3819 2151 3868 In
2169 3829 2273 3869 tres
2290 3821 2599 3879 imperantes
2612 3817 2718 3879 ipse
2736 3813 2959 3879 diviserit
2981 3813 3174 3879 orbem,

2089 3880 2208 3932 Cum
2229 3874 2380 3930 fuerit
2400 3887 2565 3929 autem
2584 3874 2719 3927 Nero
2738 3878 2804 3926 de
2827 3876 3020 3926 inferno
3044 3874 3251 3934 levatus,

2090 3942 2263 3992 Helias
2285 3943 2453 3991 veniet
2470 3945 2602 4002 prius
2616 3941 2815 4002 signare
2833 3938 3058 3987 dilectos.

2088 4003 2188 4067 lies
2206 4017 2328 4067 quas
2350 4000 2525 4052 Africae
2549 4002 2690 4063 regio
2704 4008 2761 4067 _e_t
2787 4001 2965 4067 Arctoa
2992 4000 3121 4048 natio
3143 4002 3247 4048 tota

2089 4065 2145 4129 In
2165 4062 2357 4129 septem
2381 4067 2522 4113 annis
2541 4062 2773 4129 tremebit
2790 4063 3009 4129 undique
3027 4068 3160 4129 terra

2091 4128 2190 4177 Sed
2209 4122 2425 4177 medium
2450 4135 2643 4188 tempus
2662 4123 2848 4188 Helias,
2874 4122 3088 4188 medium
3114 4122 3246 4188 Nero
3292 4122 3505 4174 tenebit.

2090 4189 2230 4252 Tunc
2248 4190 2463 4252 Babylon
2488 4183 2726 4252 meretrix
2753 4184 3043 4252 incinefacta
3062 4183 3229 4252 favilla

2088 4251 2211 4301 Inde
2235 4253 2295 4302 ad
2313 4245 2587 4300 Jerusalem
2607 4249 3065 4361 pergetvictorque
3085 4245 3287 4296 Latinus
3448 4307 3458 4320 .

2089 4312 2228 4361 Tunc
2249 4314 2384 4361 dicet
2405 4328 2417 4361 :
2438 4313 2543 4361 E20
2564 4324 2671 4361 sum
2733 4310 2915 4361 bristus
2934 4322 3082 4361 quem
3116 4321 3315 4361 semper
3336 4312 3458 4358 orati

2089 4312 2228 4363 Tunc
2249 4314 2384 4363 dicet
2405 4328 2417 4363 :
2438 4313 2543 4374 Ego
2564 4310 2671 4362 sum
2695 4310 2915 4361 Christus
2934 4322 3082 4373 quem
3116 4321 3315 4372 semper
3336 4310 3505 4358 oratis.

1905 4416 2009 4471 Per
2036 4416 2333 4486 Prophetas
2372 4426 2550 4470 autem
2593 4414 2730 4486 uiuos
2768 4413 3044 4486 translatos
3089 4412 3249 4486 duos,
3281 4411 3502 4486 intelli-

1903 4487 2062 4556 gendi
2092 4480 2216 4542 sunt
2239 4487 2488 4541 Euocbus
2517 4494 2572 4556 et
2603 4484 2773 4556 Elias,
2799 4485 2888 4556 uti
2912 4491 3058 4552 patet
3078 4499 3144 4536 ex
3163 4480 3502 4556 Jo.__[_)amas-

1903 4552 2072 4620 ceno,
2107 4573 2181 4620 tv,
2230 4557 2323 4619 27.
2358 4558 2426 4612 de
2455 4555 2679 4611 Orthod.
2715 4553 2877 4617 Fide;
2901 4568 3202 4621 quanquam
3227 4552 3316 4607 alii
3340 4554 3507 4609 solius

1906 4627 2036 4681 Elia:
2064 4627 2340 4682 reventuri
2386 4624 2729 4681 meminerint
2754 4664 2768 4684 .
2794 4624 2936 4688 quod
2985 4625 3147 4677 etiam
3179 4623 3304 4676 facit
3334 4624 3409 4676 uti
3434 4639 3503 4679 ex

1904 4697 2136 4752 laudatis
2184 4698 2430 4752 versibus
2487 4702 2671 4765 patet,
2737 4693 3194 4765 Commodianus;
3232 4692 3503 4765 Praeterea

1903 4768 2174 4837 respicere
2204 4761 2512 4837 Lactantius
2532 4765 2750 4837 sidetur
2775 4763 2842 4817 ad
2871 4777 3094 4837 regnum
3140 4761 3336 4817 Christi
3357 4765 3503 4837 _mil-

1903 4833 2163 4892 leuarium
2189 4878 2203 4904 ,
2232 4837 2300 4892 de
2323 4851 2431 4906 quo
2458 4835 2626 4889 videri
2655 4835 2815 4906 etiam
2848 4833 3091 4906 pmestl.
3125 4847 3197 4886 vn
3220 4873 3236 4896 ,
3268 4834 3382 4906 cal
3403 4849 3501 4889 ex-

1903 4919 2105 4971 tremo,
2134 4901 2452 4974 et'eapfll,
2485 4906 2715 4973 alibique
2739 4904 2911 4957 lustit.
2941 4901 3283 4974 Divinarum;
3311 4904 3495 4972 illique

1901 4980 2025 5034 addi
2053 4989 2229 5049 potest
2257 4978 2712 5049 Commodianus._
2728 4974 2794 5031 Ut
2818 4984 3004 5049 autem
3022 4973 3124 5027 hoc
3149 4973 3267 5049 loco
3287 4978 3499 5049 descen-

1902 5050 2022 5104 dere
2050 5044 2180 5105 i'licit
2220 5050 2493 5104 Christum
2524 5045 2896 5101 advenientem
2932 5061 2944 5095 :
2994 5044 3062 5098 ita
3094 5045 3354 5115 etiamrde
3379 5046 3497 5115 ejus

1901 5123 2175 5176 nativitate
2203 5136 2307 5175 non
2333 5120 2490 5175 aliter
2546 5117 2798 5187 loquitur,
2837 5132 2889 5169 tv
2930 5115 3085 5179 Inst.,
3116 5115 3182 5171 l0
3214 5132 3237 5187 ε
3265 5114 3333 5170 Ut
3365 5114 3495 5170 esset

1900 5208 2133 5257 necesse,
2188 5185 2632 5260 appmpinquante
2674 5188 2860 5260 saeculi
2895 5188 3149 5251 termino,
3204 5185 3494 5260 Dei/ilium

1901 5256 2306 5317 descendere'in
2351 5256 2555 5315 terram.
2590 5258 2762 5314 Graeci
2813 5256 2864 5311 id
2910 5268 3103 5311 vocant
3150 5259 3497 5325 καταϐαίνειν,

1902 5343 1958 5389 et
1975 5334 2183 5401 Jupiter
2212 5333 2536 5396 Καταιϐάτης,
2564 5330 2647 5384 vel
2683 5329 2964 5382 Descensor
2992 5331 3228 5401 occurrit
3256 5329 3308 5382 in
3326 5345 3497 5401 num-

1905 5396 2216 5474 mis,eoque
2246 5404 2463 5457 nomine
2486 5403 2553 5456 ad
2577 5401 2936 5474 adulationem
2967 5402 3115 5467 proni
3138 5396 3501 5474 Athenienses

1908 5471 2240 5529 honoraruut
2272 5475 2595 5529 Demetrium
2620 5471 2998 5533 Poliorcetem,
3024 5480 3273 5538 tanquam
3299 5471 3350 5524 in
3375 5485 3502 5525 eum

1906 5555 2155 5600 mutatus'
2188 5545 2401 5616 Jupiter
2445 5544 2497 5598 in
2546 5539 3179 5616 terram‘desceudisset.
3226 5540 3340 5595 Non
3368 5541 3501 5616 satis

1905 5627 2062 5671 caute
2083 5658 2097 5683 ,
2129 5633 2245 5671 mea
2264 5611 2337 5671 ex
2364 5615 2665 5676 sententia,
2693 5611 2995 5683 'l‘ristanus,
3031 5621 3159 5683 tom.
3192 5626 3251 5675 tt,
3282 5627 3334 5681 p.
3364 5611 3496 5683 571,

1903 5680 2169 5756 explicat,
2199 5689 2252 5740 in
2298 5697 2486 5740 terram
2515 5684 2712 5756 fulmen
2749 5682 3069 5756 jaculantem
3114 5680 3316 5756 Jovem:
3363 5681 3499 5737 Nam

1904 5752 2149 5828 quamvis
2176 5757 2381 5825 Jupiter
2412 5752 2614 5828 lultnen
2654 5752 3168 5828 jacttlatts_,_et_cum
3212 5752 3373 5820 pluit,
3405 5773 3499 5828 κα·-

1903 5822 2183 5895 {aged-asia,
2217 5822 2271 5883 ei
2318 5827 2619 5883 Jescendere
2650 5822 2817 5892 possit
2863 5822 2996 5885 dici,
3033 5824 3317 5893 ipsumque
3362 5826 3498 5879 adeo

1905 5901 2141 5968 l‘ulmen,
2178 5900 2261 5957 vel
2290 5900 2555 5965 σκηπτὸς,
2600 5895 2974 5966 Lycophroni,
3025 5909 3076 5963 p.
3131 5895 3223 5963 67,
3272 5904 3496 5958 vocetur
