4238 6316
809 336 947 393 Hi9

1559 333 1616 390 Β.
1653 331 1909 389 ΙΗΕΝΑΞΙ
1952 331 2262 390 EPISCOPI
2294 331 2775 391 LUGDUNENSIS
2811 331 2898 387 ET
2928 329 3283 387 MARTYRIS

3895 325 4032 381 1120

807 458 985 526 reipsa
1015 453 1280 526 Adamum
1315 453 1850 526 vicerat,_reportsta
1876 449 2128 526 victoria,
2165 451 2430 526 patefecit
2459 466 2487 504 a
2517 451 2686 526 Patre
2714 465 2894 526 rerum
2917 448 3159 526 omnium
3189 455 3442 526 creatore
3472 462 3540 526 se
3555 461 3682 501 vere
3708 443 3875 526 fuisse
3902 443 4033 526 mis-

806 513 950 583 sum.
993 522 1247 578 Diabolus
1289 513 1602 577 econtrario
1637 513 1695 575 se
1728 537 1834 576 non
1869 521 2044 575 solum
2076 525 2142 575 ab
2167 513 2337 576 initio
2360 563 2375 586 ,
2411 529 2467 575 et
2517 521 2570 575 in
2601 522 2774 574 tribus
2820 521 2904 574 his
2945 519 3338 572 tentationihus
3384 519 3697 571 mendacem
3730 513 3980 586 probavit
4011 530 4028 569 :

808 599 902 650 sed
940 596 994 646 in
1027 594 1133 645 ﬂne
1159 592 1322 645 etiam
1350 591 1536 646 mundi
1563 605 1755 646 rursus
1792 601 1919 645 tunc
1945 593 2275 660 probaturus
2306 584 2413 656 est,
2454 605 2576 644 cum
2609 592 2711 644 sub
2739 589 3077 644 Antichristo
3104 589 3351 643 homines
3390 588 3443 642 in
3484 587 3566 641 sui
3594 585 3876 656 pertrahet
3899 584 4032 638 ado-

804 666 1072 722 rationem
1089 662 1152 713 “.

877 733 948 786 lbi
984 741 1165 786 autem
1196 731 1262 785 de
1295 729 1620 784 Antichristi
1653 729 1897 798 nomine,
1921 729 2156 798 origine,
2193 744 2382 798 regno,
2413 728 2774 782 diuturnitate
2816 726 2934 782 fuse
2983 726 3224 780 disserit.
3274 724 3540 780 Nonnulla
3584 738 3800 798 quoque
3831 721 4030 776 ibidem

801 804 998 859 miscet
1021 803 1284 856 adversus
1319 800 1674 871 Marcionem,
1704 794 2142 871 Valentinia'ttos,
2176 794 2444 871 aliosque,
2479 798 2569 871 qui
2599 805 2654 850 et
2693 798 2875 851 mundi
2910 807 3216 871 creatorem
3252 794 3779 871 non_agnosc_ebant,
3815 803 3872 871 et
3906 807 4020 861 pro-

802 874 995 944 phetas
1022 887 1050 924 a
1086 885 1217 944 vero
1242 868 1579 944 Dcomissos
1603 862 1725 944 esse
1744 868 2161 944 iniiciabantur.
2197 867 2306 923 Hos
2335 862 2726 944 porro'organa
2762 875 2933 944 vocat_
2957 867 3196 930 Satanae,
3231 867 3330 944 qui
3358 862 3466 944 Deo
3497 866 3636 944 male
3657 862 3869 944 precari
3895 875 4032 944 nun-

843 958 964 995 uatn
986 955 1152 994 ausus
1177 938 1302 1000 fuit,
1332 939 1437 992 nisi
1470 946 1594 1005 post
1627 937 1832 992 Christi
1860 940 2177 1002 adventum,
2205 931 2426 993 cum'de
2451 931 2659 992 aeterna
2694 936 3042 990 damnatione
3074 950 3170 989 sua
3197 931 3400 990 certior
3435 934 3611 1005 factus
3647 931 3749 989 est.
3788 931 4032 1005 Posthac

843 960 964 995 uatn
986 960 1152 994 ausus
1177 960 1302 1000 ιιιιι,
1333 960 1437 992 11151
1470 960 1594 1005 pass
1627 960 1832 992 burlsu
1860 960 2177 1002 auvcmum,
2205 960 2327 992 cum
2358 960 2426 993 uc
2451 960 2659 992 talenta
2694 960 3042 990 ualltllatwuc
3074 960 3170 989 sua
3197 960 3400 990 ccruur
3435 960 3611 988 saluus
3647 960 3749 989 cu.
3788 960 4032 986 rostrum;

801 960 870 1066 3e
904 1012 1142 1078 hisquae,
1173 1009 1512 1065 Anticltristo
1533 1009 1832 1071 exstincto,
1858 1017 2118 1078 eventura
2157 1018 2316 1072 sunt,
2361 1017 2416 1062 et
2448 1006 2869 1078 de__millenario
2915 1006 3116 1061 Christi
3151 1012 3270 1074 post
3299 1004 3481 1060 mundi
3511 1003 4032 1058 consummationem

799 1079 854 1140 in
893 1075 1034 1134 terra
1063 1080 1337 1148 regnantis
1363 1078 1590 1148 imperio
1611 1078 1763 1147 plura
1791 1078 2054 1148 disputat.
2089 1077 2221 1148 Inde
2260 1078 2478 1148 tandem
2509 1075 3012 1148 Valentinianorum
3059 1089 3305 1148 errorem
3332 1113 3346 1138 ,
3391 1083 3835 1148 quosectatores
3880 1084 4031 1148 suos,

798 1151 981 1204 statim
1025 1141 1188 1218 atque
1228 1141 1706 1214 mortui'iueri'nt,
1740 1141 1906 1219 supra
1938 1147 2109 1203 caalos
2157 1146 2227 1201 ad
2281 1147 2525 1212 Patrem,
2577 1146 2662 1201 vel
2702 1144 2934 1200 Matrem
2988 1146 3290 1202 ascendere
3340 1143 3728 1210 somniabant,
3782 1141 4035 1198 funditus

798 1219 995 1276 evertit
1010 1219 1078 1272 ".

804 1346 4023 1380 W

1900 1514 2257 1604 LIBER
2332 1511 2910 1619 QUINTUS.

1275 1953 1433 2025 εει
1466 1951 1851 2011 ΡΒΛΕΕΑΤΙΟ.

857 2045 1160 2110 Traductis,
1193 2044 1548 2101 dilectissime
1596 2043 1737 2116 (99),
1782 2042 2034 2100 omnibus
2083 2044 2354 2101 haereticis

785 2136 840 2193 in
869 2144 1103 2208 quatuor
1133 2137 1306 2201 libris,
1363 2137 1456 2206 qui
1509 2145 1632 2192 sunt
1690 2136 1785 2191 tibi
1838 2133 1912 2209 (1)
1962 2144 2086 2190 ante
2134 2137 2276 2192 hunc
2319 2151 2351 2191 a

785 2230 941 2285 nobis
995 2230 1148 2294 editi,
1209 2238 1265 2284 et
1313 2228 1574 2284 doctrinis
1637 2229 1874 2297 ipsorum
1952 2228 2349 2296 manifestatis;

781 2321 991 2377 eversis
1013 2336 1227 2394 quoque
1282 2321 1387 2387 his,
1421 2322 1511 2388 qui
1569 2321 1902 2386 irreligiosas
1961 2321 2353 2376 adinvenerunt

781 2412 1098 2478 sententias,
1157 2413 1364 2481 aliquid
1428 2412 1648 2482 quidem
1705 2428 1771 2468 ex
1827 2414 2041 2482 propria
2096 2416 2350 2468 uniuscu-

774 2501 976 2573 jusque
1005 2504 1217 2558 illorum
1250 2503 1519 2568 doctrina,
1576 2518 1737 2572 quam
1780 2504 1831 2558 in
1875 2504 1988 2558 suis
2020 2504 2346 2574 conscriptis

779 2594 1146 2663 reliquerunt;
1185 2594 1389 2662 aliquid
1417 2604 1600 2648 autem
1625 2593 1701 2666 (2)
1731 2609 1795 2649 ex
1843 2597 2050 2649 ratione
2083 2593 2182 2667 (5),
2229 2597 2351 2650 uni-

774 2689 950 2743 versis
979 2687 1379 2742 ostensionibus
1399 2688 1752 2756 procedente;
1782 2697 1836 2741 et
1857 2690 2086 2746 veritate
2106 2699 2345 2754 ostensa,

774 2789 832 2837 et
860 2777 1208 2834 manifestato
1237 2779 1511 2849 praeconio
1557 2778 1833 2844 Ecclesiaa,
1876 2782 2020 2848 quod
2073 2781 2347 2850 propheta:

774 2873 992 2943 quidem
1044 2881 1494 2942 praeconaverunt
1543 2869 1659 2943 (4),
1711 2873 2165 2940 quemadmodum
2228 2876 2346 2929 .de-

772 2966 1217 3028 monstravimus,
1269 2961 1499 3031 perfecit
1543 2969 1724 3016 autem
1770 2961 2044 3028 Christus,
2100 2965 2346 3034 Apostoli

771 3072 906 3112 vero
941 3056 1305 3123 tradiderunt,
1338 3072 1368 3112 a
1402 3056 1602 3126 quibus
1643 3056 1884 3110 Ecclesia
1917 3059 2212 3128 accipiens,
2250 3077 2346 3131 per

771 3149 1083 3204 universum
1128 3150 1385 3202 mundum
1416 3150 1531 3204 sola
1563 3147 1702 3203 bene
1742 3151 2078 3214 custodiens,
2121 3155 2344 3208 tradidit

773 3239 901 3296 ﬁliis
930 3240 1074 3305 suis;
1107 3239 1602 3309 quzestionibnsque
1643 3239 1896 3293 omnibus
1955 3243 2166 3306 solutis,
2225 3260 2344 3313 qua:

2385 1952 2919 2017 Acontradictiones
2945 1950 3342 2015 haereticorum,
3397 1955 3649 2006 errantes
3704 1955 3884 2001 autem
3949 1961 4037 2003 re-

2463 2044 2701 2110 trahere,
2734 2054 2789 2099 et
2825 2051 3143 2097 convertere
3170 2042 3234 2095 ad
3261 2040 3558 2095 Ecclesiam
3612 2037 3742 2103 Dei;
3784 2039 4036 2111 neophy-

2462 2143 2638 2190 torum
2691 2150 2910 2206 quoque
2966 2148 3184 2191 sensum
3239 2134 3602 2198 conﬁrmare,
3663 2141 3724 2187 ut
3783 2130 4032 2187 stabilem

2459 2227 2767 2310 custodiant
2788 2228 2969 2294 (idem,
2997 2243 3159 2298 quam
3187 2227 3326 2282 bene
3349 2225 3679 2281 custoditam
3717 2225 3784 2279 ab
3837 2223 4033 2278 Eccleo

2459 2323 2537 2377 sia
2573 2331 2925 2392 acceperunt.
2965 2331 3022 2376 ut
3067 2322 3216 2377 nullo
3255 2322 3414 2375 modo
3468 2325 3910 2374 transvertantur
3963 2315 4034 2371 ab

2456 2413 2563 2477 his,
2589 2413 2686 2484 qui
2718 2413 2856 2468 male
2889 2416 3086 2470 docere
3119 2429 3238 2479 eos,
3288 2421 3339 2467 et
3397 2411 3668 2466 abducere
3718 2425 3748 2464 a
3802 2410 4034 2464 veritate

2456 2518 2743 2564 conantur.
2787 2507 3071 2578 Oportebit
3119 2504 3228 2578 (10)
3261 2508 3329 2559 'et
3379 2513 3455 2569 te,
3497 2512 3551 2558 et
3609 2517 3804 2558 omnes
3859 2503 4035 2557 lectu-

2457 2616 2546 2655 ros
2571 2598 2680 2672 (11)
2720 2601 2855 2654 hanc
2877 2599 3226 2669 scripturam,
3262 2597 3560 2666 impensius
3605 2595 3788 2664 legere
3818 2611 3880 2651 ea
3908 2611 4032 2666 quas

2456 2708 2484 2748 a
2519 2693 2674 2748 nobis
2707 2693 2963 2762 praedicta
2993 2699 3139 2753 sunt,
3174 2699 3234 2743 ut
3261 2699 3316 2743 et
3339 2697 3658 2758 argumenta
3705 2688 3823 2757 ipsa
3863 2690 4028 2753 scias,

2455 2784 2714 2838 adversus
2741 2799 2860 2853 quae
2883 2781 3342 2837 contradictiones
3373 2781 3626 2834 facimus.
3656 2779 3748 2834 Sic
3799 2779 3943 2834 enim
3972 2789 4036 2835 et

2455 2875 2690 2945 iegitime
2713 2876 2792 2930 eis
2824 2873 3186 2937 contradices,
3236 2880 3292 2926 et
3323 2872 3386 2928 de
3426 2879 3734 2940 praeparato
3788 2871 4034 2941 accipies

2453 2969 2710 3024 adversus
2737 2982 2830 3022 eos
2864 2967 3346 3031 contradictiones,
3379 2965 3540 3035 292
3570 2964 3785 3019 illorum
3806 2965 4032 3033 quidem

2453 3059 2748 3112 sententias
2781 3072 2877 3126 per
2917 3055 3199 3111 caelestem
3232 3054 3418 3117 (idem,
3448 3054 3596 3108 velut
3629 3065 3896 3122 stercora,
3929 3055 4032 3110 ab-

2446 3148 2680 3216 jiciens;
2710 3149 2881 3203 solum
2914 3157 3094 3202 autem
3125 3161 3313 3202 verum
3355 3154 3409 3200 et
3442 3145 3658 3230 firmum
3703 3146 4033 3217 magistrum

2452 3254 2707 3307 sequens,
2736 3238 2968 3294 Verbum
3016 3239 3148 3304 Dei,‘
3176 3237 3358 3294 Iesum
3413 3237 3687 3292 Christum
3732 3237 4036 3293 Dominum

769 3331 842 3388 ab
876 3331 1150 3386 haereticis
1192 3330 1349 3385 nobis
1391 3340 1766 3400 proponuntur
1806 3331 1918 3404 (5);
1967 3345 2022 3387 et
2064 3336 2344 3403 apostolo-
2376 3318 2419 3373 Β
2451 3345 2694 3388 nostrum
2737 3333 2873 3403 :qni
2905 3342 3128 3402 propter
3173 3332 3497 3386 immensam
3558 3345 3716 3405 suam
3777 3331 4033 3386 dilectio—

769 3437 890 3477 rum
928 3421 1174 3477 doctrina
1202 3422 1515 3491 explanata,
1547 3430 1601 3476 et
1641 3423 2010 3478 manifestatis
2071 3425 2341 3494 pluribus,

769 3530 890 3585 qua
926 3513 1000 3586 (6)
1030 3528 1060 3567 a
1101 3513 1330 3567 Domino
1360 3528 1456 3582 per
1483 3512 1792 3582 parabolas,
1839 3523 1894 3568 et
1931 3516 2075 3570 dicta
2111 3525 2260 3580 sunt,
2287 3527 2343 3572 et

769 3605 914 3661 facta
954 3622 967 3659 ;
1001 3605 1054 3659 in
1094 3605 1198 3660 hoc
1236 3604 1375 3657 libro
1419 3604 1633 3673 quinto,
1671 3605 1850 3674 operis
1897 3605 2161 3670 universi,
2200 3607 2342 3674 quod

768 3707 855 3754 est
881 3699 945 3753 de
975 3695 1439 3769 traductione.(7),
1464 3705 1521 3751 et
1561 3699 1845 3753 eversione
1890 3697 2028 3754 falso
2063 3700 2344 3766 cognomi-

769 3799 914 3849 natm
959 3792 1272 3864 agnitionis,
1325 3806 1392 3844 ex
1448 3791 1675 3858 reliquis
1731 3791 2089 3864 doctrinre(8)
2127 3793 2339 3848 Domini

767 3882 965 3946 nostri,
996 3889 1049 3936 et
1073 3897 1139 3936 ex
1168 3880 1483 3951 apostolicis
1510 3881 1779 3950 epistolis,
1807 3883 2127 3937 conabimur
2158 3893 2344 3937 osten-

663 4035 668 4038 _
767 3974 951 4028 siones
995 3973 1195 4038 facere,
1242 3972 1696 4042 quemadmodum
1747 3973 2032 4042 postulasti
2077 3990 2110 4029 a
2158 3974 2344 4039 nobis,

769 4063 1151 4120 obedientihus
1181 4075 1271 4117 tuo
1313 4073 1584 4134 praceplo
1609 4062 1890 4137 (quoniam
1918 4075 1973 4121 et
2011 4066 2064 4121 in
2096 4067 2339 4121 admini-

772 4156 1040 4210 stratione
1067 4156 1334 4211 sermonis
1362 4156 1522 4226 positi
1554 4156 1781 4229 sumus),
1813 4169 1867 4213 et
1891 4160 2204 4215 omnimodo
2225 4161 2344 4216 ela-

766 4247 1086 4303 borantibus
1119 4247 1217 4320 (9),
1251 4249 1548 4302 secundum
1593 4257 1836 4304 nostram
1884 4251 2164 4319 virtutem,
2213 4253 2338 4323 plu-

768 4337 906 4392 rima
935 4339 1030 4393 tibi
1057 4339 1274 4409 quidem
1301 4337 1354 4392 in
1378 4337 1681 4394 subsidium
1738 4350 2003 4411 prastare
2046 4343 2338 4398 adversum

853 4480 899 4512 "
927 4478 1060 4550 Cap.
1088 4479 1152 4533 21
1181 4490 1235 4535 et
1265 4495 1419 4551 seqq.
1491 4481 1536 4514 ³⁷
1571 4481 1706 4553 Cap.
1731 4483 1804 4538 25
1829 4493 1885 4540 et
1910 4498 2067 4555 seqq.

2449 3441 2573 3481 nem
2603 3425 2778 3479 factus
2806 3432 2888 3479 est
2914 3424 3064 3495 quod
3105 3439 3297 3479 sumus
3327 3439 3448 3491 nos,
3485 3425 3562 3478 uti
3597 3437 3696 3478 nos
3735 3424 4034 3495 perﬁceret

2449 3531 2569 3572 esse
2593 3516 2736 3586 quod
2770 3522 2855 3570 est
2880 3515 3015 3585 ipse.

2942 3601 3172 3660 CAPUT
3225 3603 3518 3662 PRIMUM.

2451 3695 2610 3753 Solus
2631 3695 2866 3752 Christus
2890 3697 3071 3750 divina
3099 3713 3191 3752 nos
3215 3698 3421 3762 docere,
3448 3716 3509 3753 ac
3541 3699 3796 3752 redimere
3819 3701 3990 3766 potuit
4010 3743 4028 3766 ,

2521 3768 2758 3837 idemque
2784 3777 2838 3820 ut
2867 3783 2958 3820 nos
2977 3778 3266 3833 repararet,
3295 3785 3398 3821 non
3423 3769 3690 3837 opinione,
3709 3770 3798 3821 sed
3830 3771 4032 3837 reipsa,

2521 3835 2750 3905 Spiritus
2775 3837 2946 3890 sancti
2980 3838 3396 3908 operatione_e.'c
3431 3838 3604 3892 Maria
3654 3836 3866 3908 Virgine
3903 3835 4034 3893 ear;

2522 3907 3244 3977 nemassumpsit;adoersus
3287 3906 3548 3962 Valentini
3589 3919 3638 3962 et
3691 3906 3913 3963 Ebionis
3935 3925 4034 3962 va-

2523 3977 2739 4032 uitales.

2521 4067 2574 4122 1.
2609 4065 2726 4120 Non
2755 4065 2898 4119 enim
2927 4065 3088 4121 aliter
3118 4081 3218 4123 nos
3269 4067 3480 4128 discere
3537 4077 3848 4138 poteramus
3902 4082 4037 4136 qua

2449 4167 2575 4214 sunt
2603 4157 2723 4224 Dei,
2763 4157 2866 4212 nisi
2898 4157 3155 4228 magister
3211 4167 3418 4222 noster,
3466 4157 3696 4212 verbum
3724 4159 4028 4222 essistens,

2449 4251 2612 4306 homo
2650 4248 2826 4329 factus
2889 4249 3105 4307 fuisset.
3167 4248 3352 4322 Neque
3400 4253 3547 4306 enim
3607 4249 3748 4306 alius
3806 4259 4034 4320 poterat

2448 4357 2710 4398 enarrare
2759 4343 2919 4399 nobis
2961 4358 3082 4412 qua;
3155 4352 3284 4398 sunt
3339 4343 3537 4413 Patris,
3587 4343 3691 4400 nisi
3738 4343 4031 4414 proprium

842 4619 952 4697 (99)
987 4619 1351 4697 Dilectissime.
1391 4623 1470 4677 Ita
1512 4621 1752 4682 Clarom.
1796 4636 1852 4683 et
1893 4627 2078 4695 γοεεά
2118 4626 2326 4689 caeteri.
2356 4625 2402 4686 C
2436 4624 2700 4697 eversione
2728 4641 2748 4680 :
2775 4626 3006 4697 emendo
3033 4641 3097 4682 es
3129 4625 3248 4683 loco
3298 4628 3520 4682 omnino
3546 4628 3826 4697 parallelo,
3862 4633 4028 4693 initio

765 4690 1186 4758 diligentissime.

841 4761 918 4830 (1)
956 4759 1088 4813 Tibi.
1121 4763 1279 4816 Deest
1303 4763 1354 4816 in
1387 4765 1598 4820 Arund.

836 4833 914 4898 (‘2)
947 4830 1159 4906 Aliquid
1182 4834 1459 4906 quidem...
1493 4836 1694 4906 aliquid
1725 4848 1923 4895 autem.
1975 4840 2166 4896 Graeco
2195 4856 2343 4898 more

767 4914 871 4970 pro,
898 4967 904 4970 _
927 4902 1120 4970 partim
1152 4903 1434 4964 quidem...
1466 4902 1661 4970 partim
1686 4919 1885 4962 autem.

840 4967 914 5040 ('5)
949 4967 1601 5051 ‘Ela.ratione..Sic_vetus
1644 4977 1878 5033 Feuard.
1932 4982 2079 5042 cod.,
2118 4991 2172 5036 et
2225 4981 2344 5035 Cla-

768 5053 910 5158 zoltlnl.
938 5040 1044 5094 Alii
1079 5043 1160 5094 vel
1195 5058 1293 5112 pro
1323 5060 1389 5098 ea:
1415 5046 1617 5101 habent
1659 5059 1730 5113 et,
1786 5051 1868 5105 vel
1900 5040 2192 5120 utrumque
2215 5051 2341 5121 jun-

839 5177 914 5258 (1)
954 5177 1411 5262 Prteconaverunt.
1445 5186 1630 5256 Eras.,
1661 5187 1800 5244 Gall.
1833 5201 1883 5246 et
1913 5190 2173 5258 Feuard.,
2204 5208 2341 5262 prte-

766 5259 1162 5310 comzavsrunt.

843 5317 919 5460 (5)
953 5317 1355 5388 Proponuntur.
1392 5327 1560 5392 Alias,
1587 5333 2034 5398 proponebantur.

843 5391 894 5457 (6
950 5388 1102 5453 Quae.
1133 5391 1188 5446 In
1215 5392 1449 5452 Feuard.
1478 5413 1651 5460 marg.
1681 5411 1734 5452 et
1767 5401 1942 5460 Voss"
1989 5419 2034 5460 at

764 5388 916 5510 duis)
950 5388 1102 5453 Quot.
1133 5391 1188 5446 In
1215 5392 1449 5452 Feuard.
1478 5388 1651 5469 marg.
1681 5388 1734 5452 et
1767 5401 1942 5467 Voss.,
1989 5403 2333 5470 quemadmoo

807 5474 910 5514 11⁸11.

837 5527 911 5608 (7)
946 5527 1100 5609 Libro
1124 5534 1306 5609 quinto
1339 5539 1508 5609 operis
1539 5540 1785 5603 universi,
1815 5540 1955 5609 quod
2009 5552 2082 5594 est
2114 5540 2178 5594 de
2213 5552 2329 5594 tra-

765 5599 1034 5678 ductione.
1063 5601 1183 5678 Haec
1213 5605 1265 5656 in
1297 5599 1559 5678 omnibus
1595 5599 1997 5677 exemplaribus
2041 5612 2328 5667 manifesta

762 5668 1085 5752 scribarum
1134 5672 1340 5752 incuria
1417 5678 1495 5752 sic
1555 5678 1696 5732 male
1757 5668 2082 5735 translocata
2139 5683 2326 5735 :lt'bro

764 5748 1085 5815 quinto,qui
1139 5753 1219 5798 est
1265 5749 1327 5798 de
1365 5749 1693 5803 traductione
1750 5752 1922 5818 operis
1971 5753 2224 5818 universi,
2275 5761 2326 5809 et

2450 4693 2783 4771 Emiationis
2813 4695 2937 4750 libri
2975 4698 3177 4771 quarti,
3211 4697 3301 4751 ubi
3328 4699 3525 4752 similia
3547 4693 3971 4771 'ltaaeleguntur
4007 4729 4020 4762 :

2450 4764 2609 4842 Hunc
2661 4776 2910 4842 quartum
2969 4764 3163 4842 librum
3216 4770 3576 4842 transmittens
3645 4764 3794 4842 tibi;
3819 4775 4021 4842 operis,

2447 4837 2586 4911 quod
2620 4847 2694 4891 est
2721 4838 2784 4890 de
2809 4837 3101 4911 dete_ctione
3129 4848 3180 4891 et
3211 4841 3630 4911 ev_ersione,_etc.
3663 4837 3800 4894 Cum
3845 4837 4024 4911 igitur

2447 4907 2636 4962 eadem
2662 4923 2891 4980 prorsus
2919 4908 2972 4961 in
3005 4919 3231 4980 utroque
3263 4907 3385 4963 loco
3410 4909 3576 4964 verba
3596 4907 4022 4980 legantur,'per-

2447 4990 2630 5052 peram
2661 4978 2939 5052 inversum
2954 4978 3326 5052 posteriorum
3348 4981 3618 5048 ordinem,
3645 4978 3712 5036 ex
3736 4978 4020 5052 prioribus

2452 5047 2846 5099 restituendum
2875 5047 3003 5100 mihi
3034 5049 3240 5116 putavi.

2521 5117 2596 5184 (8)
2642 5116 2705 5169 Et
2737 5117 2947 5186 reliquis
2965 5115 3239 5172 doctrinm.
3272 5115 3349 5171 lta
3385 5116 3625 5174 Clarom.
3677 5132 3735 5176 et
3766 5121 4012 5188 ,Arund.,

2448 5189 2841 5263 qtiibu§_qttoatl
2873 5203 3058 5263 vacem
3095 5189 3360 5263 doctrinis
3381 5189 3459 5244 (in
3495 5191 3752 5263 genitivo)
3780 5208 4001 5248 consen.

2448 5256 2589 5335 tinnt
2621 5256 2866 5335 Yoss._et
2903 5257 3068 5312 Merc.
3108 5259 3157 5313 1.
3183 5257 3240 5312 In
3279 5259 3454 5325 editt.,
3487 5256 3536 5316 et
3565 5256 3754 5334 (Grab'.
3792 5263 3880 5335 ex)
3923 5280 4011 5317 rs-

2444 5327 2602 5396 liquis
2626 5328 2902 5384 doctrinis.

2515 5398 2592 5471 (9)
2636 5399 3070 5454 Elaborantibus.
3123 5399 3216 5456 Sic
3267 5415 3455 5458 omnes
3507 5416 3638 5457 mss.
3700 5403 3771 5459 At
3821 5402 4009 5471 editt.,

2441 5468 2790 5524 elaboramus.

2536 5540 2622 5608 10)
2653 5537 2942 5606 Oportebit.
2972 5538 3236 5605 Clarom.,
3259 5543 3546 5608 oportebat.

2537 5602 2620 5679 11)
2655 5602 2718 5660 Et
2751 5619 2798 5661 te
2824 5619 2871 5664 et
2905 5627 3081 5664 omnes
3111 5602 3359 5666 lecturos.
3382 5611 3456 5666 Ita
3480 5614 3715 5668 Clarom.
3750 5615 3818 5668 At
3847 5623 4011 5671 vetus

2434 5679 2666 5751 Fenard.
2685 5679 2808 5733 cod.
2829 5697 2950 5736 cum
2974 5696 3087 5736 om.
3110 5682 3396 5751 Anglic.,et
3422 5695 3469 5735 te
3483 5693 3533 5737 et
3560 5700 3739 5740 omnes
3761 5686 4005 5742 tectores.

2436 5750 2604 5809 Editt.
2638 5761 2784 5818 vero,
2811 5761 2984 5808 autem
3011 5759 3081 5821 te,
3118 5750 3398 5824 omnesque
3417 5753 3660 5812 lecturos.
