4238 6316
763 369 900 430 “£5

1514 371 1574 430 S.
1615 372 1873 430 lRENA‘Il
1908 370 2219 431 EPISCOPI
2257 371 2740 432 LUGDUNENSIS
2775 374 2867 432 ET
2903 374 3266 432 MARTYRIS

3856 379 3990 437 “ﬂ

756 488 1222 553 hareditavimus,
1249 488 1330 543 sic
1363 504 1460 559 per
1495 493 1900 561 generationem
1929 493 2071 549 hane
2097 494 2325 551 haredi-
2350 515 2399 573 Α
2426 492 2590 560 uisse,
2619 493 2764 549 velut
2792 494 2971 551 aliena
3014 497 3515 567 concupiscentem,
3546 496 3621 551 uti
3645 510 3769 551 eum
3814 496 3990 552 Ιιοιιιὶυ

756 592 996 638 taremus
1022 582 1211 636 vitam.
1244 581 1557 651 Reprobant
1596 585 1777 654 itaque
1801 585 1853 641 hi
1884 586 2317 642 commistionem

754 676 865 731 vini
904 673 1165 740 caelestis,
1196 682 1251 729 et
1296 675 1465 730 solam
1494 690 1691 744 aquam
1721 678 2036 733 saecularem
2080 678 2193 749 (24)
2227 694 2319 733 vo-

750 767 869 822 luut
898 780 1039 831 esse,
1073 781 1180 821 non
1215 767 1541 836 recipientes
1570 768 1737 824 Deum
1782 772 1851 823 ad
1883 770 2316 825 commistionem

749 875 941 926 suam;
976 870 1394 930 perseverantes
1423 861 1537 932 (15)
1584 872 1763 917 autem
1814 863 1866 915 in
1910 877 1976 917 eo
2002 862 2093 931 qui
2138 863 2316 917 victus

747 960 852 1017 est,
887 950 1082 1016 Adam,
1125 963 1180 1009 et
1210 956 1483 1025 proiectus
1506 956 1681 1010 estde
1708 956 1958 1024 paradiso
1993 976 2004 1010 :
2045 970 2149 1009 non
2185 970 2315 1010 con-

749 1046 1114 1114 templantes,
1182 1049 1462 1116 quoniam,
1513 1047 1965 1115 quemadmodum
2038 1048 2106 1102 ab
2160 1047 2313 1101 initio

744 1135 1122 1207 plasmationis
1156 1148 1354 1193 nostra:
1401 1140 1453 1192 in
1488 1139 1660 1192 Adam
1707 1152 1771 1191 ea
1819 1152 1939 1207 qua:
1970 1137 2077 1191 fuit
2124 1152 2154 1190 a
2204 1138 2313 1193 Deo

740 1229 1016 1298 aspiratio
1078 1230 1192 1303 (26)
1224 1230 1367 1299 vitae,
1410 1231 1560 1285 unita
1594 1229 1870 1299 plasmati,
1902 1230 2166 1283 animavit
2208 1229 2312 1284 ho-

742 1320 967 1387 minem,
1002 1332 1057 1378 et
1113 1322 1317 1377 animal
1368 1322 1632 1377 rationale
1674 1322 1943 1389 ostendit,
1998 1320 2162 1379 sicin
2204 1320 2311 1376 ﬁne

740 1410 981 1467 Verbum
1024 1410 1227 1477 Patris,
1258 1420 1316 1466 et
1359 1410 1595 1481 Spiritus
1638 1413 1754 1477 Dei,
1792 1413 2047 1468 adunitus
2072 1413 2309 1482 antiquas

737 1501 1061 1558 subeuntia:
1115 1504 1490 1572 plasmationis
1546 1506 1696 1570 Atla),
1752 1506 2022 1561 viventem
2075 1516 2132 1561 et
2184 1523 2307 1577 per-

740 1594 944 1650 fectum
974 1594 1157 1651 eﬂecit
1191 1597 1493 1662 hominem,
1520 1599 1823 1666 capientem
1856 1598 2161 1668 perfectura
2201 1598 2304 1653 Pa-

738 1696 911 1753 trem;
938 1696 997 1742 ut
1024 1688 1478 1757 quemadmodum
1520 1689 1576 1743 in
1611 1689 1830 1744 animali
1878 1704 2067 1746 omnes
2108 1690 2303 1745 mortui

734 1792 944 1844 sumus,
968 1780 1046 1835 sic
1073 1780 1126 1834 in
1155 1781 1384 1851 spiritali
1411 1797 1602 1837 omnes
1628 1782 1986 1836 viviﬁcemur.
2016 1781 2133 1838 Non
2157 1783 2301 1837 enim

2426 599 2550 640 nem
2565 585 2653 655 qui
2682 587 2749 640 ab
2780 585 2951 642 altero
2972 586 3148 644 factus
3161 596 3327 655 esset,
3344 589 3630 644 exhiberet
3650 590 3698 645 ei
3733 590 3866 663 Deo,
3891 591 3990 658 qui

2420 691 2600 745 neque
2618 677 2857 741 fecisset,
2874 693 3049 748 neque
3070 680 3424 744 condidisset,
3449 683 3540 736 sed
3562 690 3616 735 et
3640 681 3731 750 qui
3775 681 3989 737 desola-

2426 778 2513 823 tus
2534 778 2680 824 esset
2706 768 2776 824 ab
2800 770 2955 825 initio
2977 785 3006 823 a
3039 771 3260 841 propria
3290 772 3566 827 hominum
3603 772 3984 830 fabricatione.

2422 856 2539 913 Non
2575 875 2704 930 ergo
2744 861 2924 929 justus
2953 862 3217 916 adventus
3263 864 3401 931 ejus,
3429 862 3522 933 qui
3557 864 3857 919 secundum
3888 878 3986 920 eos

2420 950 2568 1005 venit
2609 952 2663 1005 in
2697 951 2912 1016 aliena;
2947 965 3121 1019 neque
3150 966 3279 1008 vere
3322 953 3552 1007 redemit
3582 969 3684 1009 nos
3719 950 3985 1025 sanguine

2420 1057 2539 1109 suo,
2576 1043 2619 1097 si
2654 1058 2759 1098 non
2803 1059 2930 1099 vere
2974 1044 3137 1100 homo
3166 1042 3341 1099 factus
3385 1054 3469 1100 est
3499 1045 3635 1117 (28),
3670 1058 3984 1103 restaurans

2418 1148 2516 1187 suo
2551 1132 2824 1202 plasmati,
2852 1134 2997 1203 quod
3019 1134 3225 1189 dictum
3255 1146 3337 1190 est
3369 1136 3424 1190 in
3459 1137 3747 1207 principio,
3776 1138 3980 1193 factum

2416 1240 2537 1282 esse
2564 1226 2837 1281 hominem
2875 1229 3172 1282 secundum
3224 1228 3511 1298 imaginem
3559 1242 3614 1285 et
3660 1226 3983 1287 similitudi-

2415 1330 2539 1371 nem
2590 1316 2704 1382 Dei,
2754 1332 2859 1371 non
2912 1317 3089 1371 aliena
3141 1319 3195 1373 in
3247 1318 3371 1374 dolo
3418 1319 3704 1389 diripiens,
3741 1321 3835 1377 sed
3882 1335 3980 1379 sua

2414 1410 2635 1479 propria
2658 1409 2803 1477 juste
2837 1418 2892 1464 et
2924 1410 3159 1479 benigne
3187 1426 3504 1479 assumens;
3546 1420 3810 1482 quantum
3840 1413 3981 1466 atti-

2413 1514 2508 1559 net
2531 1504 2747 1572 quidem
2793 1508 2860 1558 ad
2898 1503 3248 1572 apostasiam,
3273 1505 3423 1572 juste
3451 1518 3550 1559 suo
3596 1505 3860 1575 sanguine
3894 1519 3978 1559 re.

2412 1596 2624 1651 dimens
2658 1610 2758 1651 nos
2806 1596 2876 1651 ab
2906 1610 3005 1663 ea;
3061 1604 3323 1667 quantum
3374 1606 3558 1651 autem
3604 1596 3672 1650 ad
3716 1611 3837 1661 nos,
3882 1594 3975 1665 qui

2410 1694 2677 1764 redempti
2730 1708 2939 1761 sumus,
2981 1694 3232 1764 benigne.
3292 1693 3438 1748 Nihil
3496 1693 3639 1748 enim
3707 1692 3781 1746 illi
3848 1701 3977 1747 ante

2409 1786 2674 1848 dedimus,
2739 1800 2913 1853 neque
2955 1785 3227 1841 desiderat
3267 1785 3469 1854 aliquid
3515 1799 3546 1837 a
3590 1785 3781 1851 nobis,
3816 1783 3972 1853 quasi

733 1867 922 1940 eﬂ'ugit
951 1872 1243 1941 aliquando
1296 1874 1470 1929 Adam
1522 1889 1717 1928 manus
1767 1874 1858 1928 Dei
1891 1874 2028 1945 (Ἠ),
2062 1875 2129 1928 ad
2161 1888 2300 1943 quas
2332 1886 2372 1939 Β
2403 1878 2681 1948 indigens;
2720 1892 2817 1931 nos
2863 1885 3045 1932 autem
3096 1875 3400 1946 indigemus
3430 1874 3569 1944 ejus,
3620 1890 3741 1943 qua:
3772 1886 3857 1929 est
3901 1875 3972 1930 ad

732 1959 894 2018 Pater
944 1962 1205 2033 loquens,
1258 1964 1447 2019 dicit:
1489 1982 1507 2016 ‹
1569 1963 1855 2018 Faciamus
1904 1965 2177 2019 hominem
2229 1966 2300 2020 ad

731 2053 1022 2126 imaginem
1058 2066 1110 2111 et
1143 2055 1554 2112 similitudinem
1602 2068 1847 2112 nostram
1879 2057 1951 2110 ”.
2004 2076 2023 2110 ι
2075 2057 2140 2112 Ει
2170 2074 2294 2129 pro.

730 2153 851 2214 pter
875 2145 978 2201 hoc
1007 2146 1062 2200 in
1101 2144 1209 2201 ﬁne
1236 2160 1343 2200 non
1382 2161 1449 2200 ex
1482 2146 1758 2202 voluntate
1794 2149 1997 2214 carnis,
2026 2164 2199 2218 neque
2229 2164 2298 2204 ex

730 2235 1007 2292 voluntate
1054 2238 1180 2306 viri,
1230 2237 1325 2293 sed
1377 2254 1441 2292 ex
1484 2241 1681 2309 placito
1731 2240 1910 2296 Patris
1959 2257 2151 2297 manus
2179 2242 2295 2311 ejus

728 2330 910 2385 vivum
934 2328 1279 2400 perfecerunt
1315 2332 1615 2398 hominem,
1649 2334 1727 2387 uti
1760 2333 1854 2387 ﬁat
1895 2334 2066 2389 Adam
2098 2348 2294 2389 secun-

726 2421 855 2478 dum
884 2422 1176 2493 imaginem
1208 2431 1267 2477 et
1294 2423 1706 2481 similitudinem
1744 2425 1858 2482 Dei.

1322 2538 1549 2595 CAPUT
1584 2540 1645 2594 ιι.

724 2626 966 2686 Christus
1017 2650 1121 2687 non
1169 2633 1303 2687 venit
1335 2632 1389 2685 in
1439 2634 1637 2697 aliena,
1685 2647 1802 2685 cum
1847 2648 1946 2685 sua
1985 2648 2076 2686 nos
2114 2634 2292 2700 gratia

793 2702 1041 2765 uisitauit,
1095 2712 1146 2757 et
1191 2705 1343 2756 carni
1394 2712 1588 2755 nostra:
1629 2704 1848 2757 contulit
1890 2719 2133 2767 capacem
2182 2719 2291 2755 esse

792 2772 1017 2837 salutis,
1075 2789 1252 2827 verum
1305 2788 1400 2839 pro
1450 2772 1595 2826 nobis
1640 2775 1947 2842 sanguinem
1997 2774 2287 2840 fundendo,

792 2856 1073 2912 veramque
1102 2858 1310 2898 carnem
1342 2858 1493 2897 suam
1532 2843 1677 2897 nobis
1706 2844 1761 2895 in
1792 2842 2112 2897 eucharistia
2142 2844 2289 2895 exhi-

792 2911 980 2967 bendo.

796 3005 855 3060 1.
908 3006 1045 3061 Vani
1076 3015 1255 3060 autem
1283 3017 1336 3062 et
1366 3007 1459 3077 qui
1485 3007 1538 3062 in
1570 3006 1744 3063 aliena
1774 3008 1959 3063 dicunt
1996 3008 2162 3063 Deum
2195 3021 2286 3061 ve-

792 3096 839 3131 ⁸⁵
870 3097 1012 3154 Gen.
1038 3114 1077 3167 t,
1099 3098 1191 3153 26.

2405 1984 2552 2033 eum,
2582 1970 3017 2034 communionis;
3056 1978 3113 2023 et
3152 1978 3440 2037 propterea
3496 1968 3725 2037 benigne
3783 1965 3972 2021 eﬂ'udit

2402 2060 2756 2131 semetipsum
2802 2058 2951 2131 (29),
3006 2068 3063 2114 ut
3114 2074 3216 2115 nos
3252 2058 3533 2122 colliqeret
3559 2058 3614 2113 in
3643 2060 3822 2114 sinum
3854 2059 3970 2129 (30)

2401 2151 2602 2207 Patris.

2470 2266 2523 2322 2.
2558 2267 2692 2323 Vani
2726 2278 2907 2321 autem
2951 2266 3285 2330 omnimodo,
3327 2266 3419 2335 qui
3447 2264 3755 2318 universam
3781 2263 3968 2333 dispo-

2398 2358 2648 2421 sitionem
2680 2358 2771 2414 Dei
2801 2367 3176 2424 contemnunt,
3201 2367 3254 2411 et
3278 2356 3457 2411 carnis
3482 2355 3707 2411 salutem
3739 2361 3964 2424 negant,

2397 2465 2451 2508 et
2476 2451 2943 2523 regenerationem
2967 2451 3085 2521 ejus
3117 2456 3399 2519 spernunt,
3433 2447 3678 2501 dicentes
3705 2459 3811 2499 non
3838 2459 3963 2500 eam

2397 2558 2650 2613 capacem
2680 2556 2798 2596 esse
2821 2540 3375 2611 incorruptibilitatis.
3416 2536 3473 2594 Si
3513 2545 3690 2592 autem
3721 2552 3827 2591 non
3854 2534 3964 2590 sal-

2396 2647 2553 2692 vetur
2602 2637 2717 2691 haec
2764 2634 2900 2704 (31),
2946 2631 3203 2687 videlicet
3243 2646 3343 2685 nec
3390 2628 3650 2684 Dominus
3691 2627 3962 2698 sanguine

2394 2742 2493 2783 suo
2521 2728 2751 2783 redemit
2782 2741 2911 2791 nos;
2947 2739 3121 2793 neque
3153 2723 3295 2778 calix
3338 2721 3681 2778 eucliaristize
3717 2734 3961 2774 commu-

2395 2823 2595 2882 nicatio
2627 2819 2907 2890 sanguinis
2943 2817 3059 2887 ejus
3089 2828 3173 2871 est
3201 2830 3376 2885 neque
3422 2814 3575 2885 panis
3606 2827 3766 2882 quem
3806 2812 3961 2865 fran-

2397 2914 2593 2982 gimus,
2626 2909 3049 2967 communicatio
3100 2910 3348 2978 corporis
3394 2907 3511 2976 ejus
3560 2916 3664 2960 est.
3717 2904 3955 2973 Sanguis

2392 3009 2534 3062 enim
2565 3023 2673 3062 non
2706 3016 2809 3074 est,
2834 3007 2937 3061 nisi
2962 3023 2993 3060 a
3019 3006 3172 3059 venis
3202 3012 3257 3058 et
3284 3002 3562 3063 carnibus,
3592 3007 3649 3053 et
3692 3013 3723 3051 a
3745 2996 3953 3063 reliqua

790 3191 906 3264 (34)
947 3190 1131 3264 Solam
1180 3206 1370 3264 aquam
1408 3186 1737 3264 saecularem.
1781 3185 1859 3264 l_t_a
1898 3185 2056 3264 voss.
2087 3196 2143 3264 et
2167 3184 2289 3239 Cla-
2318 3194 2360 3251 ο
2395 3186 2561 3239 ristia:
2602 3188 3121 3264 communicationem
3167 3185 3439 3264 sanguinis
3481 3183 3595 3264 ej_us
3624 3197 3757 3247 esse,
3786 3198 3952 3251 neque

724 3257 1019 3327 ror‘n.,'nisi
1056 3262 1201 3330 quod
1228 3257 1284 3313 in
1322 3262 1423 3313 hoc
1451 3261 1663 3330 incuria
1707 3257 1900 3330 scriba;
1948 3258 2115 3330 (quod
2144 3270 2286 3323 saepe

718 3326 881 3403 solet)
904 3326 1128 3387 omissis
1157 3328 1751 3403 abbreviationisnotis
1777 3344 1940 3403 super
1966 3344 2020 3389 a,
2048 3326 2284 3403 legatur,

718 3402 835 3458 sola
862 3397 1019 3470 'aqua
1052 3401 1380 3456 saecularem.
1421 3398 1702 3470 lnﬂeditt.,
1736 3397 1847 3450 sola
1878 3412 2015 3465 aqua
2057 3397 2284 3448 swcula-

720 3473 816 3526 ris.
863 3469 1120 3538 Reliquos
1161 3470 1322 3525 codd.
1355 3469 1684 3538 Anglicanus
1712 3478 1995 3535 corruptos
2021 3479 2143 3520 esse
2170 3480 2285 3519 mu-

716 3551 809 3597 ttet
833 3541 1090 3597 Grabius.

809 3611 902 3682 25)
943 3610 1361 3682 Perseuerantes.
1400 3602 1587 3682 Editt.,
1618 3615 1966 3682 perseuerant.

809 3611 902 3682 25)
943 3611 1361 3665 Perseuerantes.
1400 3611 1587 3672 Editt.,
1618 3615 1966 3674 perseverant.

787 3611 1245 3760 £36)‘Aspira_tio..
1300 3681 1354 3733 ln
1398 3680 1635 3742 Arund.,
1667 3677 1888 3746 spiratia
1906 3692 1927 3742 ;
1960 3677 2013 3731 in
2043 3675 2199 3732 editt.
2225 3686 2281 3730 et

714 3748 883 3807 Herc.
914 3751 969 3815 2,
1003 3748 1138 3816 inspi
1146 3751 1299 3803 ratio.

786 3821 901 3891 (27)
942 3815 1138 3875 Manus
1180 3820 1299 3891 Dei.
1329 3818 1382 3872 ld
1410 3827 1494 3872 est
1537 3815 1585 3869 F
1591 3816 1741 3891 ilium
1782 3828 1828 3871 et
1854 3816 2112 3891 Spiritum
2151 3834 2280 3870 san-

712 3887 966 3956 ctum,'ut
991 3891 1221 3960 ipsemet
1250 3890 1484 3960 Irenaaus
1512 3890 1749 3956 explicat
1775 3903 1895 3953 sup.
1922 3887 2019 3942 lib.
2047 3903 2121 3953 tv,
2153 3903 2275 3957 cap.

712 3960 785 4016 20
812 3970 867 4015 et
898 3958 1057 4029 hujus
1090 3961 1185 4016 lib.
1215 3958 1421 4029 capoi,
1460 3974 1513 4011 η.
1543 3960 1593 4011 1.

809 4031 901 4099 28)
943 4024 1142 4084 Factus
1180 4024 1360 4084 estIF
1364 4038 1512 4082 actus
1556 4037 1687 4082 esset
1726 4026 1781 4080 in
1824 4024 2056 4080 Feuard.
2100 4040 2272 4097 marg.

711 4109 770 4156 et
799 4109 950 4156 Voss.

782 4172 896 4243 (29)
937 4170 1142 4241 Eﬁ'udit
1176 4168 1527 4236 semetipsum.
1550 4166 1617 4243 _E
1652 4166 1772 4243 sinu
1806 4166 2060 4224 videlicet
2095 4164 2275 4223 Patris

713 4239 768 4296 in
790 4234 1077 4307 hitindtiin,
1108 4248 1167 4295 ut
1195 4248 1339 4293 recte
1358 4234 1512 4291 notat
1541 4234 1801 4293 Grabius.

780 4310 894 4382 (30)
934 4306 1145 4382 Sinam.
1183 4308 1338 4363 Eras.
1371 4318 1424 4362 et
1448 4306 1613 4382 Gall.,
1643 4308 1783 4382 sinu.

780 4310 874 4382 (30
934 4310 1145 4365 Sinum.
1183 4310 1338 4363 Eras.
1371 4318 1424 4362 et
1448 4310 1613 4371 Gall.,
1643 4310 1783 4358 sinu.

780 4310 896 4453 (at;
933 4380 1001 4453 Si
1034 4391 1207 4433 autem
1251 4394 1361 4453 non
1390 4376 1784 4453 Μιναίαν-ἀίει.
1831 4376 1910 4432 lta
1937 4378 2271 4453 antiquiores

709 4460 767 4506 et
789 4446 1033 4507 melioris
1065 4460 1204 4503 noue
1226 4448 1385 4504 codd.
1415 4458 1545 4513 tres,
1572 4446 1783 4502 scilicet
1815 4458 1970 4503 vetus
2004 4446 2266 4515 Feuard.,

709 4519 950 4579 Claroru.
976 4532 1033 4575 et
1061 4519 1218 4576 Voss.
1248 4518 1354 4572 Alii
1384 4532 1573 4573 omnes
1606 4518 1840 4581 habent,
1882 4519 1958 4571 sic
1990 4529 2163 4573 autem
2188 4538 2267 4574 se-

708 4592 938 4646 cundum
960 4592 1110 4654 nec;
1135 4590 1237 4644 nisi
1264 4592 1405 4657 quod
1428 4586 1829 4657 Ottoboniauus
1857 4589 2149 4644 interserat
2171 4608 2263 4646 nos

708 4672 836 4716 ante
862 4664 1168 4716 secundum.
1200 4656 1331 4723 Sed,
1372 4658 1631 4727 quidquid
1675 4656 1823 4727 dicat
1864 4660 2077 4715 clariss.
2125 4658 2264 4715 Gra-

706 4730 853 4795 hius,
880 4734 1031 4800 prior
1079 4731 1240 4785 lectio
1287 4726 1641 4800 prm’ferenda.
1692 4726 1806 4781 Duo
1854 4730 1999 4783 enim
2058 4732 2109 4783 in
2158 4732 2261 4789 hoc

706 4798 895 4871 capite
920 4801 1195 4870 probanda
1222 4800 1328 4871 sibi
1357 4799 1585 4867 suscipit
1610 4798 1842 4853 lreuaeus
1864 4809 2063 4871 (contra
2097 4800 2262 4856 haere-

705 4869 877 4937 ticos;
916 4869 1164 4936 alterum,
1202 4870 1475 4924 Christum
1523 4884 1636 4921 vere
1677 4869 1956 4922 redemisse
1997 4887 2091 4923 nos
2133 4888 2260 4925 san-

704 4942 860 5012 guine
898 4957 1013 5007 suo,
1042 4955 1107 4993 ac
1151 4941 1375 5010 proinde
1420 4954 1534 4993 uere
1567 4938 1829 4990 hominm
1874 4938 2073 5008 factum
2112 4956 2257 5008 esse;

704 5014 962 5075 alterum,
988 5023 1413 5071 resurrecturum
1441 5025 1560 5063 esse
1586 5023 1805 5061 carnem
1827 5020 2090 5075 nostrain,
2111 5026 2258 5064 eam—

700 5096 803 5151 que
837 5089 1079 5151 capacem
1100 5096 1207 5135 esse
1238 5078 1765 5151 incorruptibilitatis.
1806 5076 2103 5148 Utrumque
2128 5096 2253 5135 vero

704 5149 1062 5217 demonstrat,
1114 5156 1263 5220 prius
1306 5152 1521 5219 quidem
1572 5149 1846 5220 sigillatim
1894 5165 1959 5202 ex
2006 5151 2250 5217 Apostoli

704 5224 919 5287 verbis;
954 5231 1063 5275 tum
1100 5219 1391 5290 utrumque
1434 5219 1593 5274 simul
1630 5234 1694 5272 ex
1740 5223 2008 5273 communi
2046 5230 2101 5273 et
2166 5236 2251 5275 re-

704 5304 883 5363 cepta,
915 5307 1019 5346 non
1065 5292 1206 5361 apud
1232 5306 1455 5363 omnes
1483 5290 1785 5363 catholicos
1826 5294 2005 5356 modo,
2050 5292 2143 5345 sed
2178 5300 2250 5363 et

702 5360 844 5434 apud
887 5377 999 5422 eos,
1036 5360 1172 5430 quos
1230 5361 1555 5426 incessebat,
1606 5360 1905 5434 haereticos,
1943 5362 2244 5434 sententia,

701 5430 1089 5489 eucharistiam
1136 5446 1319 5487 verum
1368 5446 1488 5485 esse
1525 5444 1587 5484 ac
1634 5430 1988 5485 substantiale
2040 5430 2244 5487 Christi

700 5518 919 5572 corpus,
950 5516 1135 5557 verum
1161 5517 1226 5555 ac
1254 5500 1660 5557 substantialein
1688 5503 1859 5569 ipsius
1892 5502 2242 5569 sanguinem:

701 5576 928 5629 necdum
964 5574 1106 5628 enim
1161 5585 1320 5637 nata,
1372 5587 1489 5641 qua:
1529 5580 1796 5640 posterius
1838 5586 2010 5623 :evum
2066 5572 2240 5637 tinxit,

700 5658 839 5699 vana
890 5644 980 5697 illa
1027 5643 1315 5712 ligarat-um
1364 5657 1425 5695 ac
1471 5656 1741 5694 nierorum
1781 5642 2056 5711 signorum
2086 5658 2236 5695 cutu-

701 5725 904 5769 menta.
936 5714 994 5769 Si
1033 5714 1196 5776 enim,
1243 5715 1318 5767 ait
1366 5723 1555 5767 auctor
1595 5721 1799 5774 noster,
1846 5727 1944 5766 nec
1995 5725 2240 5767 resurre-

699 5795 850 5840 ctura
879 5786 951 5839 sit
986 5798 1136 5851 caro,
1164 5798 1265 5838 nec
1297 5783 1553 5837 Dominus
1592 5783 1852 5850 sanguine
1888 5797 1984 5835 suo
2012 5796 2107 5835 nos
2154 5797 2237 5836 re-

699 5855 959 5925 (latuerit;
994 5854 1120 5911 hinc
1167 5855 1548 5928 consequitur,
1594 5867 1756 5908 neaue
1793 5852 2005 5908 culicem
2046 5854 2236 5907 eucha-

2392 3272 2579 3327 panem
2622 3272 2774 3327 quem
2819 3259 3134 3327 frangimus,
3168 3255 3687 3313 communicationem
3716 3268 3952 3327 corporis

2391 3323 2506 3397 ejus
2527 3323 2656 3379 esse.
2695 3323 2926 3397 Sanguis
2944 3323 3225 3397 siquidem
3260 3339 3380 3397 esse
3408 3339 3512 3379 non
3548 3330 3750 3397 potest,
3784 3323 3885 3397 nisi
3918 3340 3949 3377 a

2390 3396 2541 3449 venis
2571 3404 2625 3449 et
2654 3393 2932 3461 carnibus,
2962 3393 3077 3451 et_a
3110 3397 3315 3465 reliqua
3349 3394 3583 3465 humana
3619 3393 3946 3465 substantia.

2392 3465 2623 3535 Sigergo
2669 3481 2797 3519 vera
2845 3483 2949 3523 non
2996 3462 3665 3535 fueritCliristiiviventis
3712 3462 3946 3535 humana

2387 3533 2711 3599 substantia,
2758 3552 2861 3591 nec
2892 3552 3021 3591 vero
3056 3552 3120 3590 ac
3150 3534 3493 3591 substantiali
3536 3533 3798 3601 sanguine
3847 3547 3948 3587 nos

2389 3605 2697 3669 redemerit,
2725 3608 2819 3661 sed
2852 3622 3047 3661 vanam
3081 3607 3263 3661 carnis
3301 3614 3393 3658 attt
3420 3604 3702 3669 sanguinis
3754 3602 3949 3669 imagi-

2387 3690 2510 3727 nem
2546 3675 2717 3730 oculis
2762 3691 2825 3731 ac
2877 3678 3124 3732 sensibus
3170 3675 3462 3746 objecerit;
3513 3688 3628 3746 nec
3659 3684 3847 3746 verum
3878 3685 3947 3726 ac

2386 3746 2738 3800 substantiale
2766 3762 2987 3816 corpus,
3022 3762 3212 3801 verum
3236 3741 3319 3799 'ac
3365 3741 3773 3816 substantialem
3812 3756 3946 3816 san-

2384 3816 2601 3891 guinem
2651 3816 2703 3871 in
2744 3813 3072 3891 eucliaristia
3096 3819 3372 3891 porrigere
3412 3814 3568 3868 nobis
3612 3820 3811 3891 potest.
3843 3813 3945 3891 iAt:

2381 3885 2475 4004 (qui
2543 3896 2720 3939 tamen
2784 3887 2839 3942 in
2891 3881 3409 3941 eucharistiaVero
3472 3897 3535 3936 ac
3593 3881 3940 3935 substantiali

2428 3954 2581 4004 liristi
2624 3970 2849 4004 corpore
2896 3973 2959 4004 ac
2990 3957 3252 4004 sanguine
3281 3954 3429 4004 reﬁci
3476 3967 3574 4004 nos
3624 3966 3691 4004 ac
3733 3952 3937 4004 notari.

2428 3954 2581 4025 liristi
2624 3970 2849 4025 corpore
2896 3973 2959 4010 ac
2990 3957 3252 4025 sanguine
3281 3954 3429 4009 reﬂci
3476 3967 3574 4007 nos
3624 3966 3691 4004 ac
3732 3952 3937 4019 putari,

2378 4020 2600 4077 Christo
2642 4020 2759 4092 ipso
2794 4028 3027 4081 docente
3067 4020 3129 4079 ac
3165 4030 3545 4083 contirmante,
3573 4030 3816 4086 constat;
3851 4025 3940 4076 bis

2377 4104 2606 4164 corpora
2632 4105 2816 4149 nostra
2838 4098 3164 4161 nutriuntur,
3193 4104 3457 4164 augentur
3479 4110 3561 4164 ac,
3584 4094 3934 4164 conisistunt:

2379 4162 2623 4216 membra
2653 4166 2855 4234 quippe
2891 4166 3092 4221 Christi
3136 4162 3477 4229 cum'simus,
3511 4162 3718 4215 idcirco
3738 4163 3964 4234 noluit

2378 4244 2500 4286 esse
2519 4234 2601 4304 sui
2629 4231 2904 4303 sanguinis
2924 4236 3187 4302 expertia.
3212 4235 3313 4300 Qui
3335 4249 3465 4304 ergo
3481 4231 3935 4304 corporaipsius-

2378 4311 2491 4373 met
2516 4303 2659 4367 vitae,
2700 4302 2901 4359 Christi
2937 4305 3209 4371 videlicet,
3239 4302 3493 4360 carne‘ac
3536 4302 3799 4373 sanguine
3827 4318 3929 4355 nu-

2377 4371 2535 4438 trita,
2559 4373 2781 4442 ejusque
2811 4375 3074 4438 membra,
3106 4386 3373 4430 aeternum
3414 4371 3659 4429 dissolvi
3680 4380 3930 4442 possunt,

2374 4453 2477 4496 nec
2504 4443 2556 4497 itt
2583 4440 2949 4513 suo—tempore
2978 4446 3297 4514 resurgere?
3332 4446 3400 4498 Et
3428 4445 3520 4512 qui
3551 4440 3730 4514 etiam“
3755 4440 3929 4514 Chri-

2374 4518 2488 4566 stus
2513 4528 2649 4566 vana
2680 4511 2860 4570 carnis
2884 4515 3071 4569 umbra
3106 4511 3385 4569 hominum
3410 4511 3603 4569 sensus
3628 4511 3928 4579 ludiﬁcari,

2370 4581 2702 4651 evanidoque
2745 4586 3021 4655 sanguinis
3050 4589 3449 4654 phantasmate,
3489 4580 3643 4655 Patri
3681 4582 3927 4655 moriens

2368 4655 2760 4726 redemptionis
2804 4654 3005 4725 nostrae
3061 4657 3298 4726 pretium
3347 4654 3657 4725 persolvere
3707 4654 3926 4720 potuit,

2366 4723 2520 4790 cujus
2556 4738 2736 4780 veram
2778 4741 2844 4781 ac
2888 4723 3303 4781 substantialem
3334 4723 3576 4788 carnem,
3625 4737 3813 4776 verum
3854 4736 3924 4778 ac

2366 4794 2772 4849 substantialem
2822 4797 3136 4866 sanguinem
3176 4797 3401 4851 exhibet
3451 4794 3924 4866 eucharistiaesa-

2364 4875 2735 4935 cramentum;
2764 4879 2819 4921 et
2844 4864 2999 4935 cujus
3028 4869 3270 4921 membra
3304 4881 3492 4919 sumus
3523 4878 3621 4919 nos
3660 4864 3774 4917 veri
3812 4864 3918 4935 ho-

2362 4934 2554 5009 mines,
2595 4934 3085 5009 quibusvitamiet
3135 4948 3341 5009 motum
3392 4935 3634 5004 impertit
3689 4934 3919 5009 sanguis

2360 5004 2477 5068 ejus
2516 5008 2947 5063 eucharisticus?
2978 5008 3101 5063 Haec
3132 5008 3318 5062 lrenaii
3363 5004 3764 5074 argumentatio
3788 5013 3870 5059 est
3897 5021 3916 5059 :

2360 5089 2464 5141 qua
2494 5075 2737 5131 lectionis
2770 5090 2967 5133 nostra:
3001 5081 3202 5133 veritas
3231 5073 3607 5132 conﬁrmatur.
3643 5073 3919 5129 Molestia-

2357 5157 2491 5218 sima
2529 5150 2747 5214 quidem
2776 5149 3109 5203 Calvinianis
3140 5151 3253 5202 haec
3290 5147 3734 5218 argumentatio;
3770 5145 3919 5199 unde

2356 5214 2488 5288 nihil
2525 5212 2719 5270 mirum
2740 5218 2788 5272 si
2817 5220 2959 5273 vires
2986 5234 3174 5273 omnes
3200 5212 3423 5288 colligat
3458 5230 3692 5285 nuperus
3718 5212 3914 5288 iremus

2353 5286 2548 5351 editor,
2600 5302 2921 5357 omnemque
2967 5290 3290 5344 industriam
3328 5284 3491 5358 atque
3526 5284 3748 5356 operam
3801 5284 3915 5358 huc

2350 5357 2620 5421 conterat,
2653 5368 2707 5431 ut
2736 5355 2849 5412 viui
2874 5360 3019 5414 illius
3048 5362 3329 5431 infringat.
3357 5355 3658 5431 Sedetanus
3701 5355 3914 5431 Anglu-

2354 5440 2468 5498 ιὐω
2519 5430 2774 5498 proselyti
2821 5442 3049 5486 c0natus
3106 5433 3159 5485 in
3205 5428 3425 5485 dissert.
3460 5430 3493 5482 5
3534 5428 3911 5491 ιιοβιηιτυιὶι-

2352 5496 2601 5565 lavimus,
2657 5496 2749 5553 ubi
2796 5501 2926 5554 .luce
2976 5503 3178 5557 clarius
3232 5501 3602 5562 ostendimus,
3650 5500 3750 5553 nisi
3826 5499 3910 5552 ita

2348 5578 2755 5635 argumentetur
2782 5570 2884 5625 SS.
2919 5575 3167 5637 antistes,
3199 5574 3441 5627 omnium
3488 5570 3911 5631 insulsissituam

2346 5639 2869 5712 argumentationem
2901 5643 3017 5712 ejus
3064 5660 3204 5711 esse,
3235 5656 3405 5711 eaque
3434 5656 3542 5693 non
3594 5643 3755 5696 modo
3792 5655 3904 5690 non

2345 5703 2678 5781 labelactart,
2718 5714 2814 5767 sed
2843 5703 2953 5767 into
2982 5703 3294 5772 continuari
3320 5703 3741 5777 haereticorum,
3766 5724 3913 5781 quos

2346 5778 2641 5841 refellebat.
2674 5786 3020 5842 sententiam.
