  <div class='ocr_page' id='page_1' title='image "/cluster/home/n/w/nwhite01/storage/ocr_20150623/7 pars.2/pst.000005711840/020.png"; bbox 0 0 4238 6316; ppageno 0'>
   <div class='ocr_carea' id='block_1_1' title="bbox 245 437 374 498">
    <p class='ocr_par' dir='ltr' id='par_1_1' title="bbox 245 437 374 498">
     <span class='ocr_line' id='line_1_1' title="bbox 245 437 374 498; baseline 0.023 -3"><span class='ocrx_word' id='word_1_1' title='bbox 245 437 374 498; x_wconf 70' lang='grc'>1133</span> 
     </span>
    </p>
   </div>
   <div class='ocr_carea' id='block_1_2' title="bbox 1418 440 2367 502">
    <p class='ocr_par' dir='ltr' id='par_1_2' title="bbox 1418 440 2367 502">
     <span class='ocr_line' id='line_1_2' title="bbox 1418 440 2367 502; baseline 0.002 -2"><span class='ocrx_word' id='word_1_2' title='bbox 1418 440 1709 500; x_wconf 68' lang='grc' dir='ltr'><strong>ΟΟΝΤΒΑ</strong></span> <span class='ocrx_word' id='word_1_3' title='bbox 1739 442 2087 499; x_wconf 64' lang='grc' dir='ltr'><strong>ΗΕΒΒΞΕΞ</strong></span> <span class='ocrx_word' id='word_1_4' title='bbox 2124 444 2253 501; x_wconf 81' lang='lat' dir='ltr'><strong>LIB.</strong></span> <span class='ocrx_word' id='word_1_5' title='bbox 2303 444 2367 502; x_wconf 72' lang='grc' dir='ltr'>ν.</span> 
     </span>
    </p>
   </div>
   <div class='ocr_carea' id='block_1_3' title="bbox 3380 449 3519 507">
    <p class='ocr_par' dir='ltr' id='par_1_3' title="bbox 3380 449 3519 507">
     <span class='ocr_line' id='line_1_3' title="bbox 3380 449 3519 507; baseline 0.022 -4"><span class='ocrx_word' id='word_1_6' title='bbox 3380 449 3519 507; x_wconf 61' lang='lat' dir='ltr'><strong>HN</strong></span> 
     </span>
    </p>
   </div>
   <div class='ocr_carea' id='block_1_4' title="bbox 313 560 3522 639">
    <p class='ocr_par' dir='ltr' id='par_1_4' title="bbox 313 560 3522 639">
     <span class='ocr_line' id='line_1_4' title="bbox 313 560 3522 639; baseline 0.004 -25"><span class='ocrx_word' id='word_1_7' title='bbox 313 571 410 639; x_wconf 58' lang='grc' dir='ltr'><strong>ιιι,</strong></span> <span class='ocrx_word' id='word_1_8' title='bbox 438 562 485 615; x_wconf 84' lang='lat' dir='ltr'><strong>si</strong></span> <span class='ocrx_word' id='word_1_9' title='bbox 515 560 846 639; x_wconf 62' lang='lat' dir='ltr'><strong>corporibus</strong></span> <span class='ocrx_word' id='word_1_10' title='bbox 872 564 1066 639; x_wconf 78' lang='lat' dir='ltr'><strong>nostris</strong></span> <span class='ocrx_word' id='word_1_11' title='bbox 1099 562 1256 618; x_wconf 70' lang='lat' dir='ltr'><strong>vitam</strong></span> <span class='ocrx_word' id='word_1_12' title='bbox 1290 573 1543 619; x_wconf 79' lang='lat' dir='ltr'><strong>wtemam</strong></span> <span class='ocrx_word' id='word_1_13' title='bbox 1573 574 1827 635; x_wconf 63' lang='lat' dir='ltr'><strong>prastare</strong></span> <span class='ocrx_word' id='word_1_14' title='bbox 1856 572 1900 626; x_wconf 81' lang='grc' dir='ltr'><strong>Α</strong></span> <span class='ocrx_word' id='word_1_15' title='bbox 1932 566 2104 636; x_wconf 89' lang='lat' dir='ltr'><strong>igitur</strong></span> <span class='ocrx_word' id='word_1_16' title='bbox 2128 578 2353 636; x_wconf 75' lang='lat' dir='ltr'><strong>propter</strong></span> <span class='ocrx_word' id='word_1_17' title='bbox 2383 567 2766 623; x_wconf 68' lang='lat' dir='ltr'><strong>necessitatem</strong></span> <span class='ocrx_word' id='word_1_18' title='bbox 2794 574 2848 623; x_wconf 89' lang='lat' dir='ltr'><strong>et</strong></span> <span class='ocrx_word' id='word_1_19' title='bbox 2879 581 3102 624; x_wconf 82' lang='lat' dir='ltr'><strong>causam</strong></span> <span class='ocrx_word' id='word_1_20' title='bbox 3135 570 3296 625; x_wconf 84' lang='lat' dir='ltr'><strong>aliam</strong></span> <span class='ocrx_word' id='word_1_21' title='bbox 3328 585 3522 639; x_wconf 85' lang='lat' dir='ltr'><strong>quam-</strong></span> 
     </span>
    </p>
   </div>
   <div class='ocr_carea' id='block_1_5' title="bbox 317 630 1024 698">
    <p class='ocr_par' dir='ltr' id='par_1_5' title="bbox 317 630 1024 698">
     <span class='ocr_line' id='line_1_5' title="bbox 317 630 1024 698; baseline 0.001 -14"><span class='ocrx_word' id='word_1_22' title='bbox 317 630 392 684; x_wconf 72' lang='lat' dir='ltr'><strong>oel</strong></span> <span class='ocrx_word' id='word_1_23' title='bbox 422 647 526 683; x_wconf 83' lang='lat' dir='ltr'><strong>non</strong></span> <span class='ocrx_word' id='word_1_24' title='bbox 556 631 746 698; x_wconf 84' lang='lat' dir='ltr'><strong>possit,</strong></span> <span class='ocrx_word' id='word_1_25' title='bbox 769 632 846 685; x_wconf 83' lang='lat' dir='ltr'><strong>vel</strong></span> <span class='ocrx_word' id='word_1_26' title='bbox 873 634 1024 685; x_wconf 88' lang='lat' dir='ltr'><strong>nolit.</strong></span> 
     </span>
    </p>
   </div>
   <div class='ocr_carea' id='block_1_6' title="bbox 321 720 1824 793">
    <p class='ocr_par' dir='ltr' id='par_1_6' title="bbox 321 720 1824 793">
     <span class='ocr_line' id='line_1_6' title="bbox 321 720 1824 793; baseline 0.003 -19"><span class='ocrx_word' id='word_1_27' title='bbox 321 720 374 777; x_wconf 95' lang='grc'>1.</span> <span class='ocrx_word' id='word_1_28' title='bbox 420 720 615 774; x_wconf 84' lang='lat' dir='ltr'><strong>Latent</strong></span> <span class='ocrx_word' id='word_1_29' title='bbox 668 730 849 776; x_wconf 89' lang='lat' dir='ltr'><strong>autem</strong></span> <span class='ocrx_word' id='word_1_30' title='bbox 894 722 1217 791; x_wconf 87' lang='lat' dir='ltr'><strong>semetipsos</strong></span> <span class='ocrx_word' id='word_1_31' title='bbox 1263 724 1409 791; x_wconf 89' lang='lat'>(97),</span> <span class='ocrx_word' id='word_1_32' title='bbox 1456 725 1547 793; x_wconf 85' lang='lat' dir='ltr'><strong>qui</strong></span> <span class='ocrx_word' id='word_1_33' title='bbox 1593 725 1824 780; x_wconf 85' lang='lat' dir='ltr'><strong>alterum</strong></span> 
     </span>
    </p>
   </div>
   <div class='ocr_carea' id='block_1_7' title="bbox 241 812 1826 884">
    <p class='ocr_par' dir='ltr' id='par_1_7' title="bbox 241 812 1826 884">
     <span class='ocr_line' id='line_1_7' title="bbox 241 812 1826 884; baseline 0.004 -18"><span class='ocrx_word' id='word_1_34' title='bbox 241 812 511 882; x_wconf 79' lang='lat' dir='ltr'><strong>aﬂingunt</strong></span> <span class='ocrx_word' id='word_1_35' title='bbox 549 812 806 879; x_wconf 89' lang='lat' dir='ltr'><strong>Patrem,</strong></span> <span class='ocrx_word' id='word_1_36' title='bbox 854 823 1049 882; x_wconf 71' lang='lat' dir='ltr'><strong>prteter</strong></span> <span class='ocrx_word' id='word_1_37' title='bbox 1093 816 1475 884; x_wconf 79' lang='lat' dir='ltr'><strong>Demiurgum.</strong></span> <span class='ocrx_word' id='word_1_38' title='bbox 1513 829 1567 873; x_wconf 91' lang='lat' dir='ltr'><strong>et</strong></span> <span class='ocrx_word' id='word_1_39' title='bbox 1622 820 1826 873; x_wconf 90' lang='lat' dir='ltr'><strong>bonum</strong></span> 
     </span>
    </p>
   </div>
   <div class='ocr_carea' id='block_1_8' title="bbox 242 907 1824 979">
    <p class='ocr_par' dir='ltr' id='par_1_8' title="bbox 242 907 1824 979">
     <span class='ocr_line' id='line_1_8' title="bbox 242 907 1824 979; baseline 0.005 -22"><span class='ocrx_word' id='word_1_40' title='bbox 242 918 371 957; x_wconf 88' lang='lat' dir='ltr'><strong>eum</strong></span> <span class='ocrx_word' id='word_1_41' title='bbox 410 914 636 967; x_wconf 78' lang='lat' dir='ltr'><strong>vocant;</strong></span> <span class='ocrx_word' id='word_1_42' title='bbox 665 907 965 968; x_wconf 82' lang='lat' dir='ltr'><strong>inﬁrmum,</strong></span> <span class='ocrx_word' id='word_1_43' title='bbox 996 917 1051 959; x_wconf 88' lang='lat' dir='ltr'><strong>et</strong></span> <span class='ocrx_word' id='word_1_44' title='bbox 1078 908 1354 972; x_wconf 88' lang='lat' dir='ltr'><strong>inutilem,</strong></span> <span class='ocrx_word' id='word_1_45' title='bbox 1380 918 1432 962; x_wconf 92' lang='lat' dir='ltr'><strong>et</strong></span> <span class='ocrx_word' id='word_1_46' title='bbox 1462 910 1824 979; x_wconf 72' lang='lat' dir='ltr'><strong>negligentem</strong></span> 
     </span>
    </p>
   </div>
   <div class='ocr_carea' id='block_1_9' title="bbox 244 988 1824 1067">
    <p class='ocr_par' dir='ltr' id='par_1_9' title="bbox 244 988 1824 1067">
     <span class='ocr_line' id='line_1_9' title="bbox 244 988 1824 1067; baseline 0.003 -20"><span class='ocrx_word' id='word_1_47' title='bbox 244 988 547 1049; x_wconf 76' lang='lat' dir='ltr'><strong>inferentes</strong></span> <span class='ocrx_word' id='word_1_48' title='bbox 580 1011 736 1060; x_wconf 90' lang='lat' dir='ltr'><strong>eum;</strong></span> <span class='ocrx_word' id='word_1_49' title='bbox 772 1006 829 1048; x_wconf 92' lang='lat' dir='ltr'><strong>ut</strong></span> <span class='ocrx_word' id='word_1_50' title='bbox 861 1012 968 1050; x_wconf 91' lang='lat' dir='ltr'><strong>non</strong></span> <span class='ocrx_word' id='word_1_51' title='bbox 998 998 1269 1062; x_wconf 84' lang='lat' dir='ltr'><strong>dicamus,</strong></span> <span class='ocrx_word' id='word_1_52' title='bbox 1300 1000 1559 1067; x_wconf 88' lang='lat' dir='ltr'><strong>quoniam</strong></span> <span class='ocrx_word' id='word_1_53' title='bbox 1600 998 1824 1051; x_wconf 87' lang='lat' dir='ltr'><strong>lividum</strong></span> 
     </span>
    </p>
   </div>
   <div class='ocr_carea' id='block_1_10' title="bbox 242 1072 1825 1154">
    <p class='ocr_par' dir='ltr' id='par_1_10' title="bbox 242 1072 1825 1154">
     <span class='ocr_line' id='line_1_10' title="bbox 242 1072 1825 1154; baseline 0.003 -17"><span class='ocrx_word' id='word_1_54' title='bbox 242 1092 297 1137; x_wconf 89' lang='lat' dir='ltr'><strong>et</strong></span> <span class='ocrx_word' id='word_1_55' title='bbox 331 1084 597 1149; x_wconf 87' lang='lat' dir='ltr'><strong>invidum,</strong></span> <span class='ocrx_word' id='word_1_56' title='bbox 630 1085 684 1138; x_wconf 92' lang='lat' dir='ltr'><strong>in</strong></span> <span class='ocrx_word' id='word_1_57' title='bbox 716 1098 783 1140; x_wconf 91' lang='lat' dir='ltr'><strong>eo</strong></span> <span class='ocrx_word' id='word_1_58' title='bbox 816 1086 962 1154; x_wconf 91' lang='lat' dir='ltr'><strong>quod</strong></span> <span class='ocrx_word' id='word_1_59' title='bbox 993 1072 1321 1142; x_wconf 20' lang='lat' dir='ltr'><strong>dicunt&#39;non</strong></span> <span class='ocrx_word' id='word_1_60' title='bbox 1356 1088 1619 1142; x_wconf 84' lang='lat' dir='ltr'><strong>viviﬁcari</strong></span> <span class='ocrx_word' id='word_1_61' title='bbox 1652 1087 1720 1141; x_wconf 87' lang='lat' dir='ltr'><strong>ab</strong></span> <span class='ocrx_word' id='word_1_62' title='bbox 1760 1102 1825 1141; x_wconf 91' lang='lat' dir='ltr'><strong>eo</strong></span> 
     </span>
    </p>
   </div>
   <div class='ocr_carea' id='block_1_11' title="bbox 242 1175 1824 1246">
    <p class='ocr_par' dir='ltr' id='par_1_11' title="bbox 242 1175 1824 1246">
     <span class='ocr_line' id='line_1_11' title="bbox 242 1175 1824 1246; baseline 0.001 -17"><span class='ocrx_word' id='word_1_63' title='bbox 242 1181 435 1230; x_wconf 86' lang='lat' dir='ltr'><strong>nostra</strong></span> <span class='ocrx_word' id='word_1_64' title='bbox 480 1190 733 1243; x_wconf 88' lang='lat' dir='ltr'><strong>corpora.</strong></span> <span class='ocrx_word' id='word_1_65' title='bbox 761 1175 893 1229; x_wconf 90' lang='lat' dir='ltr'><strong>Cum</strong></span> <span class='ocrx_word' id='word_1_66' title='bbox 920 1178 1063 1229; x_wconf 90' lang='lat' dir='ltr'><strong>enim</strong></span> <span class='ocrx_word' id='word_1_67' title='bbox 1098 1177 1283 1231; x_wconf 88' lang='lat' dir='ltr'><strong>dicant</strong></span> <span class='ocrx_word' id='word_1_68' title='bbox 1311 1192 1373 1231; x_wconf 88' lang='lat' dir='ltr'><strong>ea</strong></span> <span class='ocrx_word' id='word_1_69' title='bbox 1410 1193 1532 1246; x_wconf 81' lang='lat' dir='ltr'><strong>quae</strong></span> <span class='ocrx_word' id='word_1_70' title='bbox 1572 1178 1824 1231; x_wconf 90' lang='lat' dir='ltr'><strong>omnibus</strong></span> 
     </span>
    </p>
   </div>
   <div class='ocr_carea' id='block_1_12' title="bbox 242 1264 1820 1334">
    <p class='ocr_par' dir='ltr' id='par_1_12' title="bbox 242 1264 1820 1334">
     <span class='ocr_line' id='line_1_12' title="bbox 242 1264 1820 1334; baseline 0.001 -16"><span class='ocrx_word' id='word_1_71' title='bbox 242 1274 373 1319; x_wconf 87' lang='lat' dir='ltr'><strong>sunt</strong></span> <span class='ocrx_word' id='word_1_72' title='bbox 424 1264 739 1329; x_wconf 74' lang='lat' dir='ltr'><strong>manifesta,</strong></span> <span class='ocrx_word' id='word_1_73' title='bbox 772 1265 1025 1332; x_wconf 84' lang='lat' dir='ltr'><strong>quoniam</strong></span> <span class='ocrx_word' id='word_1_74' title='bbox 1065 1277 1419 1334; x_wconf 87' lang='lat' dir='ltr'><strong>perseverant</strong></span> <span class='ocrx_word' id='word_1_75' title='bbox 1466 1268 1820 1331; x_wconf 84' lang='lat' dir='ltr'><strong>immortalia,</strong></span> 
     </span>
    </p>
   </div>
   <div class='ocr_carea' id='block_1_13' title="bbox 242 1353 1819 1426">
    <p class='ocr_par' dir='ltr' id='par_1_13' title="bbox 242 1353 1819 1426">
     <span class='ocr_line' id='line_1_13' title="bbox 242 1353 1819 1426; baseline 0.001 -19"><span class='ocrx_word' id='word_1_76' title='bbox 242 1362 433 1421; x_wconf 85' lang='lat' dir='ltr'><strong>utputa</strong></span> <span class='ocrx_word' id='word_1_77' title='bbox 469 1354 696 1422; x_wconf 82' lang='lat' dir='ltr'><strong>spiritus</strong></span> <span class='ocrx_word' id='word_1_78' title='bbox 739 1362 795 1407; x_wconf 90' lang='lat' dir='ltr'><strong>et</strong></span> <span class='ocrx_word' id='word_1_79' title='bbox 838 1353 1041 1418; x_wconf 88' lang='lat' dir='ltr'><strong>anima,</strong></span> <span class='ocrx_word' id='word_1_80' title='bbox 1078 1363 1131 1407; x_wconf 90' lang='lat' dir='ltr'><strong>et</strong></span> <span class='ocrx_word' id='word_1_81' title='bbox 1164 1370 1282 1421; x_wconf 61' lang='lat' dir='ltr'><strong>quae</strong></span> <span class='ocrx_word' id='word_1_82' title='bbox 1332 1362 1473 1409; x_wconf 88' lang='lat' dir='ltr'><strong>sunt-</strong></span> <span class='ocrx_word' id='word_1_83' title='bbox 1523 1356 1648 1409; x_wconf 89' lang='lat' dir='ltr'><strong>talia</strong></span> <span class='ocrx_word' id='word_1_84' title='bbox 1684 1356 1819 1426; x_wconf 86' lang='lat'>(98),</span> 
     </span>
    </p>
   </div>
   <div class='ocr_carea' id='block_1_14' title="bbox 240 1439 1820 1515">
    <p class='ocr_par' dir='ltr' id='par_1_14' title="bbox 240 1439 1820 1515">
     <span class='ocr_line' id='line_1_14' title="bbox 240 1439 1820 1515; baseline 0.002 -18"><span class='ocrx_word' id='word_1_85' title='bbox 240 1444 499 1512; x_wconf 83' lang='lat' dir='ltr'><strong>quoniam</strong></span> <span class='ocrx_word' id='word_1_86' title='bbox 526 1442 876 1496; x_wconf 83' lang='lat' dir='ltr'><strong>viviﬁcantur</strong></span> <span class='ocrx_word' id='word_1_87' title='bbox 898 1458 927 1495; x_wconf 89' lang='lat' dir='ltr'><strong>a</strong></span> <span class='ocrx_word' id='word_1_88' title='bbox 950 1439 1138 1508; x_wconf 82' lang='lat' dir='ltr'><strong>Patre;</strong></span> <span class='ocrx_word' id='word_1_89' title='bbox 1167 1444 1309 1498; x_wconf 80' lang='lat' dir='ltr'><strong>aliud</strong></span> <span class='ocrx_word' id='word_1_90' title='bbox 1340 1454 1519 1499; x_wconf 85' lang='lat' dir='ltr'><strong>autem</strong></span> <span class='ocrx_word' id='word_1_91' title='bbox 1540 1445 1650 1515; x_wconf 87' lang='lat'><strong>(99)</strong></span> <span class='ocrx_word' id='word_1_92' title='bbox 1675 1446 1820 1515; x_wconf 90' lang='lat' dir='ltr'><strong>quod</strong></span> 
     </span>
    </p>
   </div>
   <div class='ocr_carea' id='block_1_15' title="bbox 241 1533 1817 1604">
    <p class='ocr_par' dir='ltr' id='par_1_15' title="bbox 241 1533 1817 1604">
     <span class='ocr_line' id='line_1_15' title="bbox 241 1533 1817 1604; baseline 0.003 -17"><span class='ocrx_word' id='word_1_93' title='bbox 241 1548 349 1587; x_wconf 92' lang='lat' dir='ltr'><strong>non</strong></span> <span class='ocrx_word' id='word_1_94' title='bbox 399 1534 533 1587; x_wconf 87' lang='lat' dir='ltr'><strong>alias</strong></span> <span class='ocrx_word' id='word_1_95' title='bbox 584 1533 918 1597; x_wconf 80' lang='lat' dir='ltr'><strong>viviﬁcatur,</strong></span> <span class='ocrx_word' id='word_1_96' title='bbox 958 1536 1061 1588; x_wconf 89' lang='lat' dir='ltr'><strong>nisi</strong></span> <span class='ocrx_word' id='word_1_97' title='bbox 1098 1537 1176 1589; x_wconf 84' lang='lat' dir='ltr'><strong>illi</strong></span> <span class='ocrx_word' id='word_1_98' title='bbox 1222 1537 1363 1591; x_wconf 85' lang='lat' dir='ltr'><strong>Deus</strong></span> <span class='ocrx_word' id='word_1_99' title='bbox 1415 1546 1655 1604; x_wconf 65' lang='lat' dir='ltr'><strong>praestet,</strong></span> <span class='ocrx_word' id='word_1_100' title='bbox 1708 1538 1817 1591; x_wconf 88' lang='lat' dir='ltr'><strong>vita</strong></span> 
     </span>
    </p>
   </div>
   <div class='ocr_carea' id='block_1_16' title="bbox 240 1624 1821 1696">
    <p class='ocr_par' dir='ltr' id='par_1_16' title="bbox 240 1624 1821 1696">
     <span class='ocr_line' id='line_1_16' title="bbox 240 1624 1821 1696; baseline 0.003 -18"><span class='ocrx_word' id='word_1_101' title='bbox 240 1624 544 1691; x_wconf 87' lang='lat' dir='ltr'><strong>derelinqui</strong></span> <span class='ocrx_word' id='word_1_102' title='bbox 596 1624 671 1694; x_wconf 88' lang='grc'><strong>(1)</strong></span> <span class='ocrx_word' id='word_1_103' title='bbox 717 1645 726 1679; x_wconf 96' lang='lat'>:</span> <span class='ocrx_word' id='word_1_104' title='bbox 777 1634 868 1677; x_wconf 91' lang='lat' dir='ltr'><strong>aut</strong></span> <span class='ocrx_word' id='word_1_105' title='bbox 920 1627 1275 1696; x_wconf 79' lang='lat' dir='ltr'><strong>impotentem</strong></span> <span class='ocrx_word' id='word_1_106' title='bbox 1314 1637 1366 1680; x_wconf 87' lang='lat' dir='ltr'><strong>et</strong></span> <span class='ocrx_word' id='word_1_107' title='bbox 1407 1628 1679 1681; x_wconf 74' lang='lat' dir='ltr'><strong>inli‘rmum</strong></span> <span class='ocrx_word' id='word_1_108' title='bbox 1732 1644 1821 1683; x_wconf 88' lang='lat' dir='ltr'><strong>os-</strong></span> 
     </span>
    </p>
   </div>
   <div class='ocr_carea' id='block_1_17' title="bbox 240 1713 1815 1782">
    <p class='ocr_par' dir='ltr' id='par_1_17' title="bbox 240 1713 1815 1782">
     <span class='ocr_line' id='line_1_17' title="bbox 240 1713 1815 1782; baseline 0.004 -16"><span class='ocrx_word' id='word_1_109' title='bbox 240 1716 411 1767; x_wconf 78' lang='lat' dir='ltr'><strong>tendit</strong></span> <span class='ocrx_word' id='word_1_110' title='bbox 440 1713 657 1768; x_wconf 85' lang='lat' dir='ltr'><strong>Patrem</strong></span> <span class='ocrx_word' id='word_1_111' title='bbox 706 1715 983 1782; x_wconf 88' lang='lat' dir='ltr'><strong>ipsorum,</strong></span> <span class='ocrx_word' id='word_1_112' title='bbox 1026 1726 1118 1769; x_wconf 92' lang='lat' dir='ltr'><strong>aut</strong></span> <span class='ocrx_word' id='word_1_113' title='bbox 1170 1716 1412 1770; x_wconf 83' lang='lat' dir='ltr'><strong>invidum</strong></span> <span class='ocrx_word' id='word_1_114' title='bbox 1456 1728 1510 1771; x_wconf 89' lang='lat' dir='ltr'><strong>et</strong></span> <span class='ocrx_word' id='word_1_115' title='bbox 1562 1718 1815 1772; x_wconf 86' lang='lat' dir='ltr'><strong>lividum.</strong></span> 
     </span>
    </p>
   </div>
   <div class='ocr_carea' id='block_1_18' title="bbox 239 1803 1813 1878">
    <p class='ocr_par' dir='ltr' id='par_1_18' title="bbox 239 1803 1813 1878">
     <span class='ocr_line' id='line_1_18' title="bbox 239 1803 1813 1878; baseline 0.004 -22"><span class='ocrx_word' id='word_1_116' title='bbox 239 1803 531 1875; x_wconf 87' lang='lat' dir='ltr'><strong>Deminrgo</strong></span> <span class='ocrx_word' id='word_1_117' title='bbox 559 1805 701 1857; x_wconf 86' lang='lat' dir='ltr'><strong>enim</strong></span> <span class='ocrx_word' id='word_1_118' title='bbox 737 1815 789 1859; x_wconf 83' lang='lat' dir='ltr'><strong>et</strong></span> <span class='ocrx_word' id='word_1_119' title='bbox 827 1807 913 1859; x_wconf 88' lang='lat' dir='ltr'><strong>hic</strong></span> <span class='ocrx_word' id='word_1_120' title='bbox 945 1807 1255 1875; x_wconf 78' lang='lat' dir='ltr'><strong>viviﬁcante</strong></span> <span class='ocrx_word' id='word_1_121' title='bbox 1300 1807 1551 1861; x_wconf 81' lang='lat' dir='ltr'><strong>mortalia</strong></span> <span class='ocrx_word' id='word_1_122' title='bbox 1585 1823 1813 1878; x_wconf 89' lang='lat' dir='ltr'><strong>corpora</strong></span> 
     </span>
    </p>
   </div>
   <div class='ocr_carea' id='block_1_19' title="bbox 239 1882 1816 1967">
    <p class='ocr_par' dir='ltr' id='par_1_19' title="bbox 239 1882 1816 1967">
     <span class='ocr_line' id='line_1_19' title="bbox 239 1882 1816 1967; baseline 0.004 -19"><span class='ocrx_word' id='word_1_123' title='bbox 239 1906 446 1957; x_wconf 86' lang='lat' dir='ltr'><strong>nostra,</strong></span> <span class='ocrx_word' id='word_1_124' title='bbox 476 1903 527 1946; x_wconf 91' lang='lat' dir='ltr'><strong>et</strong></span> <span class='ocrx_word' id='word_1_125' title='bbox 562 1882 1014 1950; x_wconf 74' lang='lat' dir='ltr'><strong>resurrectionem</strong></span> <span class='ocrx_word' id='word_1_126' title='bbox 1044 1897 1125 1949; x_wconf 83' lang='lat' dir='ltr'><strong>eis</strong></span> <span class='ocrx_word' id='word_1_127' title='bbox 1148 1911 1245 1963; x_wconf 90' lang='lat' dir='ltr'><strong>per</strong></span> <span class='ocrx_word' id='word_1_128' title='bbox 1270 1897 1564 1966; x_wconf 86' lang='lat' dir='ltr'><strong>prophetas</strong></span> <span class='ocrx_word' id='word_1_129' title='bbox 1591 1902 1816 1967; x_wconf 90' lang='lat' dir='ltr'><strong>promit-</strong></span> 
     </span>
    </p>
   </div>
   <div class='ocr_carea' id='block_1_20' title="bbox 240 1986 1802 2057">
    <p class='ocr_par' dir='ltr' id='par_1_20' title="bbox 240 1986 1802 2057">
     <span class='ocr_line' id='line_1_20' title="bbox 240 1986 1802 2057; baseline 0.003 -18"><span class='ocrx_word' id='word_1_130' title='bbox 240 1995 402 2047; x_wconf 89' lang='lat' dir='ltr'><strong>tente,</strong></span> <span class='ocrx_word' id='word_1_131' title='bbox 436 1986 891 2053; x_wconf 78' lang='lat' dir='ltr'><strong>quemadmodum</strong></span> <span class='ocrx_word' id='word_1_132' title='bbox 937 1988 1310 2047; x_wconf 87' lang='lat' dir='ltr'><strong>ostendimus;</strong></span> <span class='ocrx_word' id='word_1_133' title='bbox 1346 1991 1468 2057; x_wconf 83' lang='lat' dir='ltr'><strong>quis</strong></span> <span class='ocrx_word' id='word_1_134' title='bbox 1503 1991 1802 2057; x_wconf 89' lang='lat' dir='ltr'><strong>potentior,</strong></span> 
     </span>
    </p>
   </div>
   <div class='ocr_carea' id='block_1_21' title="bbox 236 2076 1812 2146">
    <p class='ocr_par' dir='ltr' id='par_1_21' title="bbox 236 2076 1812 2146">
     <span class='ocr_line' id='line_1_21' title="bbox 236 2076 1812 2146; baseline 0.002 -15"><span class='ocrx_word' id='word_1_135' title='bbox 236 2086 293 2131; x_wconf 83' lang='lat' dir='ltr'><strong>et</strong></span> <span class='ocrx_word' id='word_1_136' title='bbox 340 2076 555 2139; x_wconf 81' lang='lat' dir='ltr'><strong>fortior,</strong></span> <span class='ocrx_word' id='word_1_137' title='bbox 586 2084 639 2129; x_wconf 91' lang='lat' dir='ltr'><strong>et</strong></span> <span class='ocrx_word' id='word_1_138' title='bbox 691 2091 817 2130; x_wconf 87' lang='lat' dir='ltr'><strong>vere</strong></span> <span class='ocrx_word' id='word_1_139' title='bbox 868 2077 1043 2131; x_wconf 89' lang='lat' dir='ltr'><strong>bonus</strong></span> <span class='ocrx_word' id='word_1_140' title='bbox 1092 2077 1169 2146; x_wconf 71' lang='grc' dir='ltr'>(Ξ)</span> <span class='ocrx_word' id='word_1_141' title='bbox 1228 2080 1574 2133; x_wconf 81' lang='lat' dir='ltr'><strong>oStenditur?</strong></span> <span class='ocrx_word' id='word_1_142' title='bbox 1626 2092 1812 2135; x_wconf 90' lang='lat' dir='ltr'><strong>utrum</strong></span> 
     </span>
    </p>
   </div>
   <div class='ocr_carea' id='block_1_22' title="bbox 236 2166 1813 2238">
    <p class='ocr_par' dir='ltr' id='par_1_22' title="bbox 236 2166 1813 2238">
     <span class='ocr_line' id='line_1_22' title="bbox 236 2166 1813 2238; baseline 0.003 -16"><span class='ocrx_word' id='word_1_143' title='bbox 236 2166 580 2238; x_wconf 85' lang='lat' dir='ltr'><strong>Demiurgus,</strong></span> <span class='ocrx_word' id='word_1_144' title='bbox 605 2167 701 2235; x_wconf 86' lang='lat' dir='ltr'><strong>qui</strong></span> <span class='ocrx_word' id='word_1_145' title='bbox 734 2176 904 2222; x_wconf 83' lang='lat' dir='ltr'><strong>totum</strong></span> <span class='ocrx_word' id='word_1_146' title='bbox 932 2169 1175 2223; x_wconf 77' lang='lat' dir='ltr'><strong>viviﬁcat</strong></span> <span class='ocrx_word' id='word_1_147' title='bbox 1211 2170 1519 2234; x_wconf 82' lang='lat' dir='ltr'><strong>hominem;</strong></span> <span class='ocrx_word' id='word_1_148' title='bbox 1564 2187 1631 2226; x_wconf 89' lang='lat' dir='ltr'><strong>an</strong></span> <span class='ocrx_word' id='word_1_149' title='bbox 1675 2173 1813 2228; x_wconf 78' lang='lat' dir='ltr'><strong>falso</strong></span> 
     </span>
    </p>
   </div>
   <div class='ocr_carea' id='block_1_23' title="bbox 233 2248 1811 2334">
    <p class='ocr_par' dir='ltr' id='par_1_23' title="bbox 233 2248 1811 2334">
     <span class='ocr_line' id='line_1_23' title="bbox 233 2248 1811 2334; baseline 0.003 -21"><span class='ocrx_word' id='word_1_150' title='bbox 233 2261 654 2329; x_wconf 81' lang='lat' dir='ltr'><strong>cognominatus</strong></span> <span class='ocrx_word' id='word_1_151' title='bbox 684 2260 937 2327; x_wconf 64' lang='lat' dir='ltr'><strong>{ipsorum</strong></span> <span class='ocrx_word' id='word_1_152' title='bbox 988 2259 1188 2334; x_wconf 80' lang='lat' dir='ltr'><strong>Pater?</strong></span> <span class='ocrx_word' id='word_1_153' title='bbox 1229 2261 1329 2327; x_wconf 85' lang='lat' dir='ltr'><strong>Qui</strong></span> <span class='ocrx_word' id='word_1_154' title='bbox 1374 2248 1437 2315; x_wconf 81' lang='lat' dir='ltr'><strong>ea</strong></span> <span class='ocrx_word' id='word_1_155' title='bbox 1484 2263 1701 2330; x_wconf 84' lang='lat' dir='ltr'><strong>quidem</strong></span> <span class='ocrx_word' id='word_1_156' title='bbox 1736 2262 1811 2333; x_wconf 83' lang='grc'>(5)</span> 
     </span>
    </p>
   </div>
   <div class='ocr_carea' id='block_1_24' title="bbox 236 2350 1813 2420">
    <p class='ocr_par' dir='ltr' id='par_1_24' title="bbox 236 2350 1813 2420">
     <span class='ocr_line' id='line_1_24' title="bbox 236 2350 1813 2420; baseline 0.007 -21"><span class='ocrx_word' id='word_1_157' title='bbox 236 2366 353 2417; x_wconf 63' lang='lat' dir='ltr'><strong>qua!</strong></span> <span class='ocrx_word' id='word_1_158' title='bbox 386 2360 513 2404; x_wconf 90' lang='lat' dir='ltr'><strong>sunt</strong></span> <span class='ocrx_word' id='word_1_159' title='bbox 552 2360 747 2403; x_wconf 86' lang='lat' dir='ltr'><strong>natura</strong></span> <span class='ocrx_word' id='word_1_160' title='bbox 797 2350 1151 2417; x_wconf 88' lang='lat' dir='ltr'><strong>immortalia,</strong></span> <span class='ocrx_word' id='word_1_161' title='bbox 1183 2352 1383 2420; x_wconf 74' lang='lat' dir='ltr'><strong>quibus</strong></span> <span class='ocrx_word' id='word_1_162' title='bbox 1424 2368 1451 2405; x_wconf 90' lang='lat' dir='ltr'><strong>a</strong></span> <span class='ocrx_word' id='word_1_163' title='bbox 1487 2368 1583 2407; x_wconf 91' lang='lat' dir='ltr'><strong>sua</strong></span> <span class='ocrx_word' id='word_1_164' title='bbox 1616 2364 1813 2410; x_wconf 75' lang='lat' dir='ltr'><strong>natura</strong></span> 
     </span>
    </p>
   </div>
   <div class='ocr_carea' id='block_1_25' title="bbox 233 2440 1810 2510">
    <p class='ocr_par' dir='ltr' id='par_1_25' title="bbox 233 2440 1810 2510">
     <span class='ocr_line' id='line_1_25' title="bbox 233 2440 1810 2510; baseline 0.003 -17"><span class='ocrx_word' id='word_1_165' title='bbox 233 2440 387 2494; x_wconf 80' lang='lat' dir='ltr'><strong>adest</strong></span> <span class='ocrx_word' id='word_1_166' title='bbox 435 2442 653 2504; x_wconf 79' lang='lat' dir='ltr'><strong>vivere,</strong></span> <span class='ocrx_word' id='word_1_167' title='bbox 700 2440 853 2509; x_wconf 83' lang='lat' dir='ltr'><strong>ﬁngit</strong></span> <span class='ocrx_word' id='word_1_168' title='bbox 899 2455 959 2494; x_wconf 86' lang='lat' dir='ltr'><strong>se</strong></span> <span class='ocrx_word' id='word_1_169' title='bbox 1011 2441 1582 2510; x_wconf 71' lang='lat' dir='ltr'><strong>viviﬁcare;,quibus</strong></span> <span class='ocrx_word' id='word_1_170' title='bbox 1632 2452 1810 2498; x_wconf 88' lang='lat' dir='ltr'><strong>autem</strong></span> 
     </span>
    </p>
   </div>
   <div class='ocr_carea' id='block_1_26' title="bbox 231 2531 1810 2611">
    <p class='ocr_par' dir='ltr' id='par_1_26' title="bbox 231 2531 1810 2611">
     <span class='ocr_line' id='line_1_26' title="bbox 231 2531 1810 2611; baseline 0.004 -29"><span class='ocrx_word' id='word_1_171' title='bbox 231 2544 371 2599; x_wconf 85' lang='lat' dir='ltr'><strong>epus</strong></span> <span class='ocrx_word' id='word_1_172' title='bbox 398 2539 481 2585; x_wconf 86' lang='lat' dir='ltr'><strong>est</strong></span> <span class='ocrx_word' id='word_1_173' title='bbox 515 2532 581 2611; x_wconf 69' lang='lat' dir='ltr'><strong>ab</strong></span> <span class='ocrx_word' id='word_1_174' title='bbox 608 2545 674 2584; x_wconf 87' lang='lat' dir='ltr'><strong>eo</strong></span> <span class='ocrx_word' id='word_1_175' title='bbox 702 2531 1032 2599; x_wconf 88' lang='lat' dir='ltr'><strong>adjutorium</strong></span> <span class='ocrx_word' id='word_1_176' title='bbox 1062 2541 1121 2585; x_wconf 92' lang='lat' dir='ltr'><strong>ut</strong></span> <span class='ocrx_word' id='word_1_177' title='bbox 1149 2532 1368 2599; x_wconf 76' lang='lat' dir='ltr'><strong>vivant,</strong></span> <span class='ocrx_word' id='word_1_178' title='bbox 1387 2547 1491 2586; x_wconf 93' lang='lat' dir='ltr'><strong>non</strong></span> <span class='ocrx_word' id='word_1_179' title='bbox 1526 2532 1810 2589; x_wconf 76' lang='lat' dir='ltr'><strong>vivificans</strong></span> 
     </span>
    </p>
   </div>
   <div class='ocr_carea' id='block_1_27' title="bbox 232 2619 1808 2691">
    <p class='ocr_par' dir='ltr' id='par_1_27' title="bbox 232 2619 1808 2691">
     <span class='ocr_line' id='line_1_27' title="bbox 232 2619 1808 2691; baseline 0.003 -18"><span class='ocrx_word' id='word_1_180' title='bbox 232 2619 322 2673; x_wconf 86' lang='lat' dir='ltr'><strong>illa</strong></span> <span class='ocrx_word' id='word_1_181' title='bbox 364 2621 601 2689; x_wconf 79' lang='lat' dir='ltr'><strong>benigne</strong></span> <span class='ocrx_word' id='word_1_182' title='bbox 635 2619 737 2691; x_wconf 62' lang='lat'>(1),</span> <span class='ocrx_word' id='word_1_183' title='bbox 772 2620 865 2675; x_wconf 87' lang='lat' dir='ltr'><strong>sed</strong></span> <span class='ocrx_word' id='word_1_184' title='bbox 900 2620 1212 2690; x_wconf 87' lang='lat' dir='ltr'><strong>relinquens</strong></span> <span class='ocrx_word' id='word_1_185' title='bbox 1245 2620 1330 2673; x_wconf 91' lang='lat' dir='ltr'><strong>illa</strong></span> <span class='ocrx_word' id='word_1_186' title='bbox 1371 2621 1709 2691; x_wconf 73' lang='lat' dir='ltr'><strong>negligenter</strong></span> <span class='ocrx_word' id='word_1_187' title='bbox 1755 2624 1808 2677; x_wconf 93' lang='lat' dir='ltr'><strong>in</strong></span> 
     </span>
    </p>
   </div>
   <div class='ocr_carea' id='block_1_28' title="bbox 232 2708 1806 2778">
    <p class='ocr_par' dir='ltr' id='par_1_28' title="bbox 232 2708 1806 2778">
     <span class='ocr_line' id='line_1_28' title="bbox 232 2708 1806 2778; baseline 0.002 -18"><span class='ocrx_word' id='word_1_188' title='bbox 232 2717 489 2761; x_wconf 90' lang='lat' dir='ltr'><strong>mortem.</strong></span> <span class='ocrx_word' id='word_1_189' title='bbox 527 2708 717 2761; x_wconf 87' lang='lat' dir='ltr'><strong>Utrum</strong></span> <span class='ocrx_word' id='word_1_190' title='bbox 754 2723 887 2777; x_wconf 89' lang='lat' dir='ltr'><strong>ergo</strong></span> <span class='ocrx_word' id='word_1_191' title='bbox 927 2719 983 2761; x_wconf 92' lang='lat' dir='ltr'><strong>et</strong></span> <span class='ocrx_word' id='word_1_192' title='bbox 1021 2709 1103 2762; x_wconf 89' lang='lat' dir='ltr'><strong>his</strong></span> <span class='ocrx_word' id='word_1_193' title='bbox 1135 2710 1301 2761; x_wconf 90' lang='lat' dir='ltr'><strong>vitam</strong></span> <span class='ocrx_word' id='word_1_194' title='bbox 1346 2708 1508 2763; x_wconf 88' lang='lat' dir='ltr'><strong>Pater</strong></span> <span class='ocrx_word' id='word_1_195' title='bbox 1543 2712 1806 2778; x_wconf 87' lang='lat' dir='ltr'><strong>ipsorum,</strong></span> 
     </span>
    </p>
   </div>
   <div class='ocr_carea' id='block_1_29' title="bbox 230 2798 1806 2870">
    <p class='ocr_par' dir='ltr' id='par_1_29' title="bbox 230 2798 1806 2870">
     <span class='ocr_line' id='line_1_29' title="bbox 230 2798 1806 2870; baseline 0.003 -19"><span class='ocrx_word' id='word_1_196' title='bbox 230 2811 353 2852; x_wconf 86' lang='lat' dir='ltr'><strong>cum</strong></span> <span class='ocrx_word' id='word_1_197' title='bbox 388 2799 559 2867; x_wconf 87' lang='lat' dir='ltr'><strong>possit</strong></span> <span class='ocrx_word' id='word_1_198' title='bbox 590 2798 665 2870; x_wconf 81' lang='lat'>(5)</span> <span class='ocrx_word' id='word_1_199' title='bbox 699 2808 979 2867; x_wconf 65' lang='lat' dir='ltr'><strong>praestare.</strong></span> <span class='ocrx_word' id='word_1_200' title='bbox 1012 2814 1117 2853; x_wconf 88' lang='lat' dir='ltr'><strong>non</strong></span> <span class='ocrx_word' id='word_1_201' title='bbox 1156 2809 1399 2869; x_wconf 64' lang='lat' dir='ltr'><strong>praestat,</strong></span> <span class='ocrx_word' id='word_1_202' title='bbox 1426 2815 1492 2854; x_wconf 89' lang='lat' dir='ltr'><strong>an</strong></span> <span class='ocrx_word' id='word_1_203' title='bbox 1529 2817 1651 2856; x_wconf 92' lang='lat' dir='ltr'><strong>cum</strong></span> <span class='ocrx_word' id='word_1_204' title='bbox 1700 2818 1806 2855; x_wconf 78' lang='lat' dir='ltr'><strong>non</strong></span> 
     </span>
    </p>
   </div>
   <div class='ocr_carea' id='block_1_30' title="bbox 229 2892 1808 2963">
    <p class='ocr_par' dir='ltr' id='par_1_30' title="bbox 229 2892 1808 2963">
     <span class='ocr_line' id='line_1_30' title="bbox 229 2892 1808 2963; baseline 0.002 -18"><span class='ocrx_word' id='word_1_205' title='bbox 229 2892 441 2961; x_wconf 77' lang='lat' dir='ltr'><strong>possit?</strong></span> <span class='ocrx_word' id='word_1_206' title='bbox 474 2893 531 2947; x_wconf 90' lang='lat' dir='ltr'><strong>Si</strong></span> <span class='ocrx_word' id='word_1_207' title='bbox 564 2894 781 2960; x_wconf 92' lang='lat' dir='ltr'><strong>quidem</strong></span> <span class='ocrx_word' id='word_1_208' title='bbox 816 2908 937 2947; x_wconf 87' lang='lat' dir='ltr'><strong>cum</strong></span> <span class='ocrx_word' id='word_1_209' title='bbox 964 2907 1071 2946; x_wconf 91' lang='lat' dir='ltr'><strong>non</strong></span> <span class='ocrx_word' id='word_1_210' title='bbox 1100 2894 1295 2961; x_wconf 85' lang='lat' dir='ltr'><strong>possit,</strong></span> <span class='ocrx_word' id='word_1_211' title='bbox 1327 2892 1435 2959; x_wconf 87' lang='lat' dir='ltr'><strong>jam</strong></span> <span class='ocrx_word' id='word_1_212' title='bbox 1477 2909 1581 2947; x_wconf 85' lang='lat' dir='ltr'><strong>non</strong></span> <span class='ocrx_word' id='word_1_213' title='bbox 1615 2904 1808 2963; x_wconf 77' lang='lat' dir='ltr'><strong>potens</strong></span> 
     </span>
    </p>
   </div>
   <div class='ocr_carea' id='block_1_31' title="bbox 227 2982 1808 3053">
    <p class='ocr_par' dir='ltr' id='par_1_31' title="bbox 227 2982 1808 3053">
     <span class='ocr_line' id='line_1_31' title="bbox 227 2982 1808 3053; baseline 0.003 -17"><span class='ocrx_word' id='word_1_214' title='bbox 227 2991 336 3047; x_wconf 88' lang='lat' dir='ltr'><strong>est,</strong></span> <span class='ocrx_word' id='word_1_215' title='bbox 369 2995 544 3051; x_wconf 90' lang='lat' dir='ltr'><strong>neque</strong></span> <span class='ocrx_word' id='word_1_216' title='bbox 568 2982 845 3052; x_wconf 81' lang='lat' dir='ltr'><strong>perfectus</strong></span> <span class='ocrx_word' id='word_1_217' title='bbox 868 2996 1030 3051; x_wconf 85' lang='lat' dir='ltr'><strong>super</strong></span> <span class='ocrx_word' id='word_1_218' title='bbox 1056 2982 1406 3051; x_wconf 86' lang='lat' dir='ltr'><strong>Demiurgum</strong></span> <span class='ocrx_word' id='word_1_219' title='bbox 1435 3000 1447 3035; x_wconf 90' lang='lat'><strong>:</strong></span> <span class='ocrx_word' id='word_1_220' title='bbox 1481 2982 1808 3053; x_wconf 87' lang='lat' dir='ltr'><strong>Demiurgus</strong></span> 
     </span>
    </p>
   </div>
   <div class='ocr_carea' id='block_1_32' title="bbox 229 3072 1807 3143">
    <p class='ocr_par' dir='ltr' id='par_1_32' title="bbox 229 3072 1807 3143">
     <span class='ocr_line' id='line_1_32' title="bbox 229 3072 1807 3143; baseline 0.001 -17"><span class='ocrx_word' id='word_1_221' title='bbox 229 3073 376 3128; x_wconf 88' lang='lat' dir='ltr'><strong>enim</strong></span> <span class='ocrx_word' id='word_1_222' title='bbox 426 3082 679 3143; x_wconf 67' lang='lat' dir='ltr'><strong>praestat,</strong></span> <span class='ocrx_word' id='word_1_223' title='bbox 725 3072 1178 3143; x_wconf 87' lang='lat' dir='ltr'><strong>quemadmodum</strong></span> <span class='ocrx_word' id='word_1_224' title='bbox 1222 3074 1379 3127; x_wconf 88' lang='lat' dir='ltr'><strong>adest</strong></span> <span class='ocrx_word' id='word_1_225' title='bbox 1412 3074 1617 3140; x_wconf 86' lang='lat' dir='ltr'><strong>videre,</strong></span> <span class='ocrx_word' id='word_1_226' title='bbox 1662 3074 1807 3143; x_wconf 91' lang='lat' dir='ltr'><strong>quod</strong></span> 
     </span>
    </p>
   </div>
   <div class='ocr_carea' id='block_1_33' title="bbox 224 3163 1806 3233">
    <p class='ocr_par' dir='ltr' id='par_1_33' title="bbox 224 3163 1806 3233">
     <span class='ocr_line' id='line_1_33' title="bbox 224 3163 1806 3233; baseline 0.001 -16"><span class='ocrx_word' id='word_1_227' title='bbox 224 3164 319 3218; x_wconf 91' lang='lat' dir='ltr'><strong>ille</strong></span> <span class='ocrx_word' id='word_1_228' title='bbox 353 3179 460 3217; x_wconf 93' lang='lat' dir='ltr'><strong>non</strong></span> <span class='ocrx_word' id='word_1_229' title='bbox 492 3173 671 3233; x_wconf 86' lang='lat' dir='ltr'><strong>potest</strong></span> <span class='ocrx_word' id='word_1_230' title='bbox 701 3173 986 3233; x_wconf 72' lang='lat' dir='ltr'><strong>praestare.</strong></span> <span class='ocrx_word' id='word_1_231' title='bbox 1014 3163 1070 3217; x_wconf 93' lang='lat' dir='ltr'><strong>Si</strong></span> <span class='ocrx_word' id='word_1_232' title='bbox 1104 3173 1285 3217; x_wconf 87' lang='lat' dir='ltr'><strong>autem</strong></span> <span class='ocrx_word' id='word_1_233' title='bbox 1311 3179 1433 3219; x_wconf 91' lang='lat' dir='ltr'><strong>cum</strong></span> <span class='ocrx_word' id='word_1_234' title='bbox 1464 3166 1636 3232; x_wconf 88' lang='lat' dir='ltr'><strong>possit</strong></span> <span class='ocrx_word' id='word_1_235' title='bbox 1666 3180 1806 3233; x_wconf 72' lang='lat' dir='ltr'><strong>prte-</strong></span> 
     </span>
    </p>
   </div>
   <div class='ocr_carea' id='block_1_34' title="bbox 222 3232 1896 3325">
    <p class='ocr_par' dir='ltr' id='par_1_34' title="bbox 222 3232 1874 3325">
     <span class='ocr_line' id='line_1_34' title="bbox 222 3232 1874 3325; baseline 0.001 -16"><span class='ocrx_word' id='word_1_236' title='bbox 222 3264 395 3319; x_wconf 83' lang='lat' dir='ltr'><strong>stare,</strong></span> <span class='ocrx_word' id='word_1_237' title='bbox 436 3232 544 3309; x_wconf 90' lang='lat' dir='ltr'><strong>non</strong></span> <span class='ocrx_word' id='word_1_238' title='bbox 582 3232 832 3325; x_wconf 77' lang='lat' dir='ltr'><strong>praestat;</strong></span> <span class='ocrx_word' id='word_1_239' title='bbox 866 3255 979 3323; x_wconf 88' lang='lat' dir='ltr'><strong>jam</strong></span> <span class='ocrx_word' id='word_1_240' title='bbox 1010 3271 1115 3309; x_wconf 93' lang='lat' dir='ltr'><strong>non</strong></span> <span class='ocrx_word' id='word_1_241' title='bbox 1146 3257 1321 3311; x_wconf 90' lang='lat' dir='ltr'><strong>bonus</strong></span> <span class='ocrx_word' id='word_1_242' title='bbox 1352 3232 1677 3323; x_wconf 82' lang='lat' dir='ltr'><strong>ostenditur,</strong></span> <span class='ocrx_word' id='word_1_243' title='bbox 1709 3257 1804 3311; x_wconf 89' lang='lat' dir='ltr'><strong>sed</strong></span> <span class='ocrx_word' id='word_1_244' title='bbox 1833 3232 1874 3291; x_wconf 64' lang='grc' dir='ltr'>ο</span> 
     </span>
    </p>
   </div>
   <div class='ocr_carea' id='block_1_35' title="bbox 994 3232 2668 3325">
    <p class='ocr_par' dir='ltr' id='par_1_35' title="bbox 1010 3232 2668 3323">
     <span class='ocr_line' id='line_1_35' title="bbox 1010 3232 2668 3323; baseline 0.002 -14"><span class='ocrx_word' id='word_1_245' title='bbox 1010 3271 1115 3309; x_wconf 93' lang='lat' dir='ltr'><strong>non</strong></span> <span class='ocrx_word' id='word_1_246' title='bbox 1146 3257 1321 3311; x_wconf 90' lang='lat' dir='ltr'><strong>bonus</strong></span> <span class='ocrx_word' id='word_1_247' title='bbox 1352 3232 1677 3323; x_wconf 82' lang='lat' dir='ltr'><strong>ostenditur,</strong></span> <span class='ocrx_word' id='word_1_248' title='bbox 1709 3257 1804 3311; x_wconf 89' lang='lat' dir='ltr'><strong>sed</strong></span> <span class='ocrx_word' id='word_1_249' title='bbox 1833 3232 1874 3291; x_wconf 64' lang='grc' dir='ltr'>ο</span> <span class='ocrx_word' id='word_1_250' title='bbox 1908 3234 2060 3289; x_wconf 66' lang='grc' dir='ltr'>οὐδὲν</span> <span class='ocrx_word' id='word_1_251' title='bbox 2083 3235 2389 3288; x_wconf 61' lang='grc' dir='ltr'><strong>ἐνεπόδισεν</strong></span> <span class='ocrx_word' id='word_1_252' title='bbox 2414 3236 2597 3300; x_wconf 64' lang='grc' dir='ltr'><strong>αὐτοῖς</strong></span> <span class='ocrx_word' id='word_1_253' title='bbox 2610 3236 2668 3288; x_wconf 77' lang='grc' dir='ltr'><strong>τδ</strong></span> 
     </span>
    </p>
   </div>
   <div class='ocr_carea' id='block_1_36' title="bbox 222 3346 1055 3415">
    <p class='ocr_par' dir='ltr' id='par_1_36' title="bbox 222 3346 1055 3415">
     <span class='ocr_line' id='line_1_36' title="bbox 222 3346 1055 3415; baseline -0.004 -12"><span class='ocrx_word' id='word_1_254' title='bbox 222 3346 446 3403; x_wconf 80' lang='lat' dir='ltr'><strong>invidus</strong></span> <span class='ocrx_word' id='word_1_255' title='bbox 473 3356 530 3400; x_wconf 91' lang='lat' dir='ltr'><strong>et</strong></span> <span class='ocrx_word' id='word_1_256' title='bbox 565 3346 838 3415; x_wconf 85' lang='lat' dir='ltr'><strong>malignus</strong></span> <span class='ocrx_word' id='word_1_257' title='bbox 868 3346 1055 3401; x_wconf 87' lang='lat' dir='ltr'><strong>Pater.</strong></span> 
     </span>
    </p>
   </div>
   <div class='ocr_carea' id='block_1_37' title="bbox 295 3460 1812 3532">
    <p class='ocr_par' dir='ltr' id='par_1_37' title="bbox 295 3460 1812 3532">
     <span class='ocr_line' id='line_1_37' title="bbox 295 3460 1812 3532; baseline 0.002 -17"><span class='ocrx_word' id='word_1_258' title='bbox 295 3461 350 3515; x_wconf 71' lang='grc'><strong>2.</strong></span> <span class='ocrx_word' id='word_1_259' title='bbox 389 3460 447 3515; x_wconf 89' lang='lat' dir='ltr'><strong>Si</strong></span> <span class='ocrx_word' id='word_1_260' title='bbox 491 3468 672 3514; x_wconf 88' lang='lat' dir='ltr'><strong>autem</strong></span> <span class='ocrx_word' id='word_1_261' title='bbox 708 3467 763 3515; x_wconf 90' lang='lat' dir='ltr'><strong>et</strong></span> <span class='ocrx_word' id='word_1_262' title='bbox 821 3476 1040 3515; x_wconf 88' lang='lat' dir='ltr'><strong>causam</strong></span> <span class='ocrx_word' id='word_1_263' title='bbox 1098 3461 1334 3529; x_wconf 86' lang='lat' dir='ltr'><strong>aliquam</strong></span> <span class='ocrx_word' id='word_1_264' title='bbox 1382 3460 1646 3527; x_wconf 69' lang='lat' dir='ltr'><strong>dixerint,</strong></span> <span class='ocrx_word' id='word_1_265' title='bbox 1714 3478 1812 3532; x_wconf 90' lang='lat' dir='ltr'><strong>per</strong></span> 
     </span>
    </p>
   </div>
   <div class='ocr_carea' id='block_1_38' title="bbox 219 3550 1799 3622">
    <p class='ocr_par' dir='ltr' id='par_1_38' title="bbox 219 3550 1799 3622">
     <span class='ocr_line' id='line_1_38' title="bbox 219 3550 1799 3622; baseline 0.004 -21"><span class='ocrx_word' id='word_1_266' title='bbox 219 3566 387 3619; x_wconf 82' lang='lat' dir='ltr'><strong>quam</strong></span> <span class='ocrx_word' id='word_1_267' title='bbox 445 3550 523 3619; x_wconf 88' lang='lat'><strong>(6)</strong></span> <span class='ocrx_word' id='word_1_268' title='bbox 570 3566 676 3605; x_wconf 91' lang='lat' dir='ltr'><strong>non</strong></span> <span class='ocrx_word' id='word_1_269' title='bbox 729 3551 971 3605; x_wconf 80' lang='lat' dir='ltr'><strong>viviﬁcat</strong></span> <span class='ocrx_word' id='word_1_270' title='bbox 1019 3552 1257 3622; x_wconf 80' lang='lat' dir='ltr'><strong>corpora</strong></span> <span class='ocrx_word' id='word_1_271' title='bbox 1308 3551 1472 3605; x_wconf 76' lang='lat' dir='ltr'><strong>Pater</strong></span> <span class='ocrx_word' id='word_1_272' title='bbox 1517 3554 1799 3621; x_wconf 82' lang='lat' dir='ltr'><strong>ipsorum;</strong></span> 
     </span>
    </p>
   </div>
   <div class='ocr_carea' id='block_1_39' title="bbox 220 3643 1799 3713">
    <p class='ocr_par' dir='ltr' id='par_1_39' title="bbox 220 3643 1799 3713">
     <span class='ocr_line' id='line_1_39' title="bbox 220 3643 1799 3713; baseline 0.002 -18"><span class='ocrx_word' id='word_1_273' title='bbox 220 3643 400 3711; x_wconf 89' lang='lat' dir='ltr'><strong>ipsam</strong></span> <span class='ocrx_word' id='word_1_274' title='bbox 426 3657 652 3696; x_wconf 90' lang='lat' dir='ltr'><strong>causam</strong></span> <span class='ocrx_word' id='word_1_275' title='bbox 692 3643 951 3711; x_wconf 76' lang='lat' dir='ltr'><strong>majorem</strong></span> <span class='ocrx_word' id='word_1_276' title='bbox 986 3658 1210 3697; x_wconf 84' lang='lat' dir='ltr'><strong>necesse</strong></span> <span class='ocrx_word' id='word_1_277' title='bbox 1239 3652 1322 3697; x_wconf 90' lang='lat' dir='ltr'><strong>est</strong></span> <span class='ocrx_word' id='word_1_278' title='bbox 1346 3658 1609 3710; x_wconf 89' lang='lat' dir='ltr'><strong>apparere</strong></span> <span class='ocrx_word' id='word_1_279' title='bbox 1635 3660 1799 3713; x_wconf 88' lang='lat' dir='ltr'><strong>quam</strong></span> 
     </span>
    </p>
   </div>
   <div class='ocr_carea' id='block_1_40' title="bbox 218 3732 1806 3802">
    <p class='ocr_par' dir='ltr' id='par_1_40' title="bbox 218 3732 1806 3802">
     <span class='ocr_line' id='line_1_40' title="bbox 218 3732 1806 3802; baseline -0.001 -14"><span class='ocrx_word' id='word_1_280' title='bbox 218 3734 464 3798; x_wconf 82' lang='lat' dir='ltr'><strong>Patrem,</strong></span> <span class='ocrx_word' id='word_1_281' title='bbox 492 3734 823 3787; x_wconf 87' lang='lat' dir='ltr'><strong>obtinentem</strong></span> <span class='ocrx_word' id='word_1_282' title='bbox 852 3732 928 3802; x_wconf 85' lang='lat'>(7)</span> <span class='ocrx_word' id='word_1_283' title='bbox 959 3734 1346 3801; x_wconf 89' lang='lat' dir='ltr'><strong>benignitatem</strong></span> <span class='ocrx_word' id='word_1_284' title='bbox 1374 3733 1524 3800; x_wconf 86' lang='lat' dir='ltr'><strong>ejus;</strong></span> <span class='ocrx_word' id='word_1_285' title='bbox 1557 3745 1611 3787; x_wconf 89' lang='lat' dir='ltr'><strong>et</strong></span> <span class='ocrx_word' id='word_1_286' title='bbox 1653 3736 1806 3789; x_wconf 84' lang='lat' dir='ltr'><strong>inﬁr—</strong></span> 
     </span>
    </p>
   </div>
   <div class='ocr_carea' id='block_1_41' title="bbox 219 3820 1800 3889">
    <p class='ocr_par' dir='ltr' id='par_1_41' title="bbox 219 3820 1800 3889">
     <span class='ocr_line' id='line_1_41' title="bbox 219 3820 1800 3889; baseline 0 -14"><span class='ocrx_word' id='word_1_287' title='bbox 219 3824 459 3876; x_wconf 85' lang='lat' dir='ltr'><strong>mabitur</strong></span> <span class='ocrx_word' id='word_1_288' title='bbox 492 3820 800 3889; x_wconf 76' lang='lat' dir='ltr'><strong>benignitas</strong></span> <span class='ocrx_word' id='word_1_289' title='bbox 841 3822 979 3888; x_wconf 84' lang='lat' dir='ltr'><strong>ejus,</strong></span> <span class='ocrx_word' id='word_1_290' title='bbox 1016 3830 1241 3889; x_wconf 82' lang='lat' dir='ltr'><strong>propter</strong></span> <span class='ocrx_word' id='word_1_291' title='bbox 1273 3836 1493 3874; x_wconf 89' lang='lat' dir='ltr'><strong>causam</strong></span> <span class='ocrx_word' id='word_1_292' title='bbox 1525 3836 1643 3874; x_wconf 89' lang='lat' dir='ltr'><strong>cam</strong></span> <span class='ocrx_word' id='word_1_293' title='bbox 1679 3836 1800 3889; x_wconf 72' lang='lat' dir='ltr'><strong>qua:</strong></span> 
     </span>
    </p>
   </div>
   <div class='ocr_carea' id='block_1_42' title="bbox 215 3910 1796 3979">
    <p class='ocr_par' dir='ltr' id='par_1_42' title="bbox 215 3910 1796 3979">
     <span class='ocr_line' id='line_1_42' title="bbox 215 3910 1796 3979; baseline -0.002 -13"><span class='ocrx_word' id='word_1_294' title='bbox 215 3914 288 3966; x_wconf 81' lang='lat' dir='ltr'><strong>ab</strong></span> <span class='ocrx_word' id='word_1_295' title='bbox 320 3911 455 3979; x_wconf 88' lang='lat' dir='ltr'><strong>ipsis</strong></span> <span class='ocrx_word' id='word_1_296' title='bbox 496 3910 716 3964; x_wconf 88' lang='lat' dir='ltr'><strong>dicitur.</strong></span> <span class='ocrx_word' id='word_1_297' title='bbox 746 3910 1013 3975; x_wconf 88' lang='lat' dir='ltr'><strong>Quoniam</strong></span> <span class='ocrx_word' id='word_1_298' title='bbox 1061 3920 1244 3963; x_wconf 90' lang='lat' dir='ltr'><strong>autem</strong></span> <span class='ocrx_word' id='word_1_299' title='bbox 1291 3920 1521 3977; x_wconf 87' lang='lat' dir='ltr'><strong>possunt</strong></span> <span class='ocrx_word' id='word_1_300' title='bbox 1568 3925 1796 3978; x_wconf 89' lang='lat' dir='ltr'><strong>corpora</strong></span> 
     </span>
    </p>
   </div>
   <div class='ocr_carea' id='block_1_43' title="bbox 216 3998 1792 4072">
    <p class='ocr_par' dir='ltr' id='par_1_43' title="bbox 216 3998 1792 4072">
     <span class='ocr_line' id='line_1_43' title="bbox 216 3998 1792 4072; baseline -0.003 -17"><span class='ocrx_word' id='word_1_301' title='bbox 216 4002 503 4072; x_wconf 87' lang='lat' dir='ltr'><strong>percipere</strong></span> <span class='ocrx_word' id='word_1_302' title='bbox 538 3999 729 4063; x_wconf 89' lang='lat' dir='ltr'><strong>vitam,</strong></span> <span class='ocrx_word' id='word_1_303' title='bbox 759 3998 1011 4053; x_wconf 83' lang='lat' dir='ltr'><strong>omnibus</strong></span> <span class='ocrx_word' id='word_1_304' title='bbox 1050 4000 1238 4052; x_wconf 87' lang='lat' dir='ltr'><strong>videre</strong></span> <span class='ocrx_word' id='word_1_305' title='bbox 1279 4008 1380 4052; x_wconf 88' lang='lat' dir='ltr'><strong>est.</strong></span> <span class='ocrx_word' id='word_1_306' title='bbox 1412 3998 1607 4053; x_wconf 78' lang='lat' dir='ltr'><strong>Vivunt</strong></span> <span class='ocrx_word' id='word_1_307' title='bbox 1644 4000 1792 4052; x_wconf 91' lang='lat' dir='ltr'><strong>enim</strong></span> 
     </span>
    </p>
   </div>
   <div class='ocr_carea' id='block_1_44' title="bbox 212 4089 1796 4159">
    <p class='ocr_par' dir='ltr' id='par_1_44' title="bbox 212 4089 1796 4159">
     <span class='ocr_line' id='line_1_44' title="bbox 212 4089 1796 4159; baseline -0.003 -15"><span class='ocrx_word' id='word_1_308' title='bbox 212 4092 271 4145; x_wconf 84' lang='lat' dir='ltr'><strong>in</strong></span> <span class='ocrx_word' id='word_1_309' title='bbox 316 4102 577 4159; x_wconf 86' lang='lat' dir='ltr'><strong>quantum</strong></span> <span class='ocrx_word' id='word_1_310' title='bbox 610 4104 670 4143; x_wconf 90' lang='lat' dir='ltr'><strong>ea</strong></span> <span class='ocrx_word' id='word_1_311' title='bbox 703 4091 845 4143; x_wconf 89' lang='lat' dir='ltr'><strong>Deus</strong></span> <span class='ocrx_word' id='word_1_312' title='bbox 878 4089 991 4141; x_wconf 79' lang='lat' dir='ltr'><strong>vult</strong></span> <span class='ocrx_word' id='word_1_313' title='bbox 1033 4089 1249 4153; x_wconf 78' lang='lat' dir='ltr'><strong>vivere;</strong></span> <span class='ocrx_word' id='word_1_314' title='bbox 1292 4098 1346 4142; x_wconf 82' lang='lat' dir='ltr'><strong>et</strong></span> <span class='ocrx_word' id='word_1_315' title='bbox 1386 4089 1495 4155; x_wconf 85' lang='lat' dir='ltr'><strong>jam</strong></span> <span class='ocrx_word' id='word_1_316' title='bbox 1528 4104 1633 4142; x_wconf 88' lang='lat' dir='ltr'><strong>non</strong></span> <span class='ocrx_word' id='word_1_317' title='bbox 1670 4103 1796 4157; x_wconf 90' lang='lat' dir='ltr'><strong>pos-</strong></span> 
     </span>
    </p>
   </div>
   <div class='ocr_carea' id='block_1_45' title="bbox 213 4178 1792 4249">
    <p class='ocr_par' dir='ltr' id='par_1_45' title="bbox 213 4178 1792 4249">
     <span class='ocr_line' id='line_1_45' title="bbox 213 4178 1792 4249; baseline -0.002 -13"><span class='ocrx_word' id='word_1_318' title='bbox 213 4193 341 4237; x_wconf 86' lang='lat' dir='ltr'><strong>sunt</strong></span> <span class='ocrx_word' id='word_1_319' title='bbox 374 4181 579 4245; x_wconf 87' lang='lat' dir='ltr'><strong>dicere,</strong></span> <span class='ocrx_word' id='word_1_320' title='bbox 610 4182 755 4249; x_wconf 90' lang='lat' dir='ltr'><strong>quod</strong></span> <span class='ocrx_word' id='word_1_321' title='bbox 795 4181 1014 4235; x_wconf 84' lang='lat' dir='ltr'><strong>minime</strong></span> <span class='ocrx_word' id='word_1_322' title='bbox 1044 4178 1261 4234; x_wconf 86' lang='lat' dir='ltr'><strong>valeant</strong></span> <span class='ocrx_word' id='word_1_323' title='bbox 1291 4179 1453 4232; x_wconf 80' lang='lat' dir='ltr'><strong>vitam</strong></span> <span class='ocrx_word' id='word_1_324' title='bbox 1486 4194 1705 4247; x_wconf 85' lang='lat' dir='ltr'><strong>capere.</strong></span> <span class='ocrx_word' id='word_1_325' title='bbox 1737 4180 1792 4233; x_wconf 89' lang='lat' dir='ltr'><strong>Si</strong></span> 
     </span>
    </p>
   </div>
   <div class='ocr_carea' id='block_1_46' title="bbox 284 4294 1302 4365">
    <p class='ocr_par' dir='ltr' id='par_1_46' title="bbox 284 4294 1302 4365">
     <span class='ocr_line' id='line_1_46' title="bbox 284 4294 1302 4365; baseline 0 -15"><span class='ocrx_word' id='word_1_326' title='bbox 284 4295 330 4328; x_wconf 79' lang='grc'><strong>⁸⁸</strong></span> <span class='ocrx_word' id='word_1_327' title='bbox 354 4295 471 4350; x_wconf 88' lang='lat' dir='ltr'><strong>Gen</strong></span> <span class='ocrx_word' id='word_1_328' title='bbox 526 4294 693 4361; x_wconf 65' lang='lat' dir='ltr'><strong>v,24.</strong></span> <span class='ocrx_word' id='word_1_329' title='bbox 788 4294 1179 4365; x_wconf 46' lang='lat' dir='ltr'><strong>&#39;“lV‘chn,</strong></span> <span class='ocrx_word' id='word_1_330' title='bbox 1215 4296 1302 4350; x_wconf 89' lang='grc'>11.</span> 
     </span>
    </p>
   </div>
   <div class='ocr_carea' id='block_1_47' title="bbox 286 4383 1791 4460">
    <p class='ocr_par' dir='ltr' id='par_1_47' title="bbox 286 4383 1791 4460">
     <span class='ocr_line' id='line_1_47' title="bbox 286 4383 1791 4460; baseline -0.004 -18"><span class='ocrx_word' id='word_1_331' title='bbox 286 4389 401 4460; x_wconf 83' lang='grc'>(97)</span> <span class='ocrx_word' id='word_1_332' title='bbox 438 4387 619 4460; x_wconf 52' lang='lat' dir='ltr'><strong>Latent</strong></span> <span class='ocrx_word' id='word_1_333' title='bbox 650 4397 822 4460; x_wconf 75' lang='lat' dir='ltr'><strong>autem</strong></span> <span class='ocrx_word' id='word_1_334' title='bbox 856 4390 1174 4460; x_wconf 72' lang='lat' dir='ltr'><strong>semetipsos.</strong></span> <span class='ocrx_word' id='word_1_335' title='bbox 1204 4389 1365 4460; x_wconf 11' lang='lat' dir='ltr'><strong>Idgest</strong></span> <span class='ocrx_word' id='word_1_336' title='bbox 1394 4383 1585 4460; x_wconf 78' lang='lat' dir='ltr'><strong>fallunt</strong></span> <span class='ocrx_word' id='word_1_337' title='bbox 1617 4391 1791 4437; x_wconf 84' lang='lat' dir='ltr'><strong>autem</strong></span> 
     </span>
    </p>
   </div>
   <div class='ocr_carea' id='block_1_48' title="bbox 214 4454 1503 4524">
    <p class='ocr_par' dir='ltr' id='par_1_48' title="bbox 214 4454 1503 4524">
     <span class='ocr_line' id='line_1_48' title="bbox 214 4454 1503 4524; baseline -0.005 -10"><span class='ocrx_word' id='word_1_338' title='bbox 214 4454 551 4524; x_wconf 69' lang='lat' dir='ltr'><strong>semetipsos;</strong></span> <span class='ocrx_word' id='word_1_339' title='bbox 578 4456 786 4519; x_wconf 68' lang='lat' dir='ltr'><strong>Gmce,</strong></span> <span class='ocrx_word' id='word_1_340' title='bbox 814 4454 1135 4510; x_wconf 71' lang='grc' dir='ltr'>λανθάνουσι</span> <span class='ocrx_word' id='word_1_341' title='bbox 1168 4460 1224 4511; x_wconf 82' lang='grc' dir='ltr'><strong>δὲ</strong></span> <span class='ocrx_word' id='word_1_342' title='bbox 1257 4454 1503 4515; x_wconf 74' lang='grc' dir='ltr'><strong>ἑαυτούς.</strong></span> 
     </span>
    </p>
   </div>
   <div class='ocr_carea' id='block_1_49' title="bbox 284 4526 1194 4597">
    <p class='ocr_par' dir='ltr' id='par_1_49' title="bbox 284 4526 1194 4597">
     <span class='ocr_line' id='line_1_49' title="bbox 284 4526 1194 4597; baseline 0 -16"><span class='ocrx_word' id='word_1_343' title='bbox 284 4526 400 4597; x_wconf 84' lang='grc'>(98)</span> <span class='ocrx_word' id='word_1_344' title='bbox 436 4526 567 4597; x_wconf 78' lang='lat' dir='ltr'><strong>Sunt</strong></span> <span class='ocrx_word' id='word_1_345' title='bbox 599 4528 745 4579; x_wconf 86' lang='lat' dir='ltr'><strong>talia.</strong></span> <span class='ocrx_word' id='word_1_346' title='bbox 773 4528 879 4589; x_wconf 76' lang='lat' dir='ltr'><strong>AL,</strong></span> <span class='ocrx_word' id='word_1_347' title='bbox 906 4540 1026 4597; x_wconf 83' lang='lat' dir='ltr'><strong>sunt</strong></span> <span class='ocrx_word' id='word_1_348' title='bbox 1065 4530 1194 4581; x_wconf 83' lang='lat' dir='ltr'><strong>alia.</strong></span> 
     </span>
    </p>
   </div>
   <div class='ocr_carea' id='block_1_50' title="bbox 305 4595 1341 4657">
    <p class='ocr_par' dir='ltr' id='par_1_50' title="bbox 305 4595 1341 4657">
     <span class='ocr_line' id='line_1_50' title="bbox 305 4595 1341 4657; baseline -0.005 -7"><span class='ocrx_word' id='word_1_349' title='bbox 305 4595 397 4657; x_wconf 77' lang='lat'><strong>99)</strong></span> <span class='ocrx_word' id='word_1_350' title='bbox 428 4595 588 4648; x_wconf 64' lang='grc' dir='ltr'><strong>Αιηά</strong></span> <span class='ocrx_word' id='word_1_351' title='bbox 616 4606 809 4649; x_wconf 87' lang='lat' dir='ltr'><strong>autem.</strong></span> <span class='ocrx_word' id='word_1_352' title='bbox 843 4597 951 4657; x_wconf 89' lang='lat' dir='ltr'><strong>AL,</strong></span> <span class='ocrx_word' id='word_1_353' title='bbox 980 4596 1112 4648; x_wconf 87' lang='lat' dir='ltr'><strong>illud</strong></span> <span class='ocrx_word' id='word_1_354' title='bbox 1146 4605 1341 4648; x_wconf 81' lang='lat' dir='ltr'><strong>autem.</strong></span> 
     </span>
    </p>
   </div>
   <div class='ocr_carea' id='block_1_51' title="bbox 281 4601 1785 4733">
    <p class='ocr_par' dir='ltr' id='par_1_51' title="bbox 281 4601 1785 4733">
     <span class='ocr_line' id='line_1_51' title="bbox 305 4601 1341 4665; baseline -0.005 -15"><span class='ocrx_word' id='word_1_355' title='bbox 305 4601 397 4665; x_wconf 77' lang='lat'><strong>99)</strong></span> <span class='ocrx_word' id='word_1_356' title='bbox 428 4601 588 4648; x_wconf 68' lang='grc' dir='ltr'><strong>Αιηιι</strong></span> <span class='ocrx_word' id='word_1_357' title='bbox 616 4606 809 4649; x_wconf 87' lang='lat' dir='ltr'><strong>autem.</strong></span> <span class='ocrx_word' id='word_1_358' title='bbox 843 4601 951 4657; x_wconf 89' lang='lat' dir='ltr'><strong>AL,</strong></span> <span class='ocrx_word' id='word_1_359' title='bbox 980 4601 1112 4648; x_wconf 87' lang='lat' dir='ltr'><strong>illud</strong></span> <span class='ocrx_word' id='word_1_360' title='bbox 1146 4605 1341 4648; x_wconf 81' lang='lat' dir='ltr'><strong>autem.</strong></span> 
     </span>
     <span class='ocr_line' id='line_1_52' title="bbox 281 4601 1785 4733; baseline -0.003 -16"><span class='ocrx_word' id='word_1_361' title='bbox 281 4601 366 4733; x_wconf 59' lang='grc'><strong>(1)</strong></span> <span class='ocrx_word' id='word_1_362' title='bbox 418 4666 528 4717; x_wconf 84' lang='lat' dir='ltr'><strong>Vita</strong></span> <span class='ocrx_word' id='word_1_363' title='bbox 554 4666 865 4732; x_wconf 80' lang='lat' dir='ltr'><strong>derelinqui.</strong></span> <span class='ocrx_word' id='word_1_364' title='bbox 892 4665 983 4717; x_wconf 85' lang='lat' dir='ltr'><strong>Sic</strong></span> <span class='ocrx_word' id='word_1_365' title='bbox 1014 4674 1158 4718; x_wconf 82' lang='lat' dir='ltr'><strong>recte</strong></span> <span class='ocrx_word' id='word_1_366' title='bbox 1185 4664 1343 4719; x_wconf 81' lang='lat' dir='ltr'><strong>codd.</strong></span> <span class='ocrx_word' id='word_1_367' title='bbox 1368 4659 1703 4733; x_wconf 75' lang='lat' dir='ltr'><strong>Claromotlt.</strong></span> <span class='ocrx_word' id='word_1_368' title='bbox 1730 4669 1785 4712; x_wconf 91' lang='lat' dir='ltr'><strong>et</strong></span> 
     </span>
    </p>
   </div>
   <div class='ocr_carea' id='block_1_52' title="bbox 211 4729 1784 4803">
    <p class='ocr_par' dir='ltr' id='par_1_52' title="bbox 211 4729 1784 4803">
     <span class='ocr_line' id='line_1_53' title="bbox 211 4729 1784 4803; baseline -0.006 -15"><span class='ocrx_word' id='word_1_369' title='bbox 211 4729 381 4790; x_wconf 61' lang='lat' dir='ltr'><strong>voss.</strong></span> <span class='ocrx_word' id='word_1_370' title='bbox 416 4750 479 4789; x_wconf 85' lang='lat' dir='ltr'><strong>ac</strong></span> <span class='ocrx_word' id='word_1_371' title='bbox 524 4733 689 4788; x_wconf 84' lang='lat' dir='ltr'><strong>Grab.</strong></span> <span class='ocrx_word' id='word_1_372' title='bbox 731 4729 941 4802; x_wconf 75' lang='lat' dir='ltr'><strong>Reliqui</strong></span> <span class='ocrx_word' id='word_1_373' title='bbox 994 4749 1312 4803; x_wconf 85' lang='lat' dir='ltr'><strong>perperam,</strong></span> <span class='ocrx_word' id='word_1_374' title='bbox 1356 4732 1553 4792; x_wconf 76' lang='lat' dir='ltr'><strong>vitam;</strong></span> <span class='ocrx_word' id='word_1_375' title='bbox 1596 4729 1660 4781; x_wconf 85' lang='lat' dir='ltr'><strong>de</strong></span> <span class='ocrx_word' id='word_1_376' title='bbox 1700 4744 1784 4780; x_wconf 87' lang='lat' dir='ltr'><strong>re-</strong></span> 
     </span>
    </p>
   </div>
   <div class='ocr_carea' id='block_1_53' title="bbox 210 4807 380 4857">
    <p class='ocr_par' dir='ltr' id='par_1_53' title="bbox 210 4807 380 4857">
     <span class='ocr_line' id='line_1_54' title="bbox 210 4807 380 4857; baseline -0.012 0"><span class='ocrx_word' id='word_1_377' title='bbox 210 4807 380 4857; x_wconf 84' lang='lat' dir='ltr'><strong>liauo.</strong></span> 
     </span>
    </p>
   </div>
   <div class='ocr_carea' id='block_1_54' title="bbox 255 4821 1781 4944">
    <p class='ocr_par' dir='ltr' id='par_1_54' title="bbox 255 4821 1781 4944">
     <span class='ocr_line' id='line_1_55' title="bbox 255 4821 1781 4944; baseline -0.007 -16"><span class='ocrx_word' id='word_1_378' title='bbox 255 4821 380 4944; x_wconf 43' lang='lat'>9(3).</span> <span class='ocrx_word' id='word_1_379' title='bbox 410 4872 533 4927; x_wconf 79' lang='lat' dir='ltr'><strong>Vere</strong></span> <span class='ocrx_word' id='word_1_380' title='bbox 557 4873 741 4928; x_wconf 81' lang='lat' dir='ltr'><strong>bonus.</strong></span> <span class='ocrx_word' id='word_1_381' title='bbox 777 4872 905 4928; x_wconf 83' lang='lat' dir='ltr'><strong>Vere</strong></span> <span class='ocrx_word' id='word_1_382' title='bbox 939 4872 1123 4926; x_wconf 83' lang='lat' dir='ltr'><strong>melior</strong></span> <span class='ocrx_word' id='word_1_383' title='bbox 1157 4883 1359 4942; x_wconf 85' lang='lat' dir='ltr'><strong>ponere</strong></span> <span class='ocrx_word' id='word_1_384' title='bbox 1385 4867 1667 4923; x_wconf 83' lang='lat' dir='ltr'><strong>debuisset</strong></span> <span class='ocrx_word' id='word_1_385' title='bbox 1698 4865 1781 4919; x_wconf 85' lang='lat' dir='ltr'><strong>in-</strong></span> 
     </span>
    </p>
   </div>
   <div class='ocr_carea' id='block_1_55' title="bbox 211 4952 351 4997">
    <p class='ocr_par' dir='ltr' id='par_1_55' title="bbox 211 4952 351 4997">
     <span class='ocr_line' id='line_1_56' title="bbox 211 4952 351 4997; baseline -0.021 0"><span class='ocrx_word' id='word_1_386' title='bbox 211 4952 351 4997; x_wconf 83' lang='lat' dir='ltr'><strong>tero.</strong></span> 
     </span>
    </p>
   </div>
   <div class='ocr_carea' id='block_1_56' title="bbox 301 4959 1159 5080">
    <p class='ocr_par' dir='ltr' id='par_1_56' title="bbox 301 4959 1159 5080">
     <span class='ocr_line' id='line_1_57' title="bbox 301 4959 1159 5080; baseline 0 -17"><span class='ocrx_word' id='word_1_387' title='bbox 399 5010 476 5063; x_wconf 82' lang='lat' dir='ltr'><strong>Ea</strong></span> <span class='ocrx_word' id='word_1_388' title='bbox 506 5012 731 5080; x_wconf 88' lang='lat' dir='ltr'><strong>quidem.</strong></span> <span class='ocrx_word' id='word_1_389' title='bbox 765 5013 873 5075; x_wconf 79' lang='lat' dir='ltr'><strong>AL,</strong></span> <span class='ocrx_word' id='word_1_390' title='bbox 897 5011 1159 5079; x_wconf 82' lang='lat' dir='ltr'><strong>equidem.</strong></span> 
     </span>
    </p>
   </div>
   <div class='ocr_carea' id='block_1_57' title="bbox 207 5016 1779 5205">
    <p class='ocr_par' dir='ltr' id='par_1_57' title="bbox 207 5016 1779 5205">
     <span class='ocr_line' id='line_1_58' title="bbox 306 5016 1159 5080; baseline 0 -17"><span class='ocrx_word' id='word_1_391' title='bbox 306 5016 361 5076; x_wconf 73' lang='grc' dir='ltr'>ὅ)</span> <span class='ocrx_word' id='word_1_392' title='bbox 399 5016 476 5063; x_wconf 80' lang='lat' dir='ltr'><strong>Ea</strong></span> <span class='ocrx_word' id='word_1_393' title='bbox 506 5016 731 5080; x_wconf 86' lang='lat' dir='ltr'><strong>quidem.</strong></span> <span class='ocrx_word' id='word_1_394' title='bbox 765 5016 873 5075; x_wconf 81' lang='lat' dir='ltr'><strong>AL,</strong></span> <span class='ocrx_word' id='word_1_395' title='bbox 897 5016 1159 5079; x_wconf 82' lang='lat' dir='ltr'><strong>equidem.</strong></span> 
     </span>
     <span class='ocr_line' id='line_1_59' title="bbox 207 5016 1779 5205; baseline -0.002 -74"><span class='ocrx_word' id='word_1_396' title='bbox 207 5016 503 5205; x_wconf 41' lang='lat' dir='ltr'><strong>“galati;</strong></span> <span class='ocrx_word' id='word_1_397' title='bbox 538 5083 773 5150; x_wconf 71' lang='lat' dir='ltr'><strong>benigne.</strong></span> <span class='ocrx_word' id='word_1_398' title='bbox 807 5084 898 5136; x_wconf 71' lang='lat' dir='ltr'><strong>Sic</strong></span> <span class='ocrx_word' id='word_1_399' title='bbox 940 5098 1035 5151; x_wconf 86' lang='lat' dir='ltr'><strong>pro</strong></span> <span class='ocrx_word' id='word_1_400' title='bbox 1074 5081 1161 5133; x_wconf 83' lang='lat' dir='ltr'><strong>ille</strong></span> <span class='ocrx_word' id='word_1_401' title='bbox 1210 5079 1423 5148; x_wconf 78' lang='lat' dir='ltr'><strong>benigne</strong></span> <span class='ocrx_word' id='word_1_402' title='bbox 1456 5075 1672 5145; x_wconf 87' lang='lat' dir='ltr'><strong>reposui</strong></span> <span class='ocrx_word' id='word_1_403' title='bbox 1713 5090 1779 5129; x_wconf 77' lang='lat' dir='ltr'><strong>ex</strong></span> 
     </span>
    </p>
   </div>
   <div class='ocr_carea' id='block_1_58' title="bbox 278 5166 455 5202">
    <p class='ocr_par' dir='ltr' id='par_1_58' title="bbox 278 5166 455 5202">
     <span class='ocr_line' id='line_1_60' title="bbox 278 5166 455 5202; baseline 0.006 -1"><span class='ocrx_word' id='word_1_404' title='bbox 278 5166 455 5202; x_wconf 83' lang='lat' dir='ltr'><strong>arum.</strong></span> 
     </span>
    </p>
   </div>
   <div class='ocr_carea' id='block_1_59' title="bbox 283 5214 1776 5289">
    <p class='ocr_par' dir='ltr' id='par_1_59' title="bbox 283 5214 1776 5289">
     <span class='ocr_line' id='line_1_61' title="bbox 283 5214 1776 5289; baseline -0.005 -15"><span class='ocrx_word' id='word_1_405' title='bbox 283 5219 361 5289; x_wconf 78' lang='grc'><strong>(5)</strong></span> <span class='ocrx_word' id='word_1_406' title='bbox 402 5219 532 5273; x_wconf 77' lang='lat' dir='ltr'><strong>Cum</strong></span> <span class='ocrx_word' id='word_1_407' title='bbox 582 5224 987 5289; x_wconf 81' lang='lat' dir='ltr'><strong>possit...cum</strong></span> <span class='ocrx_word' id='word_1_408' title='bbox 1036 5236 1137 5272; x_wconf 85' lang='lat' dir='ltr'><strong>non</strong></span> <span class='ocrx_word' id='word_1_409' title='bbox 1190 5220 1374 5285; x_wconf 78' lang='lat' dir='ltr'><strong>possit.</strong></span> <span class='ocrx_word' id='word_1_410' title='bbox 1421 5215 1493 5268; x_wconf 82' lang='lat' dir='ltr'><strong>lla</strong></span> <span class='ocrx_word' id='word_1_411' title='bbox 1540 5214 1776 5289; x_wconf 84' lang='lat' dir='ltr'><strong>Clarom.</strong></span> 
     </span>
    </p>
   </div>
   <div class='ocr_carea' id='block_1_60' title="bbox 208 5284 1775 5355">
    <p class='ocr_par' dir='ltr' id='par_1_60' title="bbox 208 5284 1775 5355">
     <span class='ocr_line' id='line_1_62' title="bbox 208 5284 1775 5355; baseline -0.004 -14"><span class='ocrx_word' id='word_1_412' title='bbox 208 5284 312 5342; x_wconf 80' lang='lat' dir='ltr'><strong>Alii</strong></span> <span class='ocrx_word' id='word_1_413' title='bbox 342 5284 813 5350; x_wconf 33' lang='lat' dir='ltr'><strong>inverso-ordine,</strong></span> <span class='ocrx_word' id='word_1_414' title='bbox 842 5305 957 5343; x_wconf 84' lang='lat' dir='ltr'><strong>cum</strong></span> <span class='ocrx_word' id='word_1_415' title='bbox 993 5306 1094 5341; x_wconf 88' lang='lat' dir='ltr'><strong>non</strong></span> <span class='ocrx_word' id='word_1_416' title='bbox 1137 5284 1295 5355; x_wconf 70' lang='lat' dir='ltr'><strong>parsit</strong></span> <span class='ocrx_word' id='word_1_417' title='bbox 1322 5326 1335 5340; x_wconf 93' lang='lat'><strong>.</strong></span> <span class='ocrx_word' id='word_1_418' title='bbox 1360 5328 1373 5342; x_wconf 95' lang='lat'><strong>.</strong></span> <span class='ocrx_word' id='word_1_419' title='bbox 1397 5325 1411 5339; x_wconf 89' lang='lat'><strong>.</strong></span> <span class='ocrx_word' id='word_1_420' title='bbox 1438 5300 1555 5335; x_wconf 85' lang='lat' dir='ltr'><strong>cum</strong></span> <span class='ocrx_word' id='word_1_421' title='bbox 1594 5284 1775 5351; x_wconf 86' lang='lat' dir='ltr'><strong>possit.</strong></span> 
     </span>
    </p>
   </div>
   <div class='ocr_carea' id='block_1_61' title="bbox 275 5357 1285 5430">
    <p class='ocr_par' dir='ltr' id='par_1_61' title="bbox 275 5357 1285 5430">
     <span class='ocr_line' id='line_1_63' title="bbox 275 5357 1285 5430; baseline -0.006 -17"><span class='ocrx_word' id='word_1_422' title='bbox 275 5358 357 5430; x_wconf 84' lang='lat'>(6)</span> <span class='ocrx_word' id='word_1_423' title='bbox 401 5357 504 5430; x_wconf 58' lang='lat' dir='ltr'><strong>Per</strong></span> <span class='ocrx_word' id='word_1_424' title='bbox 531 5377 705 5429; x_wconf 84' lang='lat' dir='ltr'><strong>quam.</strong></span> <span class='ocrx_word' id='word_1_425' title='bbox 742 5360 845 5430; x_wconf 80' lang='lat' dir='ltr'><strong>Pro</strong></span> <span class='ocrx_word' id='word_1_426' title='bbox 876 5368 1083 5427; x_wconf 82' lang='lat' dir='ltr'><strong>propter</strong></span> <span class='ocrx_word' id='word_1_427' title='bbox 1108 5373 1285 5424; x_wconf 81' lang='lat' dir='ltr'><strong>quant.</strong></span> 
     </span>
    </p>
   </div>
   <div class='ocr_carea' id='block_1_62' title="bbox 276 5422 1777 5497">
    <p class='ocr_par' dir='ltr' id='par_1_62' title="bbox 276 5422 1777 5497">
     <span class='ocr_line' id='line_1_64' title="bbox 276 5422 1777 5497; baseline -0.007 -16"><span class='ocrx_word' id='word_1_428' title='bbox 276 5422 359 5497; x_wconf 83' lang='lat'>(7)</span> <span class='ocrx_word' id='word_1_429' title='bbox 396 5422 739 5484; x_wconf 68' lang='lat' dir='ltr'><strong>Obtincntem.</strong></span> <span class='ocrx_word' id='word_1_430' title='bbox 780 5429 834 5481; x_wconf 86' lang='lat' dir='ltr'><strong>Id</strong></span> <span class='ocrx_word' id='word_1_431' title='bbox 872 5422 1363 5495; x_wconf 44' lang='lat' dir='ltr'><strong>est&#39;superantem;</strong></span> <span class='ocrx_word' id='word_1_432' title='bbox 1401 5422 1621 5486; x_wconf 70' lang='lat' dir='ltr'><strong>Graece,</strong></span> <span class='ocrx_word' id='word_1_433' title='bbox 1660 5422 1777 5472; x_wconf 73' lang='grc' dir='ltr'><strong>ἑπι-</strong></span> 
     </span>
    </p>
   </div>
   <div class='ocr_carea' id='block_1_63' title="bbox 207 5497 538 5569">
    <p class='ocr_par' dir='ltr' id='par_1_63' title="bbox 207 5497 538 5569">
     <span class='ocr_line' id='line_1_65' title="bbox 207 5497 538 5569; baseline 0 -18"><span class='ocrx_word' id='word_1_434' title='bbox 207 5497 538 5569; x_wconf 60' lang='grc' dir='ltr'><strong>κρατοῦντα.</strong></span> 
     </span>
    </p>
   </div>
   <div class='ocr_carea' id='block_1_64' title="bbox 275 5562 1771 5637">
    <p class='ocr_par' dir='ltr' id='par_1_64' title="bbox 275 5562 1771 5637">
     <span class='ocr_line' id='line_1_66' title="bbox 275 5562 1771 5637; baseline -0.005 -18"><span class='ocrx_word' id='word_1_435' title='bbox 275 5568 356 5637; x_wconf 83' lang='lat'>(8)</span> <span class='ocrx_word' id='word_1_436' title='bbox 383 5568 511 5630; x_wconf 65' lang='lat' dir='ltr'><strong>Quae</strong></span> <span class='ocrx_word' id='word_1_437' title='bbox 538 5578 774 5635; x_wconf 78' lang='lat' dir='ltr'><strong>possunt.</strong></span> <span class='ocrx_word' id='word_1_438' title='bbox 794 5564 850 5619; x_wconf 88' lang='lat' dir='ltr'><strong>lu</strong></span> <span class='ocrx_word' id='word_1_439' title='bbox 875 5563 1199 5621; x_wconf 88' lang='lat' dir='ltr'><strong>Feuardent.</strong></span> <span class='ocrx_word' id='word_1_440' title='bbox 1222 5578 1417 5633; x_wconf 85' lang='lat' dir='ltr'><strong>marg.,</strong></span> <span class='ocrx_word' id='word_1_441' title='bbox 1438 5562 1771 5618; x_wconf 89' lang='lat' dir='ltr'><strong>Claromont.</strong></span> 
     </span>
    </p>
   </div>
   <div class='ocr_carea' id='block_1_65' title="bbox 208 5637 864 5706">
    <p class='ocr_par' dir='ltr' id='par_1_65' title="bbox 208 5637 864 5706">
     <span class='ocr_line' id='line_1_67' title="bbox 208 5637 864 5706; baseline 0.002 -18"><span class='ocrx_word' id='word_1_442' title='bbox 208 5647 259 5688; x_wconf 82' lang='lat' dir='ltr'><strong>et</strong></span> <span class='ocrx_word' id='word_1_443' title='bbox 296 5637 482 5706; x_wconf 76' lang='lat' dir='ltr'><strong>V05_s.,</strong></span> <span class='ocrx_word' id='word_1_444' title='bbox 508 5640 597 5706; x_wconf 83' lang='lat' dir='ltr'><strong>qui</strong></span> <span class='ocrx_word' id='word_1_445' title='bbox 619 5646 864 5706; x_wconf 80' lang='lat' dir='ltr'><strong>possunt.</strong></span> 
     </span>
    </p>
   </div>
   <div class='ocr_carea' id='block_1_66' title="bbox 298 5702 1287 5775">
    <p class='ocr_par' dir='ltr' id='par_1_66' title="bbox 298 5702 1287 5775">
     <span class='ocr_line' id='line_1_68' title="bbox 298 5702 1287 5775; baseline -0.005 -16"><span class='ocrx_word' id='word_1_446' title='bbox 298 5706 375 5775; x_wconf 13' lang='lat'><strong>9),</strong></span> <span class='ocrx_word' id='word_1_447' title='bbox 398 5702 653 5775; x_wconf 50' lang='lat' dir='ltr'><strong>Non‘jam</strong></span> <span class='ocrx_word' id='word_1_448' title='bbox 685 5706 840 5757; x_wconf 85' lang='lat' dir='ltr'><strong>liber.</strong></span> <span class='ocrx_word' id='word_1_449' title='bbox 867 5704 974 5769; x_wconf 81' lang='lat' dir='ltr'><strong>AL,</strong></span> <span class='ocrx_word' id='word_1_450' title='bbox 1006 5719 1109 5775; x_wconf 73' lang='lat' dir='ltr'><strong>non</strong></span> <span class='ocrx_word' id='word_1_451' title='bbox 1138 5702 1287 5775; x_wconf 63' lang='lat' dir='ltr'><strong>liber.</strong></span> 
     </span>
    </p>
   </div>
   <div class='ocr_carea' id='block_1_67' title="bbox 272 5706 1767 5845">
    <p class='ocr_par' dir='ltr' id='par_1_67' title="bbox 272 5706 1767 5845">
     <span class='ocr_line' id='line_1_69' title="bbox 298 5706 1287 5775; baseline -0.005 -16"><span class='ocrx_word' id='word_1_452' title='bbox 298 5706 355 5767; x_wconf 85' lang='lat'>9)</span> <span class='ocrx_word' id='word_1_453' title='bbox 398 5706 653 5775; x_wconf 80' lang='lat' dir='ltr'><strong>Non&#39;jam</strong></span> <span class='ocrx_word' id='word_1_454' title='bbox 685 5706 840 5757; x_wconf 85' lang='lat' dir='ltr'><strong>liber.</strong></span> <span class='ocrx_word' id='word_1_455' title='bbox 867 5706 974 5769; x_wconf 82' lang='lat' dir='ltr'><strong>AL,</strong></span> <span class='ocrx_word' id='word_1_456' title='bbox 1006 5719 1109 5757; x_wconf 82' lang='lat' dir='ltr'><strong>non</strong></span> <span class='ocrx_word' id='word_1_457' title='bbox 1138 5706 1287 5755; x_wconf 83' lang='lat' dir='ltr'><strong>liber.</strong></span> 
     </span>
     <span class='ocr_line' id='line_1_70' title="bbox 272 5706 1767 5845; baseline -0.004 -17"><span class='ocrx_word' id='word_1_458' title='bbox 272 5706 389 5845; x_wconf 68' lang='grc'>(10)</span> <span class='ocrx_word' id='word_1_459' title='bbox 424 5774 490 5831; x_wconf 79' lang='lat' dir='ltr'><strong>In</strong></span> <span class='ocrx_word' id='word_1_460' title='bbox 532 5776 811 5833; x_wconf 72' lang='lat' dir='ltr'><strong>sententia.</strong></span> <span class='ocrx_word' id='word_1_461' title='bbox 858 5773 1062 5829; x_wconf 81' lang='lat' dir='ltr'><strong>Arund.</strong></span> <span class='ocrx_word' id='word_1_462' title='bbox 1094 5784 1149 5829; x_wconf 88' lang='lat' dir='ltr'><strong>et</strong></span> <span class='ocrx_word' id='word_1_463' title='bbox 1202 5770 1396 5840; x_wconf 83' lang='lat' dir='ltr'><strong>Grab.,</strong></span> <span class='ocrx_word' id='word_1_464' title='bbox 1428 5771 1483 5825; x_wconf 87' lang='lat' dir='ltr'><strong>in</strong></span> <span class='ocrx_word' id='word_1_465' title='bbox 1518 5786 1615 5825; x_wconf 85' lang='lat' dir='ltr'><strong>sua</strong></span> <span class='ocrx_word' id='word_1_466' title='bbox 1652 5784 1767 5823; x_wconf 87' lang='lat' dir='ltr'><strong>sen-</strong></span> 
     </span>
    </p>
   </div>
   <div class='ocr_carea' id='block_1_68' title="bbox 205 5846 386 5899">
    <p class='ocr_par' dir='ltr' id='par_1_68' title="bbox 205 5846 386 5899">
     <span class='ocr_line' id='line_1_71' title="bbox 205 5846 386 5899; baseline 0.022 -4"><span class='ocrx_word' id='word_1_467' title='bbox 205 5846 386 5899; x_wconf 71' lang='lat' dir='ltr'><strong>tentia.</strong></span> 
     </span>
    </p>
   </div>
   <div class='ocr_carea' id='block_1_69' title="bbox 1935 659 3520 732">
    <p class='ocr_par' dir='ltr' id='par_1_69' title="bbox 1935 659 3520 732">
     <span class='ocr_line' id='line_1_72' title="bbox 1935 659 3520 732; baseline 0.004 -21"><span class='ocrx_word' id='word_1_468' title='bbox 1935 659 2061 711; x_wconf 88' lang='lat' dir='ltr'><strong>dam</strong></span> <span class='ocrx_word' id='word_1_469' title='bbox 2104 674 2210 712; x_wconf 91' lang='lat' dir='ltr'><strong>non</strong></span> <span class='ocrx_word' id='word_1_470' title='bbox 2257 659 2631 725; x_wconf 79' lang='lat' dir='ltr'><strong>viviﬁcantur,</strong></span> <span class='ocrx_word' id='word_1_471' title='bbox 2662 674 2782 729; x_wconf 69' lang='lat' dir='ltr'><strong>quae</strong></span> <span class='ocrx_word' id='word_1_472' title='bbox 2816 670 3045 729; x_wconf 88' lang='lat' dir='ltr'><strong>possunt</strong></span> <span class='ocrx_word' id='word_1_473' title='bbox 3074 660 3152 732; x_wconf 82' lang='lat'>(8)</span> <span class='ocrx_word' id='word_1_474' title='bbox 3188 662 3520 731; x_wconf 82' lang='lat' dir='ltr'><strong>participare</strong></span> 
     </span>
    </p>
   </div>
   <div class='ocr_carea' id='block_1_70' title="bbox 1932 749 3519 813">
    <p class='ocr_par' dir='ltr' id='par_1_70' title="bbox 1932 749 3519 813">
     <span class='ocr_line' id='line_1_73' title="bbox 1932 749 3519 813; baseline 0.006 -16"><span class='ocrx_word' id='word_1_475' title='bbox 1932 749 2135 813; x_wconf 88' lang='lat' dir='ltr'><strong>vitam;</strong></span> <span class='ocrx_word' id='word_1_476' title='bbox 2186 750 2292 803; x_wconf 89' lang='lat' dir='ltr'><strong>erit</strong></span> <span class='ocrx_word' id='word_1_477' title='bbox 2353 751 2663 805; x_wconf 79' lang='lat' dir='ltr'><strong>necessitati</strong></span> <span class='ocrx_word' id='word_1_478' title='bbox 2704 761 2759 805; x_wconf 92' lang='lat' dir='ltr'><strong>et</strong></span> <span class='ocrx_word' id='word_1_479' title='bbox 2807 758 2991 807; x_wconf 56' lang='lat' dir='ltr'><strong>causa;</strong></span> <span class='ocrx_word' id='word_1_480' title='bbox 3056 754 3303 808; x_wconf 83' lang='lat' dir='ltr'><strong>serviens</strong></span> <span class='ocrx_word' id='word_1_481' title='bbox 3357 752 3519 807; x_wconf 80' lang='lat' dir='ltr'><strong>Pater</strong></span> 
     </span>
    </p>
   </div>
   <div class='ocr_carea' id='block_1_71' title="bbox 1931 839 3519 913">
    <p class='ocr_par' dir='ltr' id='par_1_71' title="bbox 1931 839 3519 913">
     <span class='ocr_line' id='line_1_74' title="bbox 1931 839 3519 913; baseline 0.006 -20"><span class='ocrx_word' id='word_1_482' title='bbox 1931 839 2174 908; x_wconf 89' lang='lat' dir='ltr'><strong>ipsorum</strong></span> <span class='ocrx_word' id='word_1_483' title='bbox 2195 876 2212 905; x_wconf 96' lang='lat'><strong>,</strong></span> <span class='ocrx_word' id='word_1_484' title='bbox 2249 850 2304 892; x_wconf 91' lang='lat' dir='ltr'><strong>et</strong></span> <span class='ocrx_word' id='word_1_485' title='bbox 2345 855 2450 895; x_wconf 91' lang='lat' dir='ltr'><strong>non</strong></span> <span class='ocrx_word' id='word_1_486' title='bbox 2478 841 2590 910; x_wconf 90' lang='lat' dir='ltr'><strong>jam</strong></span> <span class='ocrx_word' id='word_1_487' title='bbox 2624 842 2761 896; x_wconf 87' lang='lat' dir='ltr'><strong>liber</strong></span> <span class='ocrx_word' id='word_1_488' title='bbox 2789 842 2866 913; x_wconf 88' lang='lat'>(9)</span> <span class='ocrx_word' id='word_1_489' title='bbox 2903 853 2961 898; x_wconf 92' lang='lat' dir='ltr'><strong>et</strong></span> <span class='ocrx_word' id='word_1_490' title='bbox 3000 858 3112 897; x_wconf 69' lang='lat' dir='ltr'><strong>sua:</strong></span> <span class='ocrx_word' id='word_1_491' title='bbox 3142 846 3429 912; x_wconf 80' lang='lat' dir='ltr'><strong>potestatis</strong></span> <span class='ocrx_word' id='word_1_492' title='bbox 3461 847 3519 901; x_wconf 86' lang='lat' dir='ltr'><strong>in</strong></span> 
     </span>
    </p>
   </div>
   <div class='ocr_carea' id='block_1_72' title="bbox 1929 928 2374 1001">
    <p class='ocr_par' dir='ltr' id='par_1_72' title="bbox 1929 928 2374 1001">
     <span class='ocr_line' id='line_1_75' title="bbox 1929 928 2374 1001; baseline -0.002 -17"><span class='ocrx_word' id='word_1_493' title='bbox 1929 930 2204 985; x_wconf 78' lang='lat' dir='ltr'><strong>sententia</strong></span> <span class='ocrx_word' id='word_1_494' title='bbox 2235 928 2374 1001; x_wconf 88' lang='grc'>(10).</span> 
     </span>
    </p>
   </div>
   <div class='ocr_carea' id='block_1_73' title="bbox 2438 1044 2965 1115">
    <p class='ocr_par' dir='ltr' id='par_1_73' title="bbox 2438 1044 2965 1115">
     <span class='ocr_line' id='line_1_76' title="bbox 2438 1044 2965 1115; baseline 0.002 -17"><span class='ocrx_word' id='word_1_495' title='bbox 2438 1045 2605 1115; x_wconf 71' lang='lat'><strong>293</strong></span> <span class='ocrx_word' id='word_1_496' title='bbox 2634 1044 2862 1100; x_wconf 80' lang='lat' dir='ltr'><strong>CAPUT</strong></span> <span class='ocrx_word' id='word_1_497' title='bbox 2903 1044 2965 1099; x_wconf 90' lang='lat' dir='ltr'><strong>v.</strong></span> 
     </span>
    </p>
   </div>
   <div class='ocr_carea' id='block_1_74' title="bbox 1932 1153 3516 1225">
    <p class='ocr_par' dir='ltr' id='par_1_74' title="bbox 1932 1153 3516 1225">
     <span class='ocr_line' id='line_1_77' title="bbox 1932 1153 3516 1225; baseline 0.002 -15"><span class='ocrx_word' id='word_1_498' title='bbox 1932 1153 2239 1210; x_wconf 69' lang='lat' dir='ltr'><strong>Priscorum</strong></span> <span class='ocrx_word' id='word_1_499' title='bbox 2285 1158 2392 1209; x_wconf 80' lang='lat' dir='ltr'><strong>vita</strong></span> <span class='ocrx_word' id='word_1_500' title='bbox 2423 1154 2690 1222; x_wconf 71' lang='lat' dir='ltr'><strong>lattnga,</strong></span> <span class='ocrx_word' id='word_1_501' title='bbox 2737 1156 2873 1208; x_wconf 70' lang='lat' dir='ltr'><strong>Elia:</strong></span> <span class='ocrx_word' id='word_1_502' title='bbox 2901 1164 2951 1208; x_wconf 80' lang='lat' dir='ltr'><strong>et</strong></span> <span class='ocrx_word' id='word_1_503' title='bbox 3002 1154 3183 1210; x_wconf 83' lang='lat' dir='ltr'><strong>Enoclt</strong></span> <span class='ocrx_word' id='word_1_504' title='bbox 3226 1174 3347 1210; x_wconf 87' lang='lat' dir='ltr'><strong>cum</strong></span> <span class='ocrx_word' id='word_1_505' title='bbox 3391 1175 3516 1225; x_wconf 84' lang='lat' dir='ltr'><strong>pro-</strong></span> 
     </span>
    </p>
   </div>
   <div class='ocr_carea' id='block_1_75' title="bbox 1999 1225 3517 1295">
    <p class='ocr_par' dir='ltr' id='par_1_75' title="bbox 1999 1225 3517 1295">
     <span class='ocr_line' id='line_1_78' title="bbox 1999 1225 3517 1295; baseline 0.003 -19"><span class='ocrx_word' id='word_1_506' title='bbox 1999 1226 2130 1295; x_wconf 85' lang='lat' dir='ltr'><strong>priis</strong></span> <span class='ocrx_word' id='word_1_507' title='bbox 2175 1226 2483 1293; x_wconf 78' lang='lat' dir='ltr'><strong>corporibus</strong></span> <span class='ocrx_word' id='word_1_508' title='bbox 2527 1226 2828 1295; x_wconf 72' lang='lat' dir='ltr'><strong>translatio,</strong></span> <span class='ocrx_word' id='word_1_509' title='bbox 2864 1242 2969 1278; x_wconf 88' lang='lat' dir='ltr'><strong>una</strong></span> <span class='ocrx_word' id='word_1_510' title='bbox 3004 1242 3123 1278; x_wconf 86' lang='lat' dir='ltr'><strong>cum</strong></span> <span class='ocrx_word' id='word_1_511' title='bbox 3155 1225 3331 1291; x_wconf 64' lang='lat' dir='ltr'><strong>lanae,</strong></span> <span class='ocrx_word' id='word_1_512' title='bbox 3369 1229 3517 1281; x_wconf 80' lang='lat' dir='ltr'><strong>Ana-</strong></span> 
     </span>
    </p>
   </div>
   <div class='ocr_carea' id='block_1_76' title="bbox 1999 1293 3515 1357">
    <p class='ocr_par' dir='ltr' id='par_1_76' title="bbox 1999 1293 3515 1357">
     <span class='ocr_line' id='line_1_79' title="bbox 1999 1293 3515 1357; baseline 0.002 -10"><span class='ocrx_word' id='word_1_513' title='bbox 1999 1293 2123 1357; x_wconf 68' lang='lat' dir='ltr'><strong>niae,</strong></span> <span class='ocrx_word' id='word_1_514' title='bbox 2162 1294 2370 1346; x_wconf 72' lang='lat' dir='ltr'><strong>Asariaz</strong></span> <span class='ocrx_word' id='word_1_515' title='bbox 2400 1304 2448 1345; x_wconf 84' lang='lat' dir='ltr'><strong>et</strong></span> <span class='ocrx_word' id='word_1_516' title='bbox 2481 1293 2715 1347; x_wconf 82' lang='lat' dir='ltr'><strong>Misaelis</strong></span> <span class='ocrx_word' id='word_1_517' title='bbox 2752 1296 2808 1347; x_wconf 87' lang='lat' dir='ltr'><strong>in</strong></span> <span class='ocrx_word' id='word_1_518' title='bbox 2840 1296 3057 1347; x_wconf 85' lang='lat' dir='ltr'><strong>summis</strong></span> <span class='ocrx_word' id='word_1_519' title='bbox 3092 1296 3342 1356; x_wconf 86' lang='lat' dir='ltr'><strong>periculis</strong></span> <span class='ocrx_word' id='word_1_520' title='bbox 3387 1313 3515 1349; x_wconf 76' lang='lat' dir='ltr'><strong>con-</strong></span> 
     </span>
    </p>
   </div>
   <div class='ocr_carea' id='block_1_77' title="bbox 1994 1362 3513 1427">
    <p class='ocr_par' dir='ltr' id='par_1_77' title="bbox 1994 1362 3513 1427">
     <span class='ocr_line' id='line_1_80' title="bbox 1994 1362 3513 1427; baseline 0.003 -12"><span class='ocrx_word' id='word_1_521' title='bbox 1994 1364 2325 1427; x_wconf 81' lang='lat' dir='ltr'><strong>servatione,</strong></span> <span class='ocrx_word' id='word_1_522' title='bbox 2372 1364 2637 1415; x_wconf 80' lang='lat' dir='ltr'><strong>evidenter</strong></span> <span class='ocrx_word' id='word_1_523' title='bbox 2687 1366 3005 1425; x_wconf 84' lang='lat' dir='ltr'><strong>ostendunt,</strong></span> <span class='ocrx_word' id='word_1_524' title='bbox 3057 1362 3225 1415; x_wconf 81' lang='lat' dir='ltr'><strong>Deum</strong></span> <span class='ocrx_word' id='word_1_525' title='bbox 3280 1368 3513 1420; x_wconf 78' lang='lat' dir='ltr'><strong>excitare</strong></span> 
     </span>
    </p>
   </div>
   <div class='ocr_carea' id='block_1_78' title="bbox 1994 1433 3232 1500">
    <p class='ocr_par' dir='ltr' id='par_1_78' title="bbox 1994 1433 3232 1500">
     <span class='ocr_line' id='line_1_81' title="bbox 1994 1433 3232 1500; baseline 0 -14"><span class='ocrx_word' id='word_1_526' title='bbox 1994 1449 2147 1499; x_wconf 84' lang='lat' dir='ltr'><strong>posse</strong></span> <span class='ocrx_word' id='word_1_527' title='bbox 2177 1448 2400 1500; x_wconf 86' lang='lat' dir='ltr'><strong>corpora</strong></span> <span class='ocrx_word' id='word_1_528' title='bbox 2439 1444 2619 1485; x_wconf 85' lang='lat' dir='ltr'><strong>nostra</strong></span> <span class='ocrx_word' id='word_1_529' title='bbox 2652 1433 2719 1484; x_wconf 88' lang='lat' dir='ltr'><strong>ad</strong></span> <span class='ocrx_word' id='word_1_530' title='bbox 2760 1433 2921 1485; x_wconf 86' lang='lat' dir='ltr'><strong>vitam</strong></span> <span class='ocrx_word' id='word_1_531' title='bbox 2961 1443 3232 1486; x_wconf 69' lang='lat' dir='ltr'><strong>(sternam.</strong></span> 
     </span>
    </p>
   </div>
   <div class='ocr_carea' id='block_1_79' title="bbox 2012 1562 3513 1637">
    <p class='ocr_par' dir='ltr' id='par_1_79' title="bbox 2012 1562 3513 1637">
     <span class='ocr_line' id='line_1_82' title="bbox 2012 1562 3513 1637; baseline 0.003 -18"><span class='ocrx_word' id='word_1_532' title='bbox 2012 1566 2065 1619; x_wconf 92' lang='grc'>1.</span> <span class='ocrx_word' id='word_1_533' title='bbox 2132 1562 2402 1630; x_wconf 75' lang='lat' dir='ltr'><strong>Quoniam</strong></span> <span class='ocrx_word' id='word_1_534' title='bbox 2467 1571 2646 1617; x_wconf 83' lang='lat' dir='ltr'><strong>autem</strong></span> <span class='ocrx_word' id='word_1_535' title='bbox 2680 1562 2853 1618; x_wconf 92' lang='lat' dir='ltr'><strong>multo</strong></span> <span class='ocrx_word' id='word_1_536' title='bbox 2933 1574 3177 1635; x_wconf 89' lang='lat' dir='ltr'><strong>tempore</strong></span> <span class='ocrx_word' id='word_1_537' title='bbox 3255 1582 3513 1637; x_wconf 81' lang='lat' dir='ltr'><strong>perseve-</strong></span> 
     </span>
    </p>
   </div>
   <div class='ocr_carea' id='block_1_80' title="bbox 1926 1655 3512 1726">
    <p class='ocr_par' dir='ltr' id='par_1_80' title="bbox 1926 1655 3512 1726">
     <span class='ocr_line' id='line_1_83' title="bbox 1926 1655 3512 1726; baseline 0.003 -17"><span class='ocrx_word' id='word_1_538' title='bbox 1926 1665 2050 1709; x_wconf 86' lang='lat' dir='ltr'><strong>rant</strong></span> <span class='ocrx_word' id='word_1_539' title='bbox 2092 1656 2233 1726; x_wconf 92' lang='grc'>(11)</span> <span class='ocrx_word' id='word_1_540' title='bbox 2274 1668 2543 1724; x_wconf 90' lang='lat' dir='ltr'><strong>corpora,</strong></span> <span class='ocrx_word' id='word_1_541' title='bbox 2595 1655 2647 1707; x_wconf 91' lang='lat' dir='ltr'><strong>in</strong></span> <span class='ocrx_word' id='word_1_542' title='bbox 2683 1664 2945 1721; x_wconf 90' lang='lat' dir='ltr'><strong>quantum</strong></span> <span class='ocrx_word' id='word_1_543' title='bbox 2996 1656 3198 1725; x_wconf 87' lang='lat' dir='ltr'><strong>placuit</strong></span> <span class='ocrx_word' id='word_1_544' title='bbox 3230 1657 3337 1712; x_wconf 92' lang='lat' dir='ltr'><strong>Deo</strong></span> <span class='ocrx_word' id='word_1_545' title='bbox 3372 1660 3512 1713; x_wconf 86' lang='lat' dir='ltr'><strong>bene</strong></span> 
     </span>
    </p>
   </div>
   <div class='ocr_carea' id='block_1_81' title="bbox 1925 1749 3511 1821">
    <p class='ocr_par' dir='ltr' id='par_1_81' title="bbox 1925 1749 3511 1821">
     <span class='ocr_line' id='line_1_84' title="bbox 1925 1749 3511 1821; baseline 0.002 -16"><span class='ocrx_word' id='word_1_546' title='bbox 1925 1752 2165 1816; x_wconf 88' lang='lat' dir='ltr'><strong>habere;</strong></span> <span class='ocrx_word' id='word_1_547' title='bbox 2198 1750 2379 1817; x_wconf 83' lang='lat' dir='ltr'><strong>legant</strong></span> <span class='ocrx_word' id='word_1_548' title='bbox 2404 1749 2739 1816; x_wconf 83' lang='lat' dir='ltr'><strong>Scripturas,</strong></span> <span class='ocrx_word' id='word_1_549' title='bbox 2762 1756 2818 1804; x_wconf 91' lang='lat' dir='ltr'><strong>et</strong></span> <span class='ocrx_word' id='word_1_550' title='bbox 2844 1750 3125 1805; x_wconf 87' lang='lat' dir='ltr'><strong>invenient</strong></span> <span class='ocrx_word' id='word_1_551' title='bbox 3152 1766 3249 1807; x_wconf 89' lang='lat' dir='ltr'><strong>eos</strong></span> <span class='ocrx_word' id='word_1_552' title='bbox 3270 1753 3360 1821; x_wconf 86' lang='lat' dir='ltr'><strong>qui</strong></span> <span class='ocrx_word' id='word_1_553' title='bbox 3386 1762 3511 1808; x_wconf 88' lang='lat' dir='ltr'><strong>ante</strong></span> 
     </span>
    </p>
   </div>
   <div class='ocr_carea' id='block_1_82' title="bbox 1925 1841 3511 1911">
    <p class='ocr_par' dir='ltr' id='par_1_82' title="bbox 1925 1841 3511 1911">
     <span class='ocr_line' id='line_1_85' title="bbox 1925 1841 3511 1911; baseline 0.001 -16"><span class='ocrx_word' id='word_1_554' title='bbox 1925 1858 2027 1895; x_wconf 93' lang='lat' dir='ltr'><strong>nos</strong></span> <span class='ocrx_word' id='word_1_555' title='bbox 2064 1841 2309 1905; x_wconf 78' lang='lat' dir='ltr'><strong>fuerunt,</strong></span> <span class='ocrx_word' id='word_1_556' title='bbox 2345 1841 2759 1908; x_wconf 81' lang='lat' dir='ltr'><strong>septingentos,</strong></span> <span class='ocrx_word' id='word_1_557' title='bbox 2787 1850 2841 1894; x_wconf 91' lang='lat' dir='ltr'><strong>et</strong></span> <span class='ocrx_word' id='word_1_558' title='bbox 2882 1843 3224 1911; x_wconf 88' lang='lat' dir='ltr'><strong>octingentos</strong></span> <span class='ocrx_word' id='word_1_559' title='bbox 3248 1884 3262 1909; x_wconf 91' lang='lat'><strong>,</strong></span> <span class='ocrx_word' id='word_1_560' title='bbox 3294 1853 3349 1898; x_wconf 90' lang='lat' dir='ltr'><strong>et</strong></span> <span class='ocrx_word' id='word_1_561' title='bbox 3374 1861 3511 1898; x_wconf 61' lang='lat' dir='ltr'><strong>nono</strong></span> 
     </span>
    </p>
   </div>
   <div class='ocr_carea' id='block_1_83' title="bbox 1855 1910 3508 2003">
    <p class='ocr_par' dir='ltr' id='par_1_83' title="bbox 1855 1910 3508 2003">
     <span class='ocr_line' id='line_1_86' title="bbox 1855 1910 3508 2003; baseline -0.001 -17"><span class='ocrx_word' id='word_1_562' title='bbox 1855 1910 1896 1963; x_wconf 72' lang='grc' dir='ltr'><strong>Β</strong></span> <span class='ocrx_word' id='word_1_563' title='bbox 1928 1941 2118 2003; x_wconf 88' lang='lat' dir='ltr'><strong>gentos</strong></span> <span class='ocrx_word' id='word_1_564' title='bbox 2144 1947 2320 1985; x_wconf 90' lang='lat' dir='ltr'><strong>annos</strong></span> <span class='ocrx_word' id='word_1_565' title='bbox 2351 1924 2735 2000; x_wconf 77' lang='lat' dir='ltr'><strong>supergressus</strong></span> <span class='ocrx_word' id='word_1_566' title='bbox 2764 1948 2778 1983; x_wconf 88' lang='lat'><strong>:</strong></span> <span class='ocrx_word' id='word_1_567' title='bbox 2808 1939 2857 1984; x_wconf 91' lang='lat' dir='ltr'><strong>el</strong></span> <span class='ocrx_word' id='word_1_568' title='bbox 2884 1935 3362 1999; x_wconf 85' lang='lat' dir='ltr'><strong>consequebantur</strong></span> <span class='ocrx_word' id='word_1_569' title='bbox 3381 1948 3508 1985; x_wconf 86' lang='lat' dir='ltr'><strong>cor-</strong></span> 
     </span>
    </p>
   </div>
   <div class='ocr_carea' id='block_1_84' title="bbox 1922 2020 3510 2093">
    <p class='ocr_par' dir='ltr' id='par_1_84' title="bbox 1922 2020 3510 2093">
     <span class='ocr_line' id='line_1_87' title="bbox 1922 2020 3510 2093; baseline 0.001 -18"><span class='ocrx_word' id='word_1_570' title='bbox 1922 2037 2062 2089; x_wconf 89' lang='lat' dir='ltr'><strong>pora</strong></span> <span class='ocrx_word' id='word_1_571' title='bbox 2101 2022 2341 2089; x_wconf 92' lang='lat' dir='ltr'><strong>ipsorum</strong></span> <span class='ocrx_word' id='word_1_572' title='bbox 2381 2020 2839 2089; x_wconf 81' lang='lat' dir='ltr'><strong>longinquitatem</strong></span> <span class='ocrx_word' id='word_1_573' title='bbox 2868 2020 3101 2085; x_wconf 85' lang='lat' dir='ltr'><strong>dierum,</strong></span> <span class='ocrx_word' id='word_1_574' title='bbox 3131 2032 3184 2077; x_wconf 88' lang='lat' dir='ltr'><strong>et</strong></span> <span class='ocrx_word' id='word_1_575' title='bbox 3212 2024 3510 2093; x_wconf 38' lang='lat' dir='ltr'><strong>participas</strong></span> 
     </span>
    </p>
   </div>
   <div class='ocr_carea' id='block_1_85' title="bbox 1920 2110 3432 2179">
    <p class='ocr_par' dir='ltr' id='par_1_85' title="bbox 1920 2110 3432 2179">
     <span class='ocr_line' id='line_1_88' title="bbox 1920 2110 3432 2179; baseline 0.001 -12"><span class='ocrx_word' id='word_1_576' title='bbox 1920 2111 2057 2167; x_wconf 83' lang='lat' dir='ltr'><strong>bant</strong></span> <span class='ocrx_word' id='word_1_577' title='bbox 2104 2112 2269 2165; x_wconf 77' lang='lat' dir='ltr'><strong>vitam</strong></span> <span class='ocrx_word' id='word_1_578' title='bbox 2294 2151 2308 2171; x_wconf 87' lang='lat'><strong>.</strong></span> <span class='ocrx_word' id='word_1_579' title='bbox 2339 2112 2392 2163; x_wconf 90' lang='lat' dir='ltr'><strong>in</strong></span> <span class='ocrx_word' id='word_1_580' title='bbox 2426 2119 2689 2179; x_wconf 90' lang='lat' dir='ltr'><strong>quantum</strong></span> <span class='ocrx_word' id='word_1_581' title='bbox 2731 2125 2795 2164; x_wconf 90' lang='lat' dir='ltr'><strong>ea</strong></span> <span class='ocrx_word' id='word_1_582' title='bbox 2821 2110 2962 2165; x_wconf 85' lang='lat' dir='ltr'><strong>Deus</strong></span> <span class='ocrx_word' id='word_1_583' title='bbox 2993 2113 3173 2167; x_wconf 89' lang='lat' dir='ltr'><strong>vivere</strong></span> <span class='ocrx_word' id='word_1_584' title='bbox 3197 2113 3432 2169; x_wconf 88' lang='lat' dir='ltr'><strong>volebat.</strong></span> 
     </span>
    </p>
   </div>
   <div class='ocr_carea' id='block_1_86' title="bbox 1991 2200 3504 2270">
    <p class='ocr_par' dir='ltr' id='par_1_86' title="bbox 1991 2200 3504 2270">
     <span class='ocr_line' id='line_1_89' title="bbox 1991 2200 3504 2270; baseline 0.003 -14"><span class='ocrx_word' id='word_1_585' title='bbox 1991 2240 2006 2255; x_wconf 94' lang='lat'><strong>.</strong></span> <span class='ocrx_word' id='word_1_586' title='bbox 2027 2241 2071 2256; x_wconf 92' lang='lat'><strong>..</strong></span> <span class='ocrx_word' id='word_1_587' title='bbox 2092 2241 2137 2254; x_wconf 92' lang='lat'><strong>..</strong></span> <span class='ocrx_word' id='word_1_588' title='bbox 2162 2242 2173 2254; x_wconf 90' lang='lat'><strong>.</strong></span> <span class='ocrx_word' id='word_1_589' title='bbox 2198 2241 2211 2254; x_wconf 91' lang='lat'><strong>.</strong></span> <span class='ocrx_word' id='word_1_590' title='bbox 2240 2201 2302 2253; x_wconf 83' lang='grc' dir='ltr'><strong>Τί</strong></span> <span class='ocrx_word' id='word_1_591' title='bbox 2333 2202 2390 2253; x_wconf 81' lang='grc' dir='ltr'>δὲ</span> <span class='ocrx_word' id='word_1_592' title='bbox 2424 2202 2519 2255; x_wconf 76' lang='grc' dir='ltr'>καὶ</span> <span class='ocrx_word' id='word_1_593' title='bbox 2550 2200 2677 2270; x_wconf 80' lang='grc' dir='ltr'><strong>περὶ</strong></span> <span class='ocrx_word' id='word_1_594' title='bbox 2752 2200 2891 2267; x_wconf 86' lang='lat' dir='ltr'><strong>Quid</strong></span> <span class='ocrx_word' id='word_1_595' title='bbox 2936 2211 3119 2256; x_wconf 86' lang='lat' dir='ltr'><strong>autem</strong></span> <span class='ocrx_word' id='word_1_596' title='bbox 3160 2205 3227 2259; x_wconf 87' lang='lat' dir='ltr'><strong>de</strong></span> <span class='ocrx_word' id='word_1_597' title='bbox 3280 2205 3384 2261; x_wconf 84' lang='lat' dir='ltr'><strong>illis</strong></span> <span class='ocrx_word' id='word_1_598' title='bbox 3421 2206 3504 2261; x_wconf 53' lang='grc' dir='ltr'><strong>ιη’</strong></span> 
     </span>
    </p>
   </div>
   <div class='ocr_carea' id='block_1_87' title="bbox 1915 2291 3505 2372">
    <p class='ocr_par' dir='ltr' id='par_1_87' title="bbox 1915 2291 3505 2372">
     <span class='ocr_line' id='line_1_90' title="bbox 1915 2291 3505 2372; baseline 0.007 -27"><span class='ocrx_word' id='word_1_599' title='bbox 1915 2293 2141 2358; x_wconf 56' lang='grc' dir='ltr'>ἐκείνων</span> <span class='ocrx_word' id='word_1_600' title='bbox 2194 2292 2327 2364; x_wconf 56' lang='lat' dir='ltr'><strong>(la)</strong></span> <span class='ocrx_word' id='word_1_601' title='bbox 2405 2291 2675 2359; x_wconf 82' lang='grc' dir='ltr'>λέγομεν;</span> <span class='ocrx_word' id='word_1_602' title='bbox 2748 2311 2936 2350; x_wconf 86' lang='lat' dir='ltr'><strong>camus</strong></span> <span class='ocrx_word' id='word_1_603' title='bbox 2970 2297 3121 2369; x_wconf 76' lang='lat' dir='ltr'>(l5)?</span> <span class='ocrx_word' id='word_1_604' title='bbox 3160 2299 3505 2372; x_wconf 85' lang='lat' dir='ltr'><strong>Quandoqui-</strong></span> 
     </span>
    </p>
   </div>
   <div class='ocr_carea' id='block_1_88' title="bbox 1918 2384 3504 2465">
    <p class='ocr_par' dir='ltr' id='par_1_88' title="bbox 1918 2384 3504 2465">
     <span class='ocr_line' id='line_1_91' title="bbox 1918 2384 3504 2465; baseline 0.009 -26"><span class='ocrx_word' id='word_1_605' title='bbox 1918 2387 2159 2455; x_wconf 79' lang='grc' dir='ltr'>Ὀπουγε</span> <span class='ocrx_word' id='word_1_606' title='bbox 2201 2386 2312 2457; x_wconf 78' lang='grc'>(15)</span> <span class='ocrx_word' id='word_1_607' title='bbox 2356 2384 2525 2454; x_wconf 86' lang='grc' dir='ltr'>Ἑνὼχ</span> <span class='ocrx_word' id='word_1_608' title='bbox 2560 2386 2679 2437; x_wconf 76' lang='grc' dir='ltr'>εὑα-</span> <span class='ocrx_word' id='word_1_609' title='bbox 2746 2392 2867 2446; x_wconf 87' lang='lat' dir='ltr'><strong>dem</strong></span> <span class='ocrx_word' id='word_1_610' title='bbox 2902 2393 3012 2465; x_wconf 83' lang='lat' dir='ltr'>(l6)</span> <span class='ocrx_word' id='word_1_611' title='bbox 3049 2396 3232 2451; x_wconf 84' lang='lat' dir='ltr'><strong>Enoch</strong></span> <span class='ocrx_word' id='word_1_612' title='bbox 3281 2398 3504 2465; x_wconf 77' lang='lat' dir='ltr'><strong>placens</strong></span> 
     </span>
    </p>
   </div>
   <div class='ocr_carea' id='block_1_89' title="bbox 1916 2475 3501 2557">
    <p class='ocr_par' dir='ltr' id='par_1_89' title="bbox 1916 2475 3501 2557">
     <span class='ocr_line' id='line_1_92' title="bbox 1916 2475 3501 2557; baseline 0.008 -26"><span class='ocrx_word' id='word_1_613' title='bbox 1916 2483 2186 2551; x_wconf 79' lang='grc' dir='ltr'><strong>ρεστήσας</strong></span> <span class='ocrx_word' id='word_1_614' title='bbox 2215 2479 2292 2550; x_wconf 82' lang='grc' dir='ltr'><strong>τῷ</strong></span> <span class='ocrx_word' id='word_1_615' title='bbox 2321 2478 2459 2549; x_wconf 81' lang='grc' dir='ltr'>Θεῷ,</span> <span class='ocrx_word' id='word_1_616' title='bbox 2492 2481 2549 2531; x_wconf 80' lang='grc' dir='ltr'>ὲν</span> <span class='ocrx_word' id='word_1_617' title='bbox 2582 2475 2677 2530; x_wconf 56' lang='lat' dir='ltr'><strong>cui»</strong></span> <span class='ocrx_word' id='word_1_618' title='bbox 2746 2483 2879 2546; x_wconf 79' lang='lat' dir='ltr'><strong>Deo,</strong></span> <span class='ocrx_word' id='word_1_619' title='bbox 2907 2485 2959 2539; x_wconf 88' lang='lat' dir='ltr'><strong>lu</strong></span> <span class='ocrx_word' id='word_1_620' title='bbox 2998 2500 3104 2555; x_wconf 92' lang='lat' dir='ltr'><strong>quo</strong></span> <span class='ocrx_word' id='word_1_621' title='bbox 3140 2488 3345 2557; x_wconf 86' lang='lat' dir='ltr'><strong>placuit</strong></span> <span class='ocrx_word' id='word_1_622' title='bbox 3379 2506 3501 2544; x_wconf 79' lang='lat' dir='ltr'><strong>cor-</strong></span> 
     </span>
    </p>
   </div>
   <div class='ocr_carea' id='block_1_90' title="bbox 1916 2573 3503 2649">
    <p class='ocr_par' dir='ltr' id='par_1_90' title="bbox 1916 2573 3503 2649">
     <span class='ocr_line' id='line_1_93' title="bbox 1916 2573 3503 2649; baseline 0.008 -24"><span class='ocrx_word' id='word_1_623' title='bbox 1916 2592 2045 2644; x_wconf 83' lang='grc' dir='ltr'><strong>ματι</strong></span> <span class='ocrx_word' id='word_1_624' title='bbox 2099 2574 2391 2645; x_wconf 79' lang='grc' dir='ltr'><strong>μετετέθη,</strong></span> <span class='ocrx_word' id='word_1_625' title='bbox 2436 2573 2534 2643; x_wconf 83' lang='grc' dir='ltr'>τὴν</span> <span class='ocrx_word' id='word_1_626' title='bbox 2583 2589 2678 2642; x_wconf 82' lang='grc' dir='ltr'><strong>με·</strong></span> <span class='ocrx_word' id='word_1_627' title='bbox 2745 2590 2874 2643; x_wconf 77' lang='lat' dir='ltr'><strong>pore</strong></span> <span class='ocrx_word' id='word_1_628' title='bbox 2962 2578 3107 2649; x_wconf 88' lang='grc'>(17)</span> <span class='ocrx_word' id='word_1_629' title='bbox 3203 2582 3503 2638; x_wconf 87' lang='lat' dir='ltr'><strong>translatus</strong></span> 
     </span>
    </p>
   </div>
   <div class='ocr_carea' id='block_1_91' title="bbox 1911 2668 2675 2736">
    <p class='ocr_par' dir='ltr' id='par_1_91' title="bbox 1911 2668 2675 2736">
     <span class='ocr_line' id='line_1_94' title="bbox 1911 2668 2675 2736; baseline -0.003 -15"><span class='ocrx_word' id='word_1_630' title='bbox 1911 2670 2131 2722; x_wconf 79' lang='grc' dir='ltr'>τάθεσιν</span> <span class='ocrx_word' id='word_1_631' title='bbox 2159 2668 2265 2721; x_wconf 85' lang='grc' dir='ltr'>τῶν</span> <span class='ocrx_word' id='word_1_632' title='bbox 2295 2669 2520 2721; x_wconf 81' lang='grc' dir='ltr'>δικαίων</span> <span class='ocrx_word' id='word_1_633' title='bbox 2551 2685 2675 2736; x_wconf 82' lang='grc' dir='ltr'><strong>προ-</strong></span> 
     </span>
    </p>
   </div>
   <div class='ocr_carea' id='block_1_92' title="bbox 1915 2758 2674 2833">
    <p class='ocr_par' dir='ltr' id='par_1_92' title="bbox 1915 2758 2674 2833">
     <span class='ocr_line' id='line_1_95' title="bbox 1915 2758 2674 2833; baseline -0.003 -18"><span class='ocrx_word' id='word_1_634' title='bbox 1915 2763 2154 2833; x_wconf 77' lang='grc' dir='ltr'>μηνύων.</span> <span class='ocrx_word' id='word_1_635' title='bbox 2213 2762 2322 2814; x_wconf 69' lang='grc' dir='ltr'><strong>Καὶ</strong></span> <span class='ocrx_word' id='word_1_636' title='bbox 2362 2761 2548 2823; x_wconf 82' lang='grc' dir='ltr'><strong>Ἠλίας</strong></span> <span class='ocrx_word' id='word_1_637' title='bbox 2598 2758 2674 2820; x_wconf 82' lang='grc' dir='ltr'><strong>ὡς</strong></span> 
     </span>
    </p>
   </div>
   <div class='ocr_carea' id='block_1_93' title="bbox 1910 2852 2676 2927">
    <p class='ocr_par' dir='ltr' id='par_1_93' title="bbox 1910 2852 2676 2927">
     <span class='ocr_line' id='line_1_96' title="bbox 1910 2852 2676 2927; baseline -0.005 -18"><span class='ocrx_word' id='word_1_638' title='bbox 1910 2852 1978 2927; x_wconf 76' lang='grc' dir='ltr'>ἦν</span> <span class='ocrx_word' id='word_1_639' title='bbox 2018 2858 2076 2909; x_wconf 87' lang='grc' dir='ltr'><strong>ὲν</strong></span> <span class='ocrx_word' id='word_1_640' title='bbox 2114 2858 2180 2925; x_wconf 85' lang='grc' dir='ltr'><strong>τῇ</strong></span> <span class='ocrx_word' id='word_1_641' title='bbox 2218 2854 2306 2907; x_wconf 79' lang='grc' dir='ltr'>τοῦ</span> <span class='ocrx_word' id='word_1_642' title='bbox 2356 2854 2676 2924; x_wconf 80' lang='grc' dir='ltr'><strong>πλάσματος</strong></span> 
     </span>
    </p>
   </div>
   <div class='ocr_carea' id='block_1_94' title="bbox 1912 2947 2669 3019">
    <p class='ocr_par' dir='ltr' id='par_1_94' title="bbox 1912 2947 2669 3019">
     <span class='ocr_line' id='line_1_97' title="bbox 1912 2947 2669 3019; baseline -0.001 -16"><span class='ocrx_word' id='word_1_643' title='bbox 1912 2950 2225 3013; x_wconf 84' lang='grc' dir='ltr'><strong>ὑποστάσει,</strong></span> <span class='ocrx_word' id='word_1_644' title='bbox 2255 2948 2552 3019; x_wconf 76' lang='grc' dir='ltr'><strong>ἀνελήφθη,</strong></span> <span class='ocrx_word' id='word_1_645' title='bbox 2572 2947 2669 3019; x_wconf 82' lang='grc' dir='ltr'><strong>τὴν</strong></span> 
     </span>
    </p>
   </div>
   <div class='ocr_carea' id='block_1_95' title="bbox 1909 3026 2671 3113">
    <p class='ocr_par' dir='ltr' id='par_1_95' title="bbox 1909 3042 2671 3113">
     <span class='ocr_line' id='line_1_98' title="bbox 1909 3042 2671 3113; baseline -0.003 -16"><span class='ocrx_word' id='word_1_646' title='bbox 1909 3043 2177 3113; x_wconf 68' lang='grc' dir='ltr'>ἀνάληψιν</span> <span class='ocrx_word' id='word_1_647' title='bbox 2234 3042 2347 3095; x_wconf 82' lang='grc' dir='ltr'><strong>τῶν</strong></span> <span class='ocrx_word' id='word_1_648' title='bbox 2375 3060 2671 3113; x_wconf 85' lang='grc' dir='ltr'>πνευματι-</span> 
     </span>
    </p>
   </div>
   <div class='ocr_carea' id='block_1_96' title="bbox 2742 2666 3501 2741">
    <p class='ocr_par' dir='ltr' id='par_1_96' title="bbox 2742 2666 3501 2741">
     <span class='ocr_line' id='line_1_99' title="bbox 2742 2666 3501 2741; baseline 0.011 -22"><span class='ocrx_word' id='word_1_649' title='bbox 2742 2677 2827 2720; x_wconf 87' lang='lat' dir='ltr'><strong>est</strong></span> <span class='ocrx_word' id='word_1_650' title='bbox 2853 2666 2919 2735; x_wconf 83' lang='lat'><strong>“,</strong></span> <span class='ocrx_word' id='word_1_651' title='bbox 2961 2670 3372 2725; x_wconf 87' lang='lat' dir='ltr'><strong>translationem</strong></span> <span class='ocrx_word' id='word_1_652' title='bbox 3412 2673 3501 2741; x_wconf 83' lang='lat' dir='ltr'><strong>ju-</strong></span> 
     </span>
    </p>
   </div>
   <div class='ocr_carea' id='block_1_97' title="bbox 2742 2768 3493 2831">
    <p class='ocr_par' dir='ltr' id='par_1_97' title="bbox 2742 2768 3493 2831">
     <span class='ocr_line' id='line_1_100' title="bbox 2742 2768 3493 2831; baseline 0.008 -20"><span class='ocrx_word' id='word_1_653' title='bbox 2742 2768 2949 2813; x_wconf 88' lang='lat' dir='ltr'><strong>storum</strong></span> <span class='ocrx_word' id='word_1_654' title='bbox 3044 2773 3493 2831; x_wconf 74' lang='lat' dir='ltr'><strong>praemonstrans.</strong></span> 
     </span>
    </p>
   </div>
   <div class='ocr_carea' id='block_1_98' title="bbox 2742 2844 3493 2922">
    <p class='ocr_par' dir='ltr' id='par_1_98' title="bbox 2742 2844 3493 2922">
     <span class='ocr_line' id='line_1_101' title="bbox 2742 2844 3493 2922; baseline 0.008 -19"><span class='ocrx_word' id='word_1_655' title='bbox 2742 2844 2809 2904; x_wconf 85' lang='lat' dir='ltr'><strong>Et</strong></span> <span class='ocrx_word' id='word_1_656' title='bbox 2850 2851 3017 2915; x_wconf 86' lang='lat' dir='ltr'><strong>Elias,</strong></span> <span class='ocrx_word' id='word_1_657' title='bbox 3066 2854 3211 2907; x_wconf 84' lang='lat' dir='ltr'><strong>sicut</strong></span> <span class='ocrx_word' id='word_1_658' title='bbox 3263 2864 3381 2909; x_wconf 88' lang='lat' dir='ltr'><strong>erat</strong></span> <span class='ocrx_word' id='word_1_659' title='bbox 3417 2856 3493 2922; x_wconf 7' lang='lat' dir='ltr'><strong>(iu</strong></span> 
     </span>
    </p>
   </div>
   <div class='ocr_carea' id='block_1_99' title="bbox 2742 2952 3499 3025">
    <p class='ocr_par' dir='ltr' id='par_1_99' title="bbox 2742 2952 3499 3025">
     <span class='ocr_line' id='line_1_102' title="bbox 2742 2952 3499 3025; baseline 0.007 -19"><span class='ocrx_word' id='word_1_660' title='bbox 2742 2952 3025 3025; x_wconf 87' lang='lat' dir='ltr'><strong>plasmatis</strong></span> <span class='ocrx_word' id='word_1_661' title='bbox 3049 2954 3384 3021; x_wconf 80' lang='lat' dir='ltr'><strong>substantia,</strong></span> <span class='ocrx_word' id='word_1_662' title='bbox 3416 2974 3499 3011; x_wconf 84' lang='lat' dir='ltr'><strong>as-</strong></span> 
     </span>
    </p>
   </div>
   <div class='ocr_carea' id='block_1_100' title="bbox 2740 3047 3495 3113">
    <p class='ocr_par' dir='ltr' id='par_1_100' title="bbox 2740 3047 3495 3113">
     <span class='ocr_line' id='line_1_103' title="bbox 2740 3047 3495 3113; baseline 0.005 -16"><span class='ocrx_word' id='word_1_663' title='bbox 2740 3054 2989 3113; x_wconf 88' lang='lat' dir='ltr'><strong>sumptus</strong></span> <span class='ocrx_word' id='word_1_664' title='bbox 3048 3055 3133 3099; x_wconf 91' lang='lat' dir='ltr'><strong>est</strong></span> <span class='ocrx_word' id='word_1_665' title='bbox 3158 3047 3222 3110; x_wconf 82' lang='grc'>⁸⁸,</span> <span class='ocrx_word' id='word_1_666' title='bbox 3283 3063 3495 3104; x_wconf 83' lang='lat' dir='ltr'><strong>assum-</strong></span> 
     </span>
    </p>
   </div>
   <div class='ocr_carea' id='block_1_101' title="bbox 2738 3135 3492 3211">
    <p class='ocr_par' dir='ltr' id='par_1_101' title="bbox 2738 3135 3492 3211">
     <span class='ocr_line' id='line_1_104' title="bbox 2738 3135 3492 3211; baseline 0.011 -25"><span class='ocrx_word' id='word_1_667' title='bbox 2738 3135 2979 3202; x_wconf 87' lang='lat' dir='ltr'><strong>ptionem</strong></span> <span class='ocrx_word' id='word_1_668' title='bbox 3054 3146 3270 3206; x_wconf 87' lang='lat' dir='ltr'><strong>patrum</strong></span> <span class='ocrx_word' id='word_1_669' title='bbox 3340 3137 3492 3211; x_wconf 83' lang='lat' dir='ltr'>(l8)</span> 
     </span>
    </p>
   </div>
   <div class='ocr_carea' id='block_1_102' title="bbox 2736 3227 3494 3293">
    <p class='ocr_par' dir='ltr' id='par_1_102' title="bbox 2736 3227 3494 3293">
     <span class='ocr_line' id='line_1_105' title="bbox 2736 3227 3494 3293; baseline 0.009 -16"><span class='ocrx_word' id='word_1_670' title='bbox 2736 3227 3066 3293; x_wconf 83' lang='lat' dir='ltr'><strong>pr0pltetaus</strong></span> <span class='ocrx_word' id='word_1_671' title='bbox 3096 3244 3108 3280; x_wconf 92' lang='lat'><strong>:</strong></span> <span class='ocrx_word' id='word_1_672' title='bbox 3144 3238 3193 3282; x_wconf 93' lang='lat' dir='ltr'><strong>et</strong></span> <span class='ocrx_word' id='word_1_673' title='bbox 3226 3229 3361 3283; x_wconf 81' lang='lat' dir='ltr'><strong>nihil</strong></span> <span class='ocrx_word' id='word_1_674' title='bbox 3394 3232 3494 3283; x_wconf 84' lang='lat' dir='ltr'><strong>im-</strong></span> 
     </span>
    </p>
   </div>
   <div class='ocr_carea' id='block_1_103' title="bbox 2736 3320 3490 3392">
    <p class='ocr_par' dir='ltr' id='par_1_103' title="bbox 2736 3320 3490 3392">
     <span class='ocr_line' id='line_1_106' title="bbox 2736 3320 3490 3392; baseline 0.011 -22"><span class='ocrx_word' id='word_1_675' title='bbox 2736 3320 2904 3390; x_wconf 82' lang='lat' dir='ltr'><strong>pediit</strong></span> <span class='ocrx_word' id='word_1_676' title='bbox 2936 3321 3047 3391; x_wconf 88' lang='grc'>(19)</span> <span class='ocrx_word' id='word_1_677' title='bbox 3080 3337 3176 3377; x_wconf 84' lang='lat' dir='ltr'><strong>eos</strong></span> <span class='ocrx_word' id='word_1_678' title='bbox 3212 3338 3409 3392; x_wconf 87' lang='lat' dir='ltr'><strong>corpus</strong></span> <span class='ocrx_word' id='word_1_679' title='bbox 3439 3325 3490 3378; x_wconf 93' lang='lat' dir='ltr'><strong>in</strong></span> 
     </span>
    </p>
   </div>
   <div class='ocr_carea' id='block_1_104' title="bbox 2734 3409 3490 3467">
    <p class='ocr_par' dir='ltr' id='par_1_104' title="bbox 2734 3409 3490 3467">
     <span class='ocr_line' id='line_1_107' title="bbox 2734 3409 3490 3467; baseline 0.008 -8"><span class='ocrx_word' id='word_1_680' title='bbox 2734 3409 3141 3463; x_wconf 88' lang='lat' dir='ltr'><strong>translationem</strong></span> <span class='ocrx_word' id='word_1_681' title='bbox 3173 3418 3227 3465; x_wconf 89' lang='lat' dir='ltr'><strong>et</strong></span> <span class='ocrx_word' id='word_1_682' title='bbox 3278 3426 3490 3467; x_wconf 84' lang='lat' dir='ltr'><strong>assum-</strong></span> 
     </span>
    </p>
   </div>
   <div class='ocr_carea' id='block_1_105' title="bbox 2732 3508 3491 3580">
    <p class='ocr_par' dir='ltr' id='par_1_105' title="bbox 2732 3508 3491 3580">
     <span class='ocr_line' id='line_1_108' title="bbox 2732 3508 3491 3580; baseline 0.008 -21"><span class='ocrx_word' id='word_1_683' title='bbox 2732 3508 2971 3575; x_wconf 79' lang='lat' dir='ltr'><strong>ptionem</strong></span> <span class='ocrx_word' id='word_1_684' title='bbox 3000 3509 3117 3580; x_wconf 73' lang='lat'>(20)</span> <span class='ocrx_word' id='word_1_685' title='bbox 3150 3525 3359 3565; x_wconf 91' lang='lat' dir='ltr'><strong>eorum.</strong></span> <span class='ocrx_word' id='word_1_686' title='bbox 3386 3509 3491 3565; x_wconf 89' lang='lat' dir='ltr'><strong>Per</strong></span> 
     </span>
    </p>
   </div>
   <div class='ocr_carea' id='block_1_106' title="bbox 2732 3602 3482 3672">
    <p class='ocr_par' dir='ltr' id='par_1_106' title="bbox 2732 3602 3482 3672">
     <span class='ocr_line' id='line_1_109' title="bbox 2732 3602 3482 3672; baseline 0.003 -19"><span class='ocrx_word' id='word_1_687' title='bbox 2732 3602 2850 3656; x_wconf 78' lang='lat' dir='ltr'><strong>illas</strong></span> <span class='ocrx_word' id='word_1_688' title='bbox 2902 3603 3046 3657; x_wconf 85' lang='lat' dir='ltr'><strong>enim</strong></span> <span class='ocrx_word' id='word_1_689' title='bbox 3108 3619 3334 3668; x_wconf 84' lang='lat' dir='ltr'><strong>manus,</strong></span> <span class='ocrx_word' id='word_1_690' title='bbox 3385 3618 3482 3672; x_wconf 89' lang='lat' dir='ltr'><strong>per</strong></span> 
     </span>
    </p>
   </div>
   <div class='ocr_carea' id='block_1_107' title="bbox 2728 3696 3485 3766">
    <p class='ocr_par' dir='ltr' id='par_1_107' title="bbox 2728 3696 3485 3766">
     <span class='ocr_line' id='line_1_110' title="bbox 2728 3696 3485 3766; baseline 0.001 -18"><span class='ocrx_word' id='word_1_691' title='bbox 2728 3709 2865 3763; x_wconf 87' lang='lat' dir='ltr'><strong>quas</strong></span> <span class='ocrx_word' id='word_1_692' title='bbox 2914 3698 2965 3749; x_wconf 88' lang='lat' dir='ltr'><strong>In</strong></span> <span class='ocrx_word' id='word_1_693' title='bbox 3019 3696 3179 3751; x_wconf 86' lang='lat' dir='ltr'><strong>initio</strong></span> <span class='ocrx_word' id='word_1_694' title='bbox 3232 3696 3485 3766; x_wconf 88' lang='lat' dir='ltr'><strong>plasmatl</strong></span> 
     </span>
    </p>
   </div>
   <div class='ocr_carea' id='block_1_108' title="bbox 2728 3799 3486 3868">
    <p class='ocr_par' dir='ltr' id='par_1_108' title="bbox 2728 3799 3486 3868">
     <span class='ocr_line' id='line_1_111' title="bbox 2728 3799 3486 3868; baseline 0.008 -19"><span class='ocrx_word' id='word_1_695' title='bbox 2728 3805 2889 3863; x_wconf 91' lang='lat' dir='ltr'><strong>sunt,</strong></span> <span class='ocrx_word' id='word_1_696' title='bbox 2938 3812 3036 3866; x_wconf 91' lang='lat' dir='ltr'><strong>per</strong></span> <span class='ocrx_word' id='word_1_697' title='bbox 3082 3799 3227 3868; x_wconf 87' lang='lat' dir='ltr'><strong>ipsas</strong></span> <span class='ocrx_word' id='word_1_698' title='bbox 3267 3813 3486 3855; x_wconf 86' lang='lat' dir='ltr'><strong>assum-</strong></span> 
     </span>
    </p>
   </div>
   <div class='ocr_carea' id='block_1_109' title="bbox 2730 3890 3483 3956">
    <p class='ocr_par' dir='ltr' id='par_1_109' title="bbox 2730 3890 3483 3956">
     <span class='ocr_line' id='line_1_112' title="bbox 2730 3890 3483 3956; baseline 0 -15"><span class='ocrx_word' id='word_1_699' title='bbox 2730 3890 2971 3956; x_wconf 89' lang='lat' dir='ltr'><strong>ptionem</strong></span> <span class='ocrx_word' id='word_1_700' title='bbox 2994 3898 3049 3943; x_wconf 90' lang='lat' dir='ltr'><strong>et</strong></span> <span class='ocrx_word' id='word_1_701' title='bbox 3070 3890 3483 3944; x_wconf 87' lang='lat' dir='ltr'><strong>translationem</strong></span> 
     </span>
    </p>
   </div>
   <div class='ocr_carea' id='block_1_110' title="bbox 2728 3988 3483 4055">
    <p class='ocr_par' dir='ltr' id='par_1_110' title="bbox 2728 3988 3483 4055">
     <span class='ocr_line' id='line_1_113' title="bbox 2728 3988 3483 4055; baseline 0.003 -16"><span class='ocrx_word' id='word_1_702' title='bbox 2728 3996 3089 4055; x_wconf 87' lang='lat' dir='ltr'><strong>acceperunt.</strong></span> <span class='ocrx_word' id='word_1_703' title='bbox 3234 3988 3483 4042; x_wconf 73' lang='lat' dir='ltr'><strong>Assuetze</strong></span> 
     </span>
    </p>
   </div>
   <div class='ocr_carea' id='block_1_111' title="bbox 2726 4076 3481 4131">
    <p class='ocr_par' dir='ltr' id='par_1_111' title="bbox 2726 4076 3481 4131">
     <span class='ocr_line' id='line_1_114' title="bbox 2726 4076 3481 4131; baseline 0.001 -3"><span class='ocrx_word' id='word_1_704' title='bbox 2726 4076 2870 4129; x_wconf 92' lang='lat' dir='ltr'><strong>enim</strong></span> <span class='ocrx_word' id='word_1_705' title='bbox 2902 4084 3061 4129; x_wconf 88' lang='lat' dir='ltr'><strong>erant</strong></span> <span class='ocrx_word' id='word_1_706' title='bbox 3088 4076 3139 4130; x_wconf 92' lang='lat' dir='ltr'><strong>in</strong></span> <span class='ocrx_word' id='word_1_707' title='bbox 3163 4077 3334 4131; x_wconf 86' lang='lat' dir='ltr'><strong>Adam</strong></span> <span class='ocrx_word' id='word_1_708' title='bbox 3372 4091 3481 4129; x_wconf 84' lang='lat' dir='ltr'><strong>ma-</strong></span> 
     </span>
    </p>
   </div>
   <div class='ocr_carea' id='block_1_112' title="bbox 2726 4165 3484 4236">
    <p class='ocr_par' dir='ltr' id='par_1_112' title="bbox 2726 4165 3484 4236">
     <span class='ocr_line' id='line_1_115' title="bbox 2726 4165 3484 4236; baseline 0.004 -18"><span class='ocrx_word' id='word_1_709' title='bbox 2726 4180 2830 4219; x_wconf 92' lang='lat' dir='ltr'><strong>nus</strong></span> <span class='ocrx_word' id='word_1_710' title='bbox 2874 4165 2970 4220; x_wconf 89' lang='lat' dir='ltr'><strong>Dei</strong></span> <span class='ocrx_word' id='word_1_711' title='bbox 3002 4172 3275 4236; x_wconf 71' lang='lat' dir='ltr'><strong>coeptare,</strong></span> <span class='ocrx_word' id='word_1_712' title='bbox 3314 4174 3371 4220; x_wconf 91' lang='lat' dir='ltr'><strong>et</strong></span> <span class='ocrx_word' id='word_1_713' title='bbox 3403 4173 3484 4221; x_wconf 76' lang='grc' dir='ltr'>ιοο</span> 
     </span>
    </p>
   </div>
   <div class='ocr_carea' id='block_1_113' title="bbox 1910 3138 2669 3208">
    <p class='ocr_par' dir='ltr' id='par_1_113' title="bbox 1910 3138 2669 3208">
     <span class='ocr_line' id='line_1_116' title="bbox 1910 3138 2669 3208; baseline -0.003 -15"><span class='ocrx_word' id='word_1_714' title='bbox 1910 3139 2021 3193; x_wconf 74' lang='grc' dir='ltr'><strong>κῶν</strong></span> <span class='ocrx_word' id='word_1_715' title='bbox 2102 3138 2459 3208; x_wconf 77' lang='grc' dir='ltr'><strong>προφητεύων</strong></span> <span class='ocrx_word' id='word_1_716' title='bbox 2485 3156 2497 3167; x_wconf 87' lang='grc'><strong>·</strong></span> <span class='ocrx_word' id='word_1_717' title='bbox 2576 3140 2669 3193; x_wconf 80' lang='grc' dir='ltr'><strong>καὶ</strong></span> 
     </span>
    </p>
   </div>
   <div class='ocr_carea' id='block_1_114' title="bbox 1914 3328 2667 3400">
    <p class='ocr_par' dir='ltr' id='par_1_114' title="bbox 1914 3328 2667 3400">
     <span class='ocr_line' id='line_1_117' title="bbox 1914 3328 2667 3400; baseline 0.001 -18"><span class='ocrx_word' id='word_1_718' title='bbox 1914 3328 2073 3398; x_wconf 86' lang='grc' dir='ltr'>σῶμα</span> <span class='ocrx_word' id='word_1_719' title='bbox 2094 3328 2230 3398; x_wconf 77' lang='grc' dir='ltr'><strong>πρὸς</strong></span> <span class='ocrx_word' id='word_1_720' title='bbox 2246 3328 2344 3400; x_wconf 83' lang='grc' dir='ltr'>τὴν</span> <span class='ocrx_word' id='word_1_721' title='bbox 2381 3329 2667 3399; x_wconf 78' lang='grc' dir='ltr'><strong>μετάθεσιν</strong></span> 
     </span>
    </p>
   </div>
   <div class='ocr_carea' id='block_1_115' title="bbox 1911 3417 2666 3496">
    <p class='ocr_par' dir='ltr' id='par_1_115' title="bbox 1911 3417 2666 3496">
     <span class='ocr_line' id='line_1_118' title="bbox 1911 3417 2666 3496; baseline 0.003 -22"><span class='ocrx_word' id='word_1_722' title='bbox 1911 3423 2003 3474; x_wconf 80' lang='grc' dir='ltr'><strong>καὶ</strong></span> <span class='ocrx_word' id='word_1_723' title='bbox 2034 3422 2322 3492; x_wconf 79' lang='grc' dir='ltr'><strong>ἀνάληψιν.</strong></span> <span class='ocrx_word' id='word_1_724' title='bbox 2349 3426 2427 3477; x_wconf 70' lang='grc' dir='ltr'><strong>Δι’</strong></span> <span class='ocrx_word' id='word_1_725' title='bbox 2445 3417 2520 3479; x_wconf 84' lang='grc' dir='ltr'>ὧν</span> <span class='ocrx_word' id='word_1_726' title='bbox 2557 3424 2666 3496; x_wconf 85' lang='grc' dir='ltr'><strong>γὰρ</strong></span> 
     </span>
    </p>
   </div>
   <div class='ocr_carea' id='block_1_116' title="bbox 1908 3517 2664 3591">
    <p class='ocr_par' dir='ltr' id='par_1_116' title="bbox 1908 3517 2664 3591">
     <span class='ocr_line' id='line_1_119' title="bbox 1908 3517 2664 3591; baseline 0.007 -23"><span class='ocrx_word' id='word_1_727' title='bbox 1908 3518 2105 3588; x_wconf 81' lang='grc' dir='ltr'>χειρῶν</span> <span class='ocrx_word' id='word_1_728' title='bbox 2169 3517 2521 3588; x_wconf 75' lang='grc' dir='ltr'>ὲπλάσθησαν</span> <span class='ocrx_word' id='word_1_729' title='bbox 2563 3520 2664 3591; x_wconf 85' lang='grc' dir='ltr'>τὴν</span> 
     </span>
    </p>
   </div>
   <div class='ocr_carea' id='block_1_117' title="bbox 1908 3608 2663 3679">
    <p class='ocr_par' dir='ltr' id='par_1_117' title="bbox 1908 3608 2663 3679">
     <span class='ocr_line' id='line_1_120' title="bbox 1908 3608 2663 3679; baseline 0.003 -19"><span class='ocrx_word' id='word_1_730' title='bbox 1908 3608 2103 3677; x_wconf 80' lang='grc' dir='ltr'>ἀρχὴν,</span> <span class='ocrx_word' id='word_1_731' title='bbox 2147 3609 2236 3660; x_wconf 80' lang='grc' dir='ltr'><strong>διὰ</strong></span> <span class='ocrx_word' id='word_1_732' title='bbox 2299 3609 2505 3662; x_wconf 79' lang='grc' dir='ltr'>τούτων</span> <span class='ocrx_word' id='word_1_733' title='bbox 2564 3608 2663 3679; x_wconf 81' lang='grc' dir='ltr'><strong>τὴν</strong></span> 
     </span>
    </p>
   </div>
   <div class='ocr_carea' id='block_1_118' title="bbox 1906 3703 2661 3773">
    <p class='ocr_par' dir='ltr' id='par_1_118' title="bbox 1906 3703 2661 3773">
     <span class='ocr_line' id='line_1_121' title="bbox 1906 3703 2661 3773; baseline 0.005 -20"><span class='ocrx_word' id='word_1_734' title='bbox 1906 3703 2197 3772; x_wconf 81' lang='grc' dir='ltr'>μετάθεσιν</span> <span class='ocrx_word' id='word_1_735' title='bbox 2250 3704 2344 3756; x_wconf 72' lang='grc' dir='ltr'><strong>καὶ</strong></span> <span class='ocrx_word' id='word_1_736' title='bbox 2394 3703 2661 3773; x_wconf 75' lang='grc' dir='ltr'><strong>ἀνάληψιν</strong></span> 
     </span>
    </p>
   </div>
   <div class='ocr_carea' id='block_1_119' title="bbox 1902 3796 2656 3868">
    <p class='ocr_par' dir='ltr' id='par_1_119' title="bbox 1902 3796 2656 3868">
     <span class='ocr_line' id='line_1_122' title="bbox 1902 3796 2656 3868; baseline 0.003 -19"><span class='ocrx_word' id='word_1_737' title='bbox 1902 3796 2224 3866; x_wconf 75' lang='grc' dir='ltr'>ἐλάμϐανον.</span> <span class='ocrx_word' id='word_1_738' title='bbox 2338 3798 2656 3868; x_wconf 79' lang='grc' dir='ltr'><strong>Εἰθισμὲναι</strong></span> 
     </span>
    </p>
   </div>
   <div class='ocr_carea' id='block_1_120' title="bbox 1900 3887 2655 3961">
    <p class='ocr_par' dir='ltr' id='par_1_120' title="bbox 1900 3887 2655 3961">
     <span class='ocr_line' id='line_1_123' title="bbox 1900 3887 2655 3961; baseline 0 -18"><span class='ocrx_word' id='word_1_739' title='bbox 1900 3892 2007 3959; x_wconf 86' lang='grc' dir='ltr'><strong>γὰρ</strong></span> <span class='ocrx_word' id='word_1_740' title='bbox 2038 3887 2176 3961; x_wconf 80' lang='grc' dir='ltr'>ἦσαν</span> <span class='ocrx_word' id='word_1_741' title='bbox 2204 3894 2262 3945; x_wconf 80' lang='grc' dir='ltr'><strong>ὲν</strong></span> <span class='ocrx_word' id='word_1_742' title='bbox 2290 3892 2368 3961; x_wconf 83' lang='grc' dir='ltr'><strong>τῷ</strong></span> <span class='ocrx_word' id='word_1_743' title='bbox 2388 3892 2571 3961; x_wconf 49' lang='lat' dir='ltr'><strong>isset.</strong></span> <span class='ocrx_word' id='word_1_744' title='bbox 2599 3893 2655 3943; x_wconf 81' lang='lat' dir='ltr'><strong>ai</strong></span> 
     </span>
    </p>
   </div>
   <div class='ocr_carea' id='block_1_121' title="bbox 1896 3986 2652 4058">
    <p class='ocr_par' dir='ltr' id='par_1_121' title="bbox 1896 3986 2652 4058">
     <span class='ocr_line' id='line_1_124' title="bbox 1896 3986 2652 4058; baseline 0.005 -23"><span class='ocrx_word' id='word_1_745' title='bbox 1896 3988 2076 4054; x_wconf 83' lang='grc' dir='ltr'>χεῖρες</span> <span class='ocrx_word' id='word_1_746' title='bbox 2087 3986 2179 4038; x_wconf 80' lang='grc' dir='ltr'><strong>τοῦ</strong></span> <span class='ocrx_word' id='word_1_747' title='bbox 2196 3986 2331 4041; x_wconf 77' lang='grc' dir='ltr'>Θεοῦ</span> <span class='ocrx_word' id='word_1_748' title='bbox 2352 3986 2652 4058; x_wconf 78' lang='grc' dir='ltr'><strong>ῥυθμίζειν,</strong></span> 
     </span>
    </p>
   </div>
   <div class='ocr_carea' id='block_1_122' title="bbox 1897 4079 2653 4149">
    <p class='ocr_par' dir='ltr' id='par_1_122' title="bbox 1897 4079 2653 4149">
     <span class='ocr_line' id='line_1_125' title="bbox 1897 4079 2653 4149; baseline 0.001 -19"><span class='ocrx_word' id='word_1_749' title='bbox 1897 4080 1989 4131; x_wconf 79' lang='grc' dir='ltr'>καὶ</span> <span class='ocrx_word' id='word_1_750' title='bbox 2032 4082 2275 4149; x_wconf 76' lang='grc' dir='ltr'>κρατεῖν,</span> <span class='ocrx_word' id='word_1_751' title='bbox 2310 4081 2403 4133; x_wconf 71' lang='grc' dir='ltr'><strong>καὶ</strong></span> <span class='ocrx_word' id='word_1_752' title='bbox 2450 4079 2653 4149; x_wconf 78' lang='grc' dir='ltr'><strong>βαστά-</strong></span> 
     </span>
    </p>
   </div>
   <div class='ocr_carea' id='block_1_123' title="bbox 1896 4172 2649 4245">
    <p class='ocr_par' dir='ltr' id='par_1_123' title="bbox 1896 4172 2649 4245">
     <span class='ocr_line' id='line_1_126' title="bbox 1896 4172 2649 4245; baseline -0.001 -20"><span class='ocrx_word' id='word_1_753' title='bbox 1896 4172 2007 4236; x_wconf 77' lang='grc' dir='ltr'>ζειν</span> <span class='ocrx_word' id='word_1_754' title='bbox 2034 4174 2146 4245; x_wconf 59' lang='lat' dir='ltr'><strong>(ll)</strong></span> <span class='ocrx_word' id='word_1_755' title='bbox 2169 4174 2229 4225; x_wconf 81' lang='grc' dir='ltr'>τὸ</span> <span class='ocrx_word' id='word_1_756' title='bbox 2250 4173 2379 4226; x_wconf 80' lang='grc' dir='ltr'>ἴδιον</span> <span class='ocrx_word' id='word_1_757' title='bbox 2406 4172 2649 4243; x_wconf 81' lang='grc' dir='ltr'>πλάσμα,</span> 
     </span>
    </p>
   </div>
   <div class='ocr_carea' id='block_1_124' title="bbox 1972 4375 3355 4454">
    <p class='ocr_par' dir='ltr' id='par_1_124' title="bbox 1972 4375 3355 4454">
     <span class='ocr_line' id='line_1_127' title="bbox 1972 4375 3355 4454; baseline -0.007 -19"><span class='ocrx_word' id='word_1_758' title='bbox 1972 4383 2084 4453; x_wconf 83' lang='lat' dir='ltr'>(H)</span> <span class='ocrx_word' id='word_1_759' title='bbox 2125 4378 2492 4454; x_wconf 66' lang='lat' dir='ltr'><strong>Perseverant.</strong></span> <span class='ocrx_word' id='word_1_760' title='bbox 2530 4378 2724 4454; x_wconf 81' lang='lat' dir='ltr'><strong>E_dit_t.,</strong></span> <span class='ocrx_word' id='word_1_761' title='bbox 2745 4375 3171 4454; x_wconf 62' lang='lat' dir='ltr'><strong>perseverabant.</strong></span> <span class='ocrx_word' id='word_1_762' title='bbox 3305 4439 3318 4454; x_wconf 45' lang='lat'><em>.</em></span> <span class='ocrx_word' id='word_1_763' title='bbox 3345 4443 3355 4454; x_wconf 74' lang='lat'><strong>_</strong></span> 
     </span>
    </p>
   </div>
   <div class='ocr_carea' id='block_1_125' title="bbox 1970 4439 3472 4521">
    <p class='ocr_par' dir='ltr' id='par_1_125' title="bbox 1970 4439 3472 4521">
     <span class='ocr_line' id='line_1_128' title="bbox 1970 4439 3472 4521; baseline -0.006 -16"><span class='ocrx_word' id='word_1_764' title='bbox 1970 4439 2081 4521; x_wconf 69' lang='grc' dir='ltr'>(ίὲ)</span> <span class='ocrx_word' id='word_1_765' title='bbox 2124 4451 2184 4503; x_wconf 85' lang='grc' dir='ltr'><strong>Τί</strong></span> <span class='ocrx_word' id='word_1_766' title='bbox 2213 4450 2279 4502; x_wconf 80' lang='grc' dir='ltr'><em>δὲ</em></span> <span class='ocrx_word' id='word_1_767' title='bbox 2306 4450 2403 4521; x_wconf 68' lang='lat' dir='ltr'><strong>xai</strong></span> <span class='ocrx_word' id='word_1_768' title='bbox 2440 4439 2893 4521; x_wconf 40' lang='lat' dir='ltr'><strong>frepihégcelrwr.</strong></span> <span class='ocrx_word' id='word_1_769' title='bbox 2938 4445 3122 4521; x_wconf 50' lang='grc' dir='ltr'><strong>(ἑτέρω</strong></span> <span class='ocrx_word' id='word_1_770' title='bbox 3158 4444 3269 4497; x_wconf 70' lang='grc' dir='ltr'><strong>ΙπΕο</strong></span> <span class='ocrx_word' id='word_1_771' title='bbox 3305 4439 3472 4521; x_wconf 66' lang='lat' dir='ltr'><strong>bisjn</strong></span> 
     </span>
    </p>
   </div>
   <div class='ocr_carea' id='block_1_126' title="bbox 1896 4511 3474 4575">
    <p class='ocr_par' dir='ltr' id='par_1_126' title="bbox 1896 4511 3474 4575">
     <span class='ocr_line' id='line_1_129' title="bbox 1896 4511 3474 4575; baseline -0.006 -2"><span class='ocrx_word' id='word_1_772' title='bbox 1896 4511 2404 4575; x_wconf 48' lang='lat' dir='ltr'><strong>Joan.&#39;Dantasceni</strong></span> <span class='ocrx_word' id='word_1_773' title='bbox 2432 4511 2715 4570; x_wconf 79' lang='lat' dir='ltr'><strong>Parallelis</strong></span> <span class='ocrx_word' id='word_1_774' title='bbox 2740 4523 2981 4569; x_wconf 78' lang='lat' dir='ltr'><strong>exstant.</strong></span> <span class='ocrx_word' id='word_1_775' title='bbox 3007 4512 3079 4566; x_wconf 82' lang='lat' dir='ltr'><strong>Ea</strong></span> <span class='ocrx_word' id='word_1_776' title='bbox 3105 4528 3225 4565; x_wconf 92' lang='lat' dir='ltr'><strong>cum</strong></span> <span class='ocrx_word' id='word_1_777' title='bbox 3255 4513 3376 4564; x_wconf 86' lang='lat' dir='ltr'><strong>cod.</strong></span> <span class='ocrx_word' id='word_1_778' title='bbox 3400 4512 3474 4564; x_wconf 74' lang='lat'><strong>26</strong></span> 
     </span>
    </p>
   </div>
   <div class='ocr_carea' id='block_1_127' title="bbox 1821 4581 3464 4644">
    <p class='ocr_par' dir='ltr' id='par_1_127' title="bbox 1821 4581 3464 4644">
     <span class='ocr_line' id='line_1_130' title="bbox 1821 4581 3464 4644; baseline -0.006 -1"><span class='ocrx_word' id='word_1_779' title='bbox 1821 4590 1865 4643; x_wconf 75' lang='grc' dir='ltr'><strong><em>Β</em></strong></span> <span class='ocrx_word' id='word_1_780' title='bbox 1895 4590 2120 4644; x_wconf 86' lang='lat' dir='ltr'><strong>Barocc.</strong></span> <span class='ocrx_word' id='word_1_781' title='bbox 2152 4588 2205 4639; x_wconf 91' lang='lat' dir='ltr'><strong>in</strong></span> <span class='ocrx_word' id='word_1_782' title='bbox 2255 4587 2585 4641; x_wconf 85' lang='lat' dir='ltr'><strong>bibliotheca</strong></span> <span class='ocrx_word' id='word_1_783' title='bbox 2635 4584 2925 4638; x_wconf 87' lang='lat' dir='ltr'><strong>Bodleiana</strong></span> <span class='ocrx_word' id='word_1_784' title='bbox 2977 4582 3210 4636; x_wconf 85' lang='lat' dir='ltr'><strong>contulit</strong></span> <span class='ocrx_word' id='word_1_785' title='bbox 3249 4581 3464 4633; x_wconf 74' lang='lat' dir='ltr'><strong>clariss.</strong></span> 
     </span>
    </p>
   </div>
   <div class='ocr_carea' id='block_1_128' title="bbox 1895 4650 3466 4725">
    <p class='ocr_par' dir='ltr' id='par_1_128' title="bbox 1895 4650 3466 4725">
     <span class='ocr_line' id='line_1_131' title="bbox 1895 4650 3466 4725; baseline -0.006 -16"><span class='ocrx_word' id='word_1_786' title='bbox 1895 4658 2060 4713; x_wconf 80' lang='lat' dir='ltr'><strong>Grab.</strong></span> <span class='ocrx_word' id='word_1_787' title='bbox 2094 4660 2147 4710; x_wconf 92' lang='lat' dir='ltr'><strong>In</strong></span> <span class='ocrx_word' id='word_1_788' title='bbox 2183 4658 2276 4709; x_wconf 92' lang='lat' dir='ltr'><strong>illo</strong></span> <span class='ocrx_word' id='word_1_789' title='bbox 2305 4658 2524 4725; x_wconf 87' lang='lat' dir='ltr'><strong>quippe,</strong></span> <span class='ocrx_word' id='word_1_790' title='bbox 2548 4654 2808 4725; x_wconf 41' lang='grc' dir='ltr'><strong>[υιείδο.</strong></span> <span class='ocrx_word' id='word_1_791' title='bbox 2838 4655 3068 4725; x_wconf 77' lang='lat' dir='ltr'><strong>habetur</strong></span> <span class='ocrx_word' id='word_1_792' title='bbox 3105 4650 3466 4725; x_wconf 65' lang='lat' dir='ltr'><strong>fragmentum</strong></span> 
     </span>
    </p>
   </div>
   <div class='ocr_carea' id='block_1_129' title="bbox 1886 4720 3468 4792">
    <p class='ocr_par' dir='ltr' id='par_1_129' title="bbox 1886 4720 3468 4792">
     <span class='ocr_line' id='line_1_132' title="bbox 1886 4720 3468 4792; baseline -0.005 -13"><span class='ocrx_word' id='word_1_793' title='bbox 1886 4727 2075 4781; x_wconf 74' lang='lat' dir='ltr'><strong>lrenzei</strong></span> <span class='ocrx_word' id='word_1_794' title='bbox 2100 4728 2165 4779; x_wconf 89' lang='lat' dir='ltr'><strong>ah</strong></span> <span class='ocrx_word' id='word_1_795' title='bbox 2202 4720 2417 4779; x_wconf 73' lang='lat' dir='ltr'><strong>ultimis</strong></span> <span class='ocrx_word' id='word_1_796' title='bbox 2438 4720 2633 4792; x_wconf 80' lang='lat' dir='ltr'><strong>capitis</strong></span> <span class='ocrx_word' id='word_1_797' title='bbox 2660 4724 2692 4775; x_wconf 77' lang='lat'><strong>5</strong></span> <span class='ocrx_word' id='word_1_798' title='bbox 2748 4723 2927 4777; x_wconf 87' lang='lat' dir='ltr'><strong>verbis</strong></span> <span class='ocrx_word' id='word_1_799' title='bbox 2963 4720 3264 4792; x_wconf 73' lang='lat' dir='ltr'><strong>incipiens,</strong></span> <span class='ocrx_word' id='word_1_800' title='bbox 3286 4728 3339 4771; x_wconf 87' lang='lat' dir='ltr'><strong>et</strong></span> <span class='ocrx_word' id='word_1_801' title='bbox 3372 4734 3468 4771; x_wconf 68' lang='lat' dir='ltr'><strong>ea~</strong></span> 
     </span>
    </p>
   </div>
   <div class='ocr_carea' id='block_1_130' title="bbox 1887 4789 3393 4863">
    <p class='ocr_par' dir='ltr' id='par_1_130' title="bbox 1887 4789 3393 4863">
     <span class='ocr_line' id='line_1_133' title="bbox 1887 4789 3393 4863; baseline -0.006 -14"><span class='ocrx_word' id='word_1_802' title='bbox 1887 4797 2008 4849; x_wconf 84' lang='lat' dir='ltr'><strong>dem</strong></span> <span class='ocrx_word' id='word_1_803' title='bbox 2050 4797 2211 4863; x_wconf 88' lang='lat' dir='ltr'><strong>hujus</strong></span> <span class='ocrx_word' id='word_1_804' title='bbox 2246 4795 2443 4862; x_wconf 90' lang='lat' dir='ltr'><strong>capitis</strong></span> <span class='ocrx_word' id='word_1_805' title='bbox 2473 4789 2626 4863; x_wconf 58' lang='lat' dir='ltr'><strong>parte</strong></span> <span class='ocrx_word' id='word_1_806' title='bbox 2654 4806 2782 4845; x_wconf 89' lang='lat' dir='ltr'><strong>cum</strong></span> <span class='ocrx_word' id='word_1_807' title='bbox 2817 4792 3150 4863; x_wconf 74' lang='lat' dir='ltr'><strong>Damasceno</strong></span> <span class='ocrx_word' id='word_1_808' title='bbox 3179 4789 3393 4863; x_wconf 36' lang='lat' dir='ltr'><strong>lini-ens.</strong></span> 
     </span>
    </p>
   </div>
   <div class='ocr_carea' id='block_1_131' title="bbox 1954 4856 3468 4935">
    <p class='ocr_par' dir='ltr' id='par_1_131' title="bbox 1954 4856 3468 4935">
     <span class='ocr_line' id='line_1_134' title="bbox 1954 4856 3468 4935; baseline -0.005 -18"><span class='ocrx_word' id='word_1_809' title='bbox 1954 4866 2067 4935; x_wconf 78' lang='lat' dir='ltr'>(l3)</span> <span class='ocrx_word' id='word_1_810' title='bbox 2111 4856 2389 4933; x_wconf 62' lang='grc' dir='ltr'><strong>Ὅπουῇοε.</strong></span> <span class='ocrx_word' id='word_1_811' title='bbox 2423 4856 2488 4916; x_wconf 70' lang='grc' dir='ltr'><strong>Ιῐῐ</strong></span> <span class='ocrx_word' id='word_1_812' title='bbox 2519 4861 2769 4915; x_wconf 87' lang='lat' dir='ltr'><strong>Damasc.</strong></span> <span class='ocrx_word' id='word_1_813' title='bbox 2812 4859 3017 4913; x_wconf 77' lang='lat' dir='ltr'><strong>Parati.</strong></span> <span class='ocrx_word' id='word_1_814' title='bbox 3052 4860 3183 4911; x_wconf 80' lang='grc' dir='ltr'>ὅπου</span> <span class='ocrx_word' id='word_1_815' title='bbox 3210 4856 3338 4926; x_wconf 73' lang='grc' dir='ltr'>γάρ,</span> <span class='ocrx_word' id='word_1_816' title='bbox 3383 4858 3468 4910; x_wconf 92' lang='lat' dir='ltr'><strong>vel</strong></span> 
     </span>
    </p>
   </div>
   <div class='ocr_carea' id='block_1_132' title="bbox 1882 4934 2064 4988">
    <p class='ocr_par' dir='ltr' id='par_1_132' title="bbox 1882 4934 2064 4988">
     <span class='ocr_line' id='line_1_135' title="bbox 1882 4934 2064 4988; baseline 0.005 -1"><span class='ocrx_word' id='word_1_817' title='bbox 1882 4934 2064 4988; x_wconf 59' lang='lat' dir='ltr'><strong>onore.</strong></span> 
     </span>
    </p>
   </div>
   <div class='ocr_carea' id='block_1_133' title="bbox 1917 4995 3462 5075">
    <p class='ocr_par' dir='ltr' id='par_1_133' title="bbox 1917 4995 3462 5075">
     <span class='ocr_line' id='line_1_136' title="bbox 1917 4995 3462 5075; baseline -0.006 -18"><span class='ocrx_word' id='word_1_818' title='bbox 1917 5006 2067 5074; x_wconf 71' lang='grc'>(14)</span> <span class='ocrx_word' id='word_1_819' title='bbox 2107 5003 2217 5057; x_wconf 82' lang='grc' dir='ltr'><strong>Καὶ</strong></span> <span class='ocrx_word' id='word_1_820' title='bbox 2264 4998 2607 5075; x_wconf 39' lang='grc' dir='ltr'><strong>βαστάζειν,</strong></span> <span class='ocrx_word' id='word_1_821' title='bbox 2663 4998 2807 5075; x_wconf 80' lang='lat' dir='ltr'><strong>Duas</strong></span> <span class='ocrx_word' id='word_1_822' title='bbox 2856 4998 2958 5075; x_wconf 69' lang='lat' dir='ltr'><strong>has</strong></span> <span class='ocrx_word' id='word_1_823' title='bbox 3001 5010 3210 5075; x_wconf 35' lang='lat' dir='ltr'><strong>vocem.</strong></span> <span class='ocrx_word' id='word_1_824' title='bbox 3238 4995 3462 5075; x_wconf 44' lang='grc' dir='ltr'><strong>(ἔμω-1η</strong></span> 
     </span>
    </p>
   </div>
   <div class='ocr_carea' id='block_1_134' title="bbox 1886 5066 3454 5141">
    <p class='ocr_par' dir='ltr' id='par_1_134' title="bbox 1886 5066 3454 5141">
     <span class='ocr_line' id='line_1_137' title="bbox 1886 5066 3454 5141; baseline -0.005 -16"><span class='ocrx_word' id='word_1_825' title='bbox 1886 5066 2117 5141; x_wconf 76' lang='lat' dir='ltr'><strong>utraque</strong></span> <span class='ocrx_word' id='word_1_826' title='bbox 2172 5071 2491 5141; x_wconf 66' lang='lat' dir='ltr'><strong>Damasceui</strong></span> <span class='ocrx_word' id='word_1_827' title='bbox 2553 5071 2810 5122; x_wconf 83' lang='lat' dir='ltr'><strong>citatione</strong></span> <span class='ocrx_word' id='word_1_828' title='bbox 2842 5066 3292 5141; x_wconf 2' lang='lat' dir='ltr'><strong>(justadielloixii</strong></span> <span class='ocrx_word' id='word_1_829' title='bbox 3324 5066 3454 5119; x_wconf 84' lang='lat' dir='ltr'><strong>edit.</strong></span> 
     </span>
    </p>
   </div>
   <div class='ocr_carea' id='block_1_135' title="bbox 1885 5136 3157 5205">
    <p class='ocr_par' dir='ltr' id='par_1_135' title="bbox 1885 5136 3157 5205">
     <span class='ocr_line' id='line_1_138' title="bbox 1885 5136 3157 5205; baseline -0.006 -11"><span class='ocrx_word' id='word_1_830' title='bbox 1885 5136 2101 5205; x_wconf 82' lang='lat' dir='ltr'><strong>desunt,</strong></span> <span class='ocrx_word' id='word_1_831' title='bbox 2130 5157 2196 5196; x_wconf 78' lang='lat' dir='ltr'><strong>ex</strong></span> <span class='ocrx_word' id='word_1_832' title='bbox 2230 5142 2350 5195; x_wconf 91' lang='lat' dir='ltr'><strong>cod.</strong></span> <span class='ocrx_word' id='word_1_833' title='bbox 2382 5138 2604 5191; x_wconf 83' lang='lat' dir='ltr'><strong>Barocc.</strong></span> <span class='ocrx_word' id='word_1_834' title='bbox 2640 5140 2877 5191; x_wconf 88' lang='lat' dir='ltr'><strong>restituit</strong></span> <span class='ocrx_word' id='word_1_835' title='bbox 2903 5136 3157 5190; x_wconf 87' lang='lat' dir='ltr'><strong>Grabius.</strong></span> 
     </span>
    </p>
   </div>
   <div class='ocr_carea' id='block_1_136' title="bbox 1958 5208 2813 5281">
    <p class='ocr_par' dir='ltr' id='par_1_136' title="bbox 1958 5208 2813 5281">
     <span class='ocr_line' id='line_1_139' title="bbox 1958 5208 2813 5281; baseline -0.011 -15"><span class='ocrx_word' id='word_1_836' title='bbox 1958 5213 2072 5281; x_wconf 75' lang='lat'>(15)</span> <span class='ocrx_word' id='word_1_837' title='bbox 2110 5212 2379 5264; x_wconf 89' lang='lat' dir='ltr'><strong>Dicamus.</strong></span> <span class='ocrx_word' id='word_1_838' title='bbox 2408 5210 2525 5281; x_wconf 72' lang='lat' dir='ltr'><strong>AL,</strong></span> <span class='ocrx_word' id='word_1_839' title='bbox 2560 5208 2813 5281; x_wconf 72' lang='lat' dir='ltr'><strong>dicemus.</strong></span> 
     </span>
    </p>
   </div>
   <div class='ocr_carea' id='block_1_137' title="bbox 1982 5274 3239 5347">
    <p class='ocr_par' dir='ltr' id='par_1_137' title="bbox 1982 5274 3239 5347">
     <span class='ocr_line' id='line_1_140' title="bbox 1982 5274 3239 5347; baseline -0.006 -15"><span class='ocrx_word' id='word_1_840' title='bbox 1982 5274 2064 5347; x_wconf 81' lang='grc'>16)</span> <span class='ocrx_word' id='word_1_841' title='bbox 2104 5279 2557 5345; x_wconf 83' lang='lat' dir='ltr'><strong>Quandoquidem.</strong></span> <span class='ocrx_word' id='word_1_842' title='bbox 2592 5276 2701 5337; x_wconf 80' lang='lat' dir='ltr'><strong>AL,</strong></span> <span class='ocrx_word' id='word_1_843' title='bbox 2733 5277 2981 5347; x_wconf 80' lang='lat' dir='ltr'><strong>quoniam</strong></span> <span class='ocrx_word' id='word_1_844' title='bbox 3010 5274 3239 5347; x_wconf 76' lang='lat' dir='ltr'><strong>quidem.</strong></span> 
     </span>
    </p>
   </div>
   <div class='ocr_carea' id='block_1_138' title="bbox 1953 5281 3453 5419">
    <p class='ocr_par' dir='ltr' id='par_1_138' title="bbox 1953 5281 3453 5419">
     <span class='ocr_line' id='line_1_141' title="bbox 1982 5281 3239 5347; baseline -0.006 -15"><span class='ocrx_word' id='word_1_845' title='bbox 1982 5282 2064 5347; x_wconf 87' lang='grc'>16)</span> <span class='ocrx_word' id='word_1_846' title='bbox 2104 5281 2557 5345; x_wconf 83' lang='lat' dir='ltr'><strong>Quandoquidem.</strong></span> <span class='ocrx_word' id='word_1_847' title='bbox 2592 5281 2701 5337; x_wconf 82' lang='lat' dir='ltr'><strong>AL,</strong></span> <span class='ocrx_word' id='word_1_848' title='bbox 2733 5281 2981 5342; x_wconf 85' lang='lat' dir='ltr'><strong>quoniam</strong></span> <span class='ocrx_word' id='word_1_849' title='bbox 3010 5281 3239 5344; x_wconf 79' lang='lat' dir='ltr'><strong>quidem.</strong></span> 
     </span>
     <span class='ocr_line' id='line_1_142' title="bbox 1953 5281 3453 5419; baseline -0.003 -16"><span class='ocrx_word' id='word_1_850' title='bbox 1953 5281 2061 5419; x_wconf 68' lang='grc'>(17)</span> <span class='ocrx_word' id='word_1_851' title='bbox 2102 5350 2163 5401; x_wconf 81' lang='lat' dir='ltr'><strong>In</strong></span> <span class='ocrx_word' id='word_1_852' title='bbox 2195 5365 2295 5418; x_wconf 89' lang='lat' dir='ltr'><strong>quo</strong></span> <span class='ocrx_word' id='word_1_853' title='bbox 2322 5346 2521 5415; x_wconf 83' lang='lat' dir='ltr'><strong>placuit</strong></span> <span class='ocrx_word' id='word_1_854' title='bbox 2546 5360 2783 5413; x_wconf 85' lang='lat' dir='ltr'><strong>corpore.</strong></span> <span class='ocrx_word' id='word_1_855' title='bbox 2813 5344 2867 5397; x_wconf 87' lang='lat' dir='ltr'><strong>in</strong></span> <span class='ocrx_word' id='word_1_856' title='bbox 2891 5345 3081 5398; x_wconf 65' lang='lat' dir='ltr'><strong>Greece</strong></span> <span class='ocrx_word' id='word_1_857' title='bbox 3104 5342 3453 5412; x_wconf 83' lang='lat' dir='ltr'><strong>simpliciter,</strong></span> 
     </span>
    </p>
   </div>
   <div class='ocr_carea' id='block_1_139' title="bbox 1879 5435 3451 5558">
    <p class='ocr_par' dir='ltr' id='par_1_139' title="bbox 1879 5435 3451 5558">
     <span class='ocr_line' id='line_1_143' title="bbox 1879 5435 3451 5558; baseline -0.001 -19"><span class='ocrx_word' id='word_1_858' title='bbox 1879 5435 2341 5558; x_wconf 51' lang='lat' dir='ltr'><strong>m(‘lg)p‘l’raelrum.</strong></span> <span class='ocrx_word' id='word_1_859' title='bbox 2384 5482 2440 5537; x_wconf 85' lang='lat' dir='ltr'><strong>In</strong></span> <span class='ocrx_word' id='word_1_860' title='bbox 2472 5482 2663 5537; x_wconf 72' lang='lat' dir='ltr'><strong>Grzeco</strong></span> <span class='ocrx_word' id='word_1_861' title='bbox 2696 5496 2802 5536; x_wconf 93' lang='lat' dir='ltr'><strong>non</strong></span> <span class='ocrx_word' id='word_1_862' title='bbox 2857 5480 3118 5547; x_wconf 81' lang='lat' dir='ltr'><strong>Patrum,</strong></span> <span class='ocrx_word' id='word_1_863' title='bbox 3160 5484 3256 5537; x_wconf 83' lang='lat' dir='ltr'><strong>sed</strong></span> <span class='ocrx_word' id='word_1_864' title='bbox 3290 5483 3451 5551; x_wconf 68' lang='lat' dir='ltr'><strong>spirio</strong></span> 
     </span>
    </p>
   </div>
   <div class='ocr_carea' id='block_1_140' title="bbox 1880 5557 2349 5623">
    <p class='ocr_par' dir='ltr' id='par_1_140' title="bbox 1880 5557 2349 5623">
     <span class='ocr_line' id='line_1_144' title="bbox 1880 5557 2349 5623; baseline -0.011 -13"><span class='ocrx_word' id='word_1_865' title='bbox 1880 5557 2101 5611; x_wconf 85' lang='lat' dir='ltr'><strong>tuulium</strong></span> <span class='ocrx_word' id='word_1_866' title='bbox 2134 5557 2349 5623; x_wconf 76' lang='lat' dir='ltr'><strong>legitur.</strong></span> 
     </span>
    </p>
   </div>
   <div class='ocr_carea' id='block_1_141' title="bbox 1973 5621 3190 5691">
    <p class='ocr_par' dir='ltr' id='par_1_141' title="bbox 1973 5621 3190 5691">
     <span class='ocr_line' id='line_1_145' title="bbox 1973 5621 3190 5691; baseline -0.002 -13"><span class='ocrx_word' id='word_1_867' title='bbox 1973 5626 2060 5691; x_wconf 88' lang='grc'>19)</span> <span class='ocrx_word' id='word_1_868' title='bbox 2101 5621 2366 5691; x_wconf 57' lang='grc' dir='ltr'><strong>Ιρηρεάὶἰι.</strong></span> <span class='ocrx_word' id='word_1_869' title='bbox 2397 5623 2502 5677; x_wconf 83' lang='lat' dir='ltr'><strong>Alii</strong></span> <span class='ocrx_word' id='word_1_870' title='bbox 2538 5623 2717 5676; x_wconf 90' lang='lat' dir='ltr'><strong>minus</strong></span> <span class='ocrx_word' id='word_1_871' title='bbox 2750 5630 2921 5686; x_wconf 87' lang='lat' dir='ltr'><strong>recte,</strong></span> <span class='ocrx_word' id='word_1_872' title='bbox 2953 5621 3190 5691; x_wconf 80' lang='lat' dir='ltr'><strong>impedit.</strong></span> 
     </span>
    </p>
   </div>
   <div class='ocr_carea' id='block_1_142' title="bbox 1948 5628 3446 5764">
    <p class='ocr_par' dir='ltr' id='par_1_142' title="bbox 1948 5628 3446 5764">
     <span class='ocr_line' id='line_1_146' title="bbox 1973 5628 3190 5691; baseline -0.002 -13"><span class='ocrx_word' id='word_1_873' title='bbox 1973 5628 2060 5691; x_wconf 88' lang='grc'>19)</span> <span class='ocrx_word' id='word_1_874' title='bbox 2101 5628 2366 5691; x_wconf 57' lang='grc' dir='ltr'><strong>Ιρηρεάὶἱι.</strong></span> <span class='ocrx_word' id='word_1_875' title='bbox 2397 5628 2502 5677; x_wconf 85' lang='lat' dir='ltr'><strong>Alii</strong></span> <span class='ocrx_word' id='word_1_876' title='bbox 2538 5628 2717 5676; x_wconf 92' lang='lat' dir='ltr'><strong>minus</strong></span> <span class='ocrx_word' id='word_1_877' title='bbox 2750 5630 2921 5686; x_wconf 87' lang='lat' dir='ltr'><strong>recte,</strong></span> <span class='ocrx_word' id='word_1_878' title='bbox 2953 5628 3190 5689; x_wconf 81' lang='lat' dir='ltr'><strong>impedit.</strong></span> 
     </span>
     <span class='ocr_line' id='line_1_147' title="bbox 1948 5628 3446 5764; baseline -0.003 -17"><span class='ocrx_word' id='word_1_879' title='bbox 1948 5628 2056 5764; x_wconf 69' lang='grc'>(20)</span> <span class='ocrx_word' id='word_1_880' title='bbox 2097 5693 2513 5746; x_wconf 85' lang='lat' dir='ltr'><strong>Translationem</strong></span> <span class='ocrx_word' id='word_1_881' title='bbox 2546 5703 2592 5764; x_wconf 78' lang='lat' dir='ltr'><strong>et</strong></span> <span class='ocrx_word' id='word_1_882' title='bbox 2639 5693 3071 5764; x_wconf 60' lang='lat' dir='ltr'><strong>assumptionem.</strong></span> <span class='ocrx_word' id='word_1_883' title='bbox 3115 5689 3446 5764; x_wconf 32' lang='lat' dir='ltr'><strong>Sic‘Grmcis</strong></span> 
     </span>
    </p>
   </div>
   <div class='ocr_carea' id='block_1_143' title="bbox 1877 5758 3533 5835">
    <p class='ocr_par' dir='ltr' id='par_1_143' title="bbox 1877 5758 3533 5835">
     <span class='ocr_line' id='line_1_148' title="bbox 1877 5758 3533 5835; baseline -0.005 -16"><span class='ocrx_word' id='word_1_884' title='bbox 1877 5758 2065 5835; x_wconf 78' lang='lat' dir='ltr'><strong>stricte</strong></span> <span class='ocrx_word' id='word_1_885' title='bbox 2096 5765 2427 5816; x_wconf 74' lang='lat' dir='ltr'><strong>inluereutes</strong></span> <span class='ocrx_word' id='word_1_886' title='bbox 2461 5761 2622 5815; x_wconf 90' lang='lat' dir='ltr'><strong>codd.</strong></span> <span class='ocrx_word' id='word_1_887' title='bbox 2661 5758 2903 5814; x_wconf 80' lang='lat' dir='ltr'><strong>Claram.</strong></span> <span class='ocrx_word' id='word_1_888' title='bbox 2930 5770 2983 5814; x_wconf 89' lang='lat' dir='ltr'><strong>et</strong></span> <span class='ocrx_word' id='word_1_889' title='bbox 3029 5758 3179 5814; x_wconf 81' lang='lat' dir='ltr'><strong>Voss.</strong></span> <span class='ocrx_word' id='word_1_890' title='bbox 3212 5760 3442 5821; x_wconf 73' lang='lat' dir='ltr'><strong>Caneri,</strong></span> <span class='ocrx_word' id='word_1_891' title='bbox 3524 5829 3533 5835; x_wconf 83' lang='lat'><strong><em>_</em></strong></span> 
     </span>
    </p>
   </div>
   <div class='ocr_carea' id='block_1_144' title="bbox 1878 5834 2697 5900">
    <p class='ocr_par' dir='ltr' id='par_1_144' title="bbox 1878 5834 2697 5900">
     <span class='ocr_line' id='line_1_149' title="bbox 1878 5834 2697 5900; baseline -0.001 -13"><span class='ocrx_word' id='word_1_892' title='bbox 1878 5834 2223 5888; x_wconf 74' lang='lat' dir='ltr'><strong>translatione</strong></span> <span class='ocrx_word' id='word_1_893' title='bbox 2247 5844 2293 5887; x_wconf 85' lang='lat' dir='ltr'><strong>et</strong></span> <span class='ocrx_word' id='word_1_894' title='bbox 2322 5835 2697 5900; x_wconf 82' lang='lat' dir='ltr'><strong>assumptione.</strong></span> 
     </span>
    </p>
   </div>
  </div>
