4238 6316
742 396 879 455 1155

737 529 832 581 καὶ
887 524 1093 596 φέρειν,
1145 520 1238 575 καὶ
1291 515 1494 569 τιθέναι

736 625 873 678 ὅπου
952 612 1109 674 αῦται
1193 611 1490 684 βούλονται.

738 716 850 771 Ποῦ
885 711 978 769 οὖν
1023 711 1180 781 ἐτέθη
1215 711 1242 763 ὁ
1281 705 1496 779 πριῖνιος

739 813 1054 882 ἄνθρωπος;
1103 807 1161 859 ὲν
1203 802 1281 873 τῷ
1318 816 1495 871 παρα-

740 907 903 977 δείσῳ
972 902 1249 974 δηλονότι,
1310 894 1493 957 καθὼς

739 1003 1049 1072 γέγραπται
1084 996 1194 1067 (Ἡ)
1214 1031 1226 1048 .
1255 1033 1266 1046 .
1296 1030 1310 1044 .
1332 1030 1342 1047 ..
1368 1030 1384 1043 .
1406 1030 1418 1042 .
1444 1028 1457 1040 .
1480 1029 1493 1041 .

744 1086 1237 1148 .........Καὶ
1289 1083 1499 1138 ἐκεῖθεν

743 1185 1004 1257 ἐξεϐλήθη
1062 1184 1142 1244 εἰς
1199 1179 1350 1233 τόνδε
1405 1176 1498 1229 τὸν

744 1282 966 1352 κόσμον,
989 1272 1340 1347 παρακούσας
1363 1270 1495 1342 (ΞΞ).

740 1374 831 1429 Διὸ
869 1373 960 1427 καὶ
1007 1372 1256 1439 λέγουσιν
1284 1366 1334 1418 οἱ
1368 1381 1500 1435 πρε-

745 1469 906 1522 σσύτε
916 1485 1017 1541 ροι,
1048 1465 1156 1519 τῶν
1187 1461 1498 1516 ἀποστόλων

746 1561 982 1634 μαθηταὶ
1003 1601 1017 1625 ,
1068 1560 1192 1621 τοὺς
1270 1568 1500 1626 μετατε-

743 1655 934 1716 θέντας
975 1652 1153 1704 ἐκεῖσε
1201 1644 1499 1717 μετατεθῆ-

742 1767 829 1803 ναι
866 1745 1114 1818 (δικαίοις
1144 1743 1252 1813 γὰρ
1285 1737 1498 1809 ἀνθρώ-

743 1861 883 1906 ποις,
914 1842 1005 1893 καὶ
1035 1856 1166 1891 πνευ
1175 1834 1500 1907 ματοφόροις

739 1934 1048 2009 ἡτοιμάσθη
1089 1935 1117 1986 ὁ
1143 1928 1496 2001 παράδεισος,

743 2036 802 2086 ὲν
830 2027 873 2100 ᾧ
907 2031 1002 2084 καὶ
1033 2027 1244 2088 Παῦλος
1276 2022 1502 2076 ἀπόστο-

740 2128 832 2190 λος
864 2121 1232 2193 εἱσκομισθεὶς
1269 2118 1499 2188 ἠκουσεν

741 2220 955 2289 ἄρρητα
991 2217 1230 2287 ῥήματί,
1260 2209 1335 2271 ὡς
1365 2205 1500 2277 πρὸς

743 2313 890 2383 ἡμᾶς
944 2311 1002 2362 ὲν
1062 2307 1139 2375 τῷ
1194 2299 1494 2374 παρόντι),

743 2404 903 2458 κάκεῖ
938 2401 1117 2473 μένειν
1163 2397 1288 2458 τοὺς
1342 2408 1502 2465 μετα-

741 2497 995 2556 τεθέντας
1026 2493 1127 2553 ἕως
1161 2485 1496 2546 συντελείας,

744 2583 1249 2662 προοιμαζομὲνους
1278 2580 1377 2650 τὴν
1403 2577 1498 2644 ἀφ-

745 2682 995 2753 Θαρσὶαν.

1478 385 1532 440 S.
1577 383 1834 438 lﬂEN/El
1875 379 2194 439 EPlSCOPl
2236 374 2723 433 LUGDUNENSIS
2765 372 2850 429 ET
2892 373 3247 431 MARTYRIS

1567 524 1718 573 nere,
1759 519 1813 563 et
1863 507 2104 577 baiulare
2158 518 2314 559 suum
2349 506 2392 560 Α
2424 498 2784 570 συμπαροῦσα
2849 500 3032 561 αὐτοῖς
3081 498 3175 551 τοῦ

1567 607 1794 676 plasma,
1828 611 1884 657 ct
1931 602 2094 662 ferre.
2129 608 2182 656 et
2225 617 2316 670 po-

1569 711 1701 750 nere
1761 695 1851 748 ubi
1915 694 2046 762 ipsa:
2094 693 2316 748 velicnt.

1574 785 1673 841 Ubi
1703 800 1833 854 ergo
1869 783 2074 853 primus
2111 782 2320 851 positus

1571 887 1655 930 est
1681 874 1875 930 homo?
1903 873 2114 928 scilicet
2141 874 2192 926 in
2227 887 2322 942 pa-

1571 968 1786 1031 radiso,
1863 965 2318 1036 quemadmodum

1572 1058 1852 1126 Scriptura
1944 1056 2074 1110 dicit
2119 1069 2135 1108 :
2198 1072 2215 1105 ι
2257 1055 2320 1109 Et

1568 1151 1827 1222 plantavit
1891 1150 2033 1204 Deus
2101 1148 2321 1217 paradi-

1569 1267 1688 1307 sum
1771 1252 1823 1304 in
1898 1249 2044 1303 Eden
2128 1258 2317 1304 contra

1565 1347 1862 1413 orientem,
1909 1354 1966 1400 et
2017 1345 2202 1416 posuit
2245 1344 2317 1399 ibi

1567 1440 1843 1493 hominem
1886 1453 2045 1505 quem
2086 1437 2322 1506 plasma-

1565 1538 1729 1591 vit".
1758 1555 1777 1588 ι
1823 1535 1889 1590 Ει
1919 1535 2043 1589 inde
2101 1535 2316 1604 projec-

1568 1639 1652 1683 tus
1677 1638 1757 1683 cst
1779 1628 1832 1682 in
1866 1627 2010 1681 hunc
2031 1625 2317 1693 mundum,

1567 1739 1671 1777 non
1731 1722 2012 1777 ohediens.
2048 1719 2317 1789 .Quapro-

2420 589 2553 642 Θεοῦ
2583 589 2723 660 χεὶρ,
2753 591 2847 643 καὶ
2877 591 3173 661 παράξοξα,

2422 680 2514 733 καὶ
2578 681 2814 735 ἀδύνατα
2873 685 2946 752 τῇ
3019 682 3177 750 φύσει

2420 774 2527 826 τῶν
2577 774 2901 844 ἀνθρώπων,
2944 776 3022 837 εἰς
3078 774 3175 828 αὐ-

2423 867 2543 929 τοὺς
2575 867 2931 921 ὲπιτελέσασα
2958 867 3096 938 (27)·
3124 870 3176 921 τί

2423 954 2515 1012 οῦν
2549 958 2878 1029 θαυμαστὸν,
2915 961 2964 1010 εἰ
2995 960 3088 1012 καὶ
3120 961 3175 1013 ὲν

2420 1055 2530 1115 τοῖς
2573 1053 2942 1124 μετατεθεῖσιν
2976 1055 3175 1126 ἀπείρυ

2421 1161 2616 1212 γασται
2639 1144 2958 1214 παράδοξον,
2985 1145 3120 1197 ὑπου
3128 1163 3178 1216 ρ-

2420 1236 2592 1306 γοῦσα
2647 1237 2725 1306 τῷ
2764 1237 3029 1307 θελήματι
3081 1238 3174 1292 τοῦ

2420 1329 2554 1384 Θεοῦ
2583 1330 2678 1383 καὶ¹
2712 1331 2954 1401 Πατρός.
2981 1373 2991 1386 .
3020 1370 3065 1384 ..
3087 1372 3100 1384 .
3123 1372 3135 1384 .
3159 1372 3171 1385 .

2421 1422 2556 1476 Οῠτε
2589 1419 2682 1478 οῦν
2713 1423 2872 1492 φύσις
2901 1425 3044 1488 τινὸς
3069 1425 3176 1478 τῶν

2420 1515 2736 1582 γεγονότων,
2759 1514 2880 1568 οὗτε
2904 1515 3008 1586 μὴν
3029 1516 3176 1570 ἀσθέ-

2419 1625 2535 1663 νεια
2596 1608 2798 1679 σαρκὸς
2857 1610 3177 1682 ὑπερισχύει

2417 1703 2516 1774 τῆς
2544 1702 2737 1774 βουλῆς
2761 1703 2855 1756 τοῦ
2883 1705 3018 1757 Θεοῦ
3042 1705 3174 1776 (29).

1565 1825 1685 1884 pter
1740 1814 1928 1867 dicunt
1975 1812 2314 1882 presbyteri,
2349 1837 2390 1893 Β
2420 1797 2495 1893 0:5
2526 1797 2699 1893 Vile“?
2719 1796 2852 1893 βεδς
2880 1800 2995 1860 τοῖς
3023 1815 3176 1893 γεγο-

1566 1907 1656 1977 qui
1687 1916 1816 1960 sunt
1839 1904 2204 1974 apostolorum
2236 1904 2319 1956 di-

1566 1998 1780 2067 scipuli,
1810 2012 1905 2050 eos
1932 1996 2025 2065 qui
2068 1994 2316 2049 translati

1567 2099 1716 2153 Sttttl,
1740 2090 1865 2143 illuc
1884 2087 2178 2142 translatos
2199 2100 2320 2140 esse

1569 2183 1757 2254 (justis
1787 2181 1932 2236 enim
1978 2179 2316 2244 hominibus,

1569 2293 1623 2339 et
1679 2283 1940 2354 Spiritum
1993 2279 2320 2335 habentibus

1571 2382 1903 2444 prmparatus
1956 2381 2043 2428 est
2099 2371 2319 2440 paradi-

1567 2490 1688 2538 sus,
1745 2473 1798 2526 in
1834 2487 1991 2540 quem
2046 2481 2099 2525 et
2130 2470 2323 2524 Paulus

1568 2563 1845 2634 apostolus
1878 2568 2190 2630 asportatos
2224 2574 2322 2612 au-

1572 2659 1705 2714 divit
1761 2667 2042 2710 sermones
2101 2653 2323 2706 inenar-

747 2741 979 2834 rabiles,
1022 2777 1288 2837 quantum
1345 2758 1410 2814 ad
1463 2769 1562 2810 nos
1605 2751 1660 2804 iu
1704 2741 2098 2837 prtesenti‘i’);
2151 2751 2206 2796 et
2249 2741 2324 2795 ibi

747 2879 970 2920 manere
1011 2835 1106 2915 eos
1148 2857 1240 2927 qui
1280 2846 1532 2907 translati
1571 2849 1696 2896 sunt
1741 2849 1913 2906 usque
1957 2835 2023 2888 ad
2070 2844 2327 2888 consum-

750 2957 1066 3014 matioucm,
1099 2945 1516 3014 coauspicantes
1562 2927 2008 2998 incorruptelam.

814 3047 868 3101 2.
904 3045 967 3097 Εἰ
1014 3040 1070 3094 δέ
1119 3055 1202 3101 τις
1236 3033 1497 3089 ἀδύνατον

747 3137 1009 3194 omnem
1048 3133 1259 3204 χρόνοις
1291 3145 1351 3180 τε
1379 3139 1502 3178 τοσ-
1569 3115 1826 3188 possibile
1876 3113 2108 3168 aestimet
2159 3110 2338 3165 tanti;

743 3233 925 3292 ούτοις
1001 3222 1294 3293 ὑπομένειν
1379 3217 1505 3278 τοὺς

749 3318 1070 3392 ἀνθρώπους
1096 3356 1110 3380 ,
1205 3311 1300 3366 καὶ
1411 3307 1504 3360 τὸν

761 3412 947 3467 Ἠλίαν
981 3409 1054 3481 μὴ
1085 3407 1351 3475 ἔνσαρκον
1380 3401 1508 3453 ἀνα-

747 3503 1053 3576 ληφθῆναι,
1102 3490 1506 3562 δεδαπανῆσθαι

747 3605 806 3660 δὲ
843 3605 942 3675 τὴν
993 3601 1172 3672 σάρκα
1230 3591 1396 3650 αὑτοῦ
1449 3591 1506 3644 ὲν

747 3697 828 3768 τῷ
870 3693 1082 3766 πυρὶνῳ
1127 3692 1365 3761 ἅρματι·
1416 3687 1508 3738 ὲν-

750 3790 1030 3863 νοησάτω,
1086 3787 1166 3839 ὅτι
1221 3781 1405 3842 Ἰωνᾶς
1451 3779 1510 3832 ὲν

748 3891 828 3962 τῷ
859 3888 1006 3961 βυθῷ
1038 3886 1233 3959 ῥιφεὶς,
1261 3923 1273 3935 .
1297 3922 1309 3934 .
1335 3921 1346 3933 .
1373 3921 1385 3933 .
1415 3919 1428 3933 .
1455 3919 1466 3932 .
1492 3918 1506 3932 .

753 3983 890 4045 σῶος
916 3979 1078 4034 πάλιν
1108 3972 1413 4040 ἐξεπτύσθη
1442 3972 1509 4040 τῇ

749 4075 822 4142 τῇ
865 4071 1009 4140 (Ξὸ),
1060 4064 1306 4120 κελεύσει
1345 4061 1509 4138 (Θεοῦ.

765 4162 1013 4224 Ἀνανίας
1068 4177 1129 4212 τε
1193 4157 1288 4211 καὶ
1349 4155 1510 4217 Ἀζα-

756 4255 919 4325 ρίας,
973 4251 1068 4304 καὶ
1133 4248 1382 4319 Μισαὴλ,
1433 4247 1512 4307 εἰς

753 4346 983 4415 κάμινον
1023 4339 1386 4411 ἐμϐληθέντες
1413 4353 1514 4387 πυ-

755 4436 849 4508 ρὸς
882 4432 1264 4493 ὲπταπλασίως
1296 4433 1511 4482 ἐκκαιο-

758 4527 925 4598 μένης
964 4524 1100 4594 (2-1),
1132 4520 1255 4575 οὔτε
1285 4519 1514 4590 ἐϐλάϐη-

758 4618 856 4671 σάν
884 4633 957 4679 τι,
990 4615 1114 4667 οῦτε
1148 4614 1292 4683 ὀσμὴ
1339 4611 1512 4682 πυρὸς

754 4707 962 4780 εὑρήθη
993 4707 1050 4760 ὲν
1084 4707 1285 4767 αὐτοῖς.
1321 4704 1385 4756 Ἡ
1419 4699 1512 4756 οῦν

830 4804 872 4834 ⁸⁷
904 4802 1042 4856 Gen.
1065 4817 1125 4864 ιι,
1158 4802 1214 4858 8.

760 4887 914 4933 xvut,
938 4869 1025 4923 27.

1322 4798 1367 4830 ⁸³
1401 4797 1441 4852 11
1473 4795 1597 4854 Cor.
1625 4813 1724 4862 xu,
1759 4797 1817 4853 4.

1641 3022 1696 3076 2.
1730 3020 1785 3074 Si
1822 3025 2003 3072 autem
2050 3014 2173 3082 quis
2221 3013 2326 3068 im-

1573 3206 1911 3276 temporibus
1997 3215 2327 3272 permanere

1572 3301 1849 3366 homines,
1896 3308 1952 3353 et
1994 3297 2168 3352 Eliam
2219 3308 2327 3348 non

1571 3401 1624 3455 in
1651 3411 1816 3452 carne
1832 3394 1945 3467 (9.5)
1968 3400 2327 3460 assumptum,

1573 3500 1950 3561 consumptam
1988 3497 2169 3563 autem
2209 3500 2334 3540 ear-

1573 3597 1696 3637 nem
1722 3579 1840 3648 eius
1866 3580 1919 3632 in
1949 3577 2110 3646 igneo
2130 3588 2328 3637 curru;

1576 3677 1848 3740 intendat,
1878 3672 2133 3742 quoniam
2163 3668 2332 3724 Jonas

1578 3769 1795 3841 quidem
1874 3769 1926 3822 in
2004 3764 2330 3836 profundum

1579 3863 1855 3934 proiectus
1886 3868 1993 3923 est,
2027 3867 2082 3913 et
2112 3857 2165 3910 in
2197 3871 2332 3910 ven-

1578 3965 1716 4008 trem
1745 3952 1849 4006 ceti
1882 3951 2191 4018 absorptus,
2224 3947 2335 4002 sal-

1580 4071 1680 4111 vus
1706 4056 1908 4110 iterum
1943 4059 2207 4119 exsputus
2249 4055 2334 4102 est

1581 4156 1740 4200 terra:
1769 4143 1924 4213 jussu
1955 4141 2049 4196 Dei
2078 4141 2145 4192 “.
2180 4138 2297 4191 Ana

1580 4239 1703 4292 nias
1731 4237 1920 4297 etiam,
1944 4242 1999 4289 et
2029 4232 2254 4286 Azarias
2278 4241 2333 4285 et

1581 4329 1773 4382 biizael
1799 4327 1950 4381 missi
1982 4327 2034 4380 in
2059 4326 2333 4379 caminum

1583 4422 1723 4492 ignis
1793 4417 2098 4489 septuplum
2170 4427 2398 4492 exar-"

1913 4527 2092 4583 neque
2169 4511 2334 4567 “Dem
2369 4488 2412 4542 Ι)
2514 4489 3002 4583 {anili-ornaverit,
3034 4489 3187 4556 cujus
3208 4505 3433 4560 corpora
3463 4496 3645 4542 nostra
3678 4488 3874 4559 templa
3897 4498 4032 4543 sunt

1580 4519 1796 4571 dentem
1820 4558 1834 4582 ,

1581 4613 1707 4663 sunt
1736 4605 1962 4675 aliquid,
1999 4617 2177 4674 neque
2201 4604 2337 4659 odor

1586 4703 1726 4772 ignis
1803 4702 2058 4756 inventus
2128 4707 2215 4754 'est
2281 4699 2335 4753 in

832 4965 944 5033 (9.1)
980 4961 1332 5033 Γέγραπται.
1355 4956 1643 5033 _Geneseos
1682 4951 1846 5008 verba
1887 4950 2199 5007 describere
2235 4952 2338 5006 Da-

762 5029 1016 5089 masceno
1046 5029 1152 5085 non
1187 5029 1412 5098 placuit.

832 5105 944 5174 (εἰ)
993 5091 1410 5174 Παρῳὶούσας.
1457 5095 1575 5166 Θεῷ
1623 5092 1863 5148 additum
1911 5091 1964 5145 in
2015 5093 2041 5145 1
2081 5091 2334 5146 Damasc.

762 5171 1029 5230 citatione
1058 5182 1109 5223 et
1146 5171 1368 5222 Barocc.

837 5244 950 5312 (ξω
974 5239 1090 5309 Γῇ.
1124 5240 1248 5294 llaec
1275 5251 1379 5292 vox
1404 5235 1458 5289 in
1490 5233 1526 5288 2
1555 5233 1811 5288 Damasc.
1839 5230 2102 5287 citatione
2135 5231 2339 5285 omissa

763 5325 870 5370 est.

837 5381 951 5454 (24)
999 5377 1438 5454 Ἐκκαιομέινης.
1476 5373 1615 5444 Leg.
1640 5387 1763 5425 cum
1797 5370 2006 5454 interp.
2042 5369 2336 5454 ἐκκαιομέῖ

763 5437 884 5524 νηῦ.
919 5437 988 5506 At
1021 5451 1164 5524 inter
1184 5437 1339 5524 hanc
1370 5437 1656 5524 ‘v'ocemlet
1691 5437 2014 5524 particulam
2047 5437 2171 5524 οῦτε
2220 5437 2330 5524 iul

767 5511 1018 5575 Damasc.
1045 5518 1306 5572 citatione
1329 5525 1383 5568 et
1406 5514 1528 5568 cod.
1559 5511 1780 5568 BaroCc.
1809 5511 1924 5564 inec
1946 5518 2074 5563 sunt
2098 5511 2337 5562 inserta:

2419 1888 2585 1954 νόσιν,
2617 1887 2756 1941 ἀλλὰ
2797 1887 2866 1941 τὰ
2921 1889 3178 1957 γεγονότα

2421 1981 2783 2036 ὑποτέτακται
2809 1982 2886 2054 τῷ
2912 1983 3048 2054 Θεῷ,
3083 1986 3178 2037 καὶ

3871 375 4003 434 1156

3248 495 3328 549 eis
3353 497 3418 550 τ’.
3462 496 3591 560 Qua:
3624 497 3787 565 igitur
3829 498 4005 553 adfuit

3247 590 3354 644 illis
3403 606 3598 645 manus
3637 592 3761 653 Dei,
3806 601 3865 645 et
3914 593 4000 645 in-

3246 685 3488 752 opinata,
3527 693 3583 737 et
3640 685 3999 752 impossibilia

3245 782 3455 826 natura:
3502 772 3743 826 hominis
3786 771 3900 842 (26)
3943 772 3999 826 in

3244 865 3330 918 eis
3356 864 3670 933 perliciens;
3708 866 3836 933 quid
3895 881 4001 918 mt-

3247 973 3385 1022 rum,
3416 960 3459 1011 si
3494 960 3545 1011 in
3579 958 3661 1012 his
3693 961 3783 1027 qui
3821 970 4004 1017 trans-

3245 1051 3336 1104 lati
3367 1060 3520 1114 sunt,
3555 1050 3738 1106 elIecit
3787 1053 3999 1122 aliquid

3249 1151 3620 1228 inopinatum,
3688 1152 4002 1208 deserviens

3249 1245 3508 1299 voluntati
3579 1245 3753 1301 Patris
3811 1247 3954 1318 (28)
3978 1250 4005 1302 ?

3247 1334 3412 1403 299
3443 1334 3538 1389 llic
3573 1345 3658 1389 est
3687 1347 3870 1390 autem
3913 1337 4004 1392 Fi-

3248 1427 3354 1482 lius
3387 1428 3501 1493 Dei,
3547 1431 4005 1498 quemadmodum

3250 1519 3530 1590 Scriptura
3567 1523 3644 1576 ait
3671 1524 3878 1578 dixisse
3903 1525 4011 1578 Na-

3249 1612 3672 1669 buchodonosor
3769 1631 3951 1683 regem
3989 1634 4006 1671 :

3255 1724 3274 1758 ι
3307 1706 3494 1763 Nonne
3541 1717 3653 1763 tres
3707 1709 3855 1763 viros
3898 1710 4006 1764 mi-

3250 1797 3421 1853 simus
3472 1801 3527 1853 in
3584 1801 3906 1854 caminum?
3953 1812 4010 1857 et

3254 1908 3411 1957 ecce,
3445 1909 3544 1962 ego
3581 1894 3737 1948 video
3761 1905 4008 1962 quatuor

3252 1983 3662 2039 deambulantes
3719 1986 3770 2038 in
3826 1986 4008 2040 medio

1925 4796 1968 4827 '9
2001 4793 2124 4849 Jon.
2159 4804 2258 4849 tet
2281 4810 2344 4851 ιι.
2417 4795 2463 4826 ⁷ο
2495 4793 2632 4848 Dan.
2667 4804 2751 4856 ιιι,
2785 4789 2854 4844 19
2890 4797 2944 4843 et
2983 4803 3138 4860 seqq.

767 5591 989 5661 ἔμειναν
1017 5587 1283 5659 ἄφθαρτοι
1317 5585 1441 5649 καί,
1477 5599 1596 5654 quae
1638 5594 1795 5637 vetus
1829 5582 2100 5648 interpres
2140 5579 2342 5649 legisse

767 5659 876 5715 non
908 5659 1141 5715 videtur.

841 5729 951 5800 (25)
992 5727 1115 5782 Non
1153 5729 1210 5800 in
1246 5742 1424 5779 carne.
1480 5721 1873 5800 Negationem,
1919 5734 2044 5800 qua:
2097 5720 2149 5800 in
2202 5734 2337 5800 mss.

769 5791 1020 5853 omnibus
1059 5814 1121 5853 ac
1158 5796 1350 5853 Graeco
1389 5803 1537 5851 textu
1565 5791 1803 5864 'legitur,
1837 5791 1976 5846 male
2033 5793 2338 5846 omiserunt

770 5870 904 5924 Gali.
928 5879 980 5924 et
1009 5867 1244 5925 Feuard.

2418 2073 2486 2127 τὰ
2509 2075 2685 2128 πάντα
2709 2074 2820 2146 (50)
2849 2073 3174 2146 ἐξυπηρετεῖ
3246 2077 3406 2146 ignis,
3431 2088 3485 2133 et
3532 2091 3762 2148 quartus
3811 2080 4011 2134 similis

2419 2165 2497 2237 τῷ
2525 2165 2819 2238 βουλήματι
2843 2167 3028 2221 αὑτοῦ.
3247 2182 3332 2226 est
3373 2173 3512 2244 Filio
3553 2176 3646 2229 Dei
3673 2174 3737 2228 τί.
3763 2195 3781 2227 ι
3822 2174 4011 2244 Neque

2422 2258 2586 2326 igitur
2615 2268 2811 2310 natura
2851 2257 3082 2327 alicujus
3125 2274 3314 2314 eorum
3351 2276 3471 2329 quas
3508 2262 3654 2318 facta
3703 2274 3861 2330 sunt,
3905 2280 4006 2318 ne-

2423 2363 2529 2416 que
2560 2348 2852 2402 inﬁrmitas
2884 2349 3069 2404 carnis
3109 2349 3312 2404 fortior
3338 2352 3439 2405 erit
3473 2367 3637 2422 super
3675 2354 4008 2408 voluntatem

2424 2438 2544 2493 Dei.
2583 2439 2698 2495 Non
2743 2441 2889 2494 enim
2923 2439 3069 2495 Deus
3113 2442 3197 2497 his
3245 2458 3362 2510 qua:
3408 2443 3553 2499 facta
3599 2457 3763 2509 sunt,
3805 2447 3898 2500 sed
3945 2460 4010 2500 ea

2423 2545 2544 2601 qua:
2583 2529 2726 2586 facta
2760 2541 2909 2597 sunt,
2944 2532 3194 2602 subjecta
3236 2543 3360 2590 sunt
3400 2534 3554 2591 Deo:
3590 2546 3645 2592 et
3674 2538 3858 2591 omnia
3890 2551 4013 2608 ser-

2425 2615 2582 2674 viunt
2611 2622 2880 2676 voluntati
2912 2622 3050 2689 ejus.

2498 2712 2843 2782 Quapropter
2873 2722 2927 2766 et
2976 2713 3236 2770 Dominus
3284 2715 3407 2769 sit:
3471 2733 3491 2767 ι
3561 2715 3692 2781 Quae
3749 2715 4016 2786 impossi-

2427 2801 2553 2854 bilia
2614 2812 2745 2857 sunt
2827 2803 2966 2871 apud
3033 2803 3323 2868 homines,
3389 2805 3670 2872 possibilia
3703 2814 3830 2870 sunt
3869 2806 4016 2873 apud

2428 2892 2598 2946 Deum
2619 2894 2687 2946 "'.
2721 2911 2738 2944 ι
2779 2894 3243 2959 Quemadmodum
3277 2896 3440 2965 igitur
3471 2897 3556 2951 his
3585 2897 3677 2966 qui
3714 2911 3856 2950 nunc
3887 2906 4018 2951 sunt

2429 2984 2768 3049 hominibus,
2810 2985 3188 3053 ignorantibus
3217 2986 3632 3056 dispositionem
3677 2987 3798 3053 Dei,
3831 2988 4019 3041 incre-

2433 3075 2597 3129 dibile
2643 3085 2694 3129 et
2730 3075 3072 3144 impossibile
3103 3078 3319 3131 videtur
3347 3077 3487 3149 (51),
3512 3087 3692 3132 tantos
3721 3093 3894 3133 annos
3921 3079 4023 3133 aii-

2354 3163 2400 3224 C
2430 3183 2592 3238 quem
2627 3168 2904 3224 hominem
2933 3184 3097 3236 posse
3128 3171 3347 3234 vivere;
3396 3179 3452 3223 et
3504 3169 3761 3222 vixerunt
3816 3170 3872 3224 hi
3919 3170 4020 3240 qui

2432 3269 2559 3314 ante
2583 3275 2682 3314 nos
2714 3259 2937 3313 fuerunt
2965 3298 2980 3322 ,
3033 3270 3087 3314 et
3116 3261 3306 3314 vivunt
3340 3260 3428 3328 qui
3472 3259 3721 3314 translati
3761 3270 3907 3328 sunt,
3947 3262 4022 3316 ad

2431 3349 2743 3418 exemplum
2779 3348 2975 3403 futura:
3008 3348 3123 3421 (52)
3153 3349 3506 3420 longitudinis
3551 3350 3806 3416 dierum;
3849 3359 3903 3404 et
3953 3352 4024 3406 de

2433 3449 2624 3495 ventre
2662 3441 2792 3502 ceti,
2823 3449 2877 3494 et
2906 3440 2973 3494 de
3000 3443 3223 3495 camino
3255 3441 3397 3510 ignis
3449 3440 3628 3494 δεινος
3667 3441 3905 3506 exiisse,
3967 3450 4027 3495 et

2434 3539 2615 3584 tamen
2642 3531 2918 3594 exierunt,
2950 3531 3135 3586 educti
3183 3530 3332 3585 velut
3381 3537 3547 3584 manu
3578 3529 3694 3594 Dei,
3729 3531 3794 3583 ad
3825 3540 4024 3586 osteu-e

2434 3622 2642 3674 sionem
2675 3621 2896 3675 virtutis
2923 3621 3077 3690 ejus:
3111 3622 3189 3675 sic
3226 3630 3279 3675 et
3321 3635 3485 3684 nunc,
3516 3621 3766 3690 quamvis
3793 3622 4022 3691 quidam

2434 3711 2753 3782 ignorantes
2775 3712 3037 3765 virtutem
3085 3719 3141 3766 et
3170 3710 3592 3780 promissionem
3624 3711 3743 3778 Dei,
3790 3721 4024 3767 contra-

2435 3803 2620 3857 dicant
2650 3819 2761 3856 suae
2803 3801 3007 3865 saluti,
3062 3801 3400 3871 impossibile
3445 3802 3825 3858 existimantes
3860 3817 4026 3872 posse

2437 3897 2606 3950 Deum
2639 3895 2995 3948 suscitantem
3047 3907 3276 3961 corpora
3313 3893 3365 3947 in
3402 3894 3794 3964 sempiternum
3836 3909 4028 3963 perae-

2437 3985 2775 4040 verationem
2803 3984 2882 4038 eis
2916 3983 3158 4048 donare;
3191 3997 3298 4036 non
3334 3993 3513 4040 tamen
3545 3983 3904 4040 incredulitas
3939 3996 4028 4040 ta-

2435 4073 2568 4129 lium
2607 4075 2901 4130 cvacuabit
2930 4074 3043 4145 (55)
3081 4074 3240 4128 iidem
3272 4075 3394 4130 Dei.

3037 4189 3266 4244 CAPUT
3326 4187 3410 4243 Vl.

2440 4280 2712 4351 Integrum
2748 4291 2797 4335 et
2838 4280 3124 4351 perfectum
3161 4281 3786 4351 hominemtcorporeret
3839 4282 4030 4351 anima

2508 4349 2831 4405 constantem
2854 4362 2914 4418 et
2946 4350 3288 4418 conjunctum
3325 4391 3341 4414 ,
3395 4349 3596 4402 salvum
3630 4350 3820 4418 faciet,
3853 4349 4026 4410 Dens.

2509 4436 2628 4474 cum
2664 4437 2783 4473 cum
2826 4417 3050 4471 Verbum
3085 4420 3450 4488 assumpserit,
3505 4428 3550 4471 et
3599 4420 3749 4472 donis
3787 4417 4034 4488 Spiritus

2513 4570 2561 4614 et
2597 4559 2868 4612 dicuntur.

2516 4694 2569 4748 1.
2619 4691 3030 4747 Glorilicabitur
3060 4703 3242 4750 autem
3275 4694 3421 4749 Deus
3468 4697 3522 4748 in
3573 4705 3672 4748 suo
3719 4695 4037 4761 plasmate.

3214 4790 3258 4821 τι
3287 4787 3449 4858 lbid.,
3491 4787 3694 4853 9t,9s.
3805 4789 3850 4818 η
3885 4785 4034 4845 Luc.

2514 4953 2622 5025 (26)
2664 4954 2928 5008 Hominis.
2963 4952 3055 5025 Sic
3099 4953 3336 5025 Feuard.
3367 4953 3419 5006 in
3462 4967 3666 5022 marg.,
3698 4949 3939 5006 Clarom.
3978 4964 4042 5008 et

2446 5022 2612 5079 γοοδ(
2634 5025 2829 5079 (Sceleri
2863 5039 2982 5076 cum
3010 5022 3224 5083 Graeco.
3260 5024 3557 5076 hominum.

2516 5093 2628 5164 (27)
2683 5092 2804 5146 Τῶν
2847 5093 3171 5158 ἀνθρώπων·
3211 5094 3298 5156 εὶς
3327 5093 3550 5164 ᾳὺτοξις
3592 5088 4034 5164 ἐπιτεᾷέσασα.

2444 5165 2500 5218 In
2528 5160 2574 5216 ’2
2612 5160 2885 5232 'Damasc.
2913 5165 3178 5216 citatione
3232 5164 3384 5214 deest
3435 5161 3543 5213 τῶν
3600 5160 3923 5232 ἀνθρώπων,
3964 5179 4041 5217 ac

2447 5235 2672 5295 ἑαυτοὺς
2704 5231 3001 5284 ἀπετέλεσε
3033 5232 3229 5284 vitiose
3262 5232 3477 5294 legitur.

2449 5302 2647 5426 P028)
2710 5302 2976 5355 Voluntati
3021 5300 3227 5355 Patris.
3284 5300 3486 5368 Graec”
3517 5299 3778 5355 voluntati
3829 5298 3930 5354 Dei
3983 5310 4039 5355 et

2499 5385 2649 5426 atru.

2499 5385 2649 5426 atru.

2518 5441 2628 5513 (ΞΩ)
2667 5441 2778 5509 Τῆς
2800 5439 3043 5513 ,ϐουλῇς
3074 5441 3180 5492 τοῦ
3218 5441 3386 5513 θεοῦ.
3409 5442 3685 5513 __Damasc.
3720 5440 3788 5506 2,
3814 5439 3915 5510 τὴν
3945 5438 4048 5495 δύ*

2445 5509 2728 5582 ναμινκαὶ
2758 5513 2857 5581 τὴν
2890 5509 3143 5582 βούλησιν
3172 5509 3264 5562 τοῦ
3299 5510 3458 5582 Θεοῦ.

2518 5559 2739 5650 (iam
2770 5559 3286 5650 gemuisse.
3311 5559 3551 5644 iam
3580 5579 3776 5634 πάντα.

2542 5648 2632 5714 51)
2679 5651 2919 5704 Videtur.
2955 5651 3112 5704 Eras.
3146 5661 3198 5703 et
3230 5648 3402 5714 Gal|.,
3429 5651 3716 5703 videretur.

2542 5653 2632 5720 51)
2679 5653 2919 5704 Videtur.
2955 5653 3112 5704 Eras.
3146 5661 3198 5703 et
3230 5653 3402 5714 Ga||.,
3429 5653 3632 5703 videret

2517 5653 2634 5830 (52)
2669 5719 2910 5774 Futurae.
2949 5719 3106 5773 Deest
3134 5721 3187 5773 ιιι
3220 5719 3377 5773 Erae.
3411 5731 3464 5773 et
3494 5719 3632 5776 Gali.

2540 5792 2628 5830 EKi
2669 5791 2974 5830 anrunhiL
3014 5789 3119 5830 Al“
3183 5791 3452 5830 print-uani!

2539 5792 2628 5848 55)
2665 5791 2974 5844 Evacuabit.
3009 5789 3123 5854 AL,
3183 5791 3476 5846 evacuavit.
