  <div class='ocr_page' id='page_1' title='image "/cluster/home/n/w/nwhite01/storage/ocr_20150623/7 pars.2/pst.000005711840/022.png"; bbox 0 0 4238 6316; ppageno 0'>
   <div class='ocr_carea' id='block_1_1' title="bbox 224 360 352 417">
    <p class='ocr_par' dir='ltr' id='par_1_1' title="bbox 224 360 352 417">
     <span class='ocr_line' id='line_1_1' title="bbox 224 360 352 417; baseline 0.016 -2"><span class='ocrx_word' id='word_1_1' title='bbox 224 360 352 417; x_wconf 70' lang='lat' dir='ltr'><strong>M31</strong></span> 
     </span>
    </p>
   </div>
   <div class='ocr_carea' id='block_1_2' title="bbox 1413 358 2360 416">
    <p class='ocr_par' dir='ltr' id='par_1_2' title="bbox 1413 358 2360 416">
     <span class='ocr_line' id='line_1_2' title="bbox 1413 358 2360 416; baseline -0.003 -1"><span class='ocrx_word' id='word_1_2' title='bbox 1413 359 1699 415; x_wconf 77' lang='lat' dir='ltr'><strong>CONTRA</strong></span> <span class='ocrx_word' id='word_1_3' title='bbox 1738 358 2087 416; x_wconf 67' lang='lat' dir='ltr'><strong>HERESES</strong></span> <span class='ocrx_word' id='word_1_4' title='bbox 2124 359 2251 415; x_wconf 87' lang='lat' dir='ltr'><strong>LIB.</strong></span> <span class='ocrx_word' id='word_1_5' title='bbox 2295 359 2360 413; x_wconf 73' lang='grc' dir='ltr'><strong>γ.</strong></span> 
     </span>
    </p>
   </div>
   <div class='ocr_carea' id='block_1_3' title="bbox 3348 357 3485 415">
    <p class='ocr_par' dir='ltr' id='par_1_3' title="bbox 3348 357 3485 415">
     <span class='ocr_line' id='line_1_3' title="bbox 3348 357 3485 415; baseline 0.015 -2"><span class='ocrx_word' id='word_1_6' title='bbox 3348 357 3485 415; x_wconf 74' lang='grc'>1138</span> 
     </span>
    </p>
   </div>
   <div class='ocr_carea' id='block_1_4' title="bbox 221 476 3483 548">
    <p class='ocr_par' dir='ltr' id='par_1_4' title="bbox 221 476 3483 548">
     <span class='ocr_line' id='line_1_4' title="bbox 221 476 3483 548; baseline -0.002 -13"><span class='ocrx_word' id='word_1_7' title='bbox 221 478 503 535; x_wconf 76' lang='lat' dir='ltr'><strong>conformo</strong></span> <span class='ocrx_word' id='word_1_8' title='bbox 536 479 671 535; x_wconf 84' lang='lat' dir='ltr'><strong>illud</strong></span> <span class='ocrx_word' id='word_1_9' title='bbox 703 486 758 533; x_wconf 89' lang='lat' dir='ltr'><strong>et</strong></span> <span class='ocrx_word' id='word_1_10' title='bbox 797 493 1143 548; x_wconf 78' lang='lat' dir='ltr'><strong>consequens</strong></span> <span class='ocrx_word' id='word_1_11' title='bbox 1196 476 1307 548; x_wconf 66' lang='lat' dir='ltr'><strong>(3t)</strong></span> <span class='ocrx_word' id='word_1_12' title='bbox 1360 493 1458 532; x_wconf 86' lang='lat' dir='ltr'><strong>suo</strong></span> <span class='ocrx_word' id='word_1_13' title='bbox 1499 493 1668 546; x_wconf 87' lang='lat' dir='ltr'><strong>puero</strong></span> <span class='ocrx_word' id='word_1_14' title='bbox 1704 479 1799 531; x_wconf 84' lang='lat' dir='ltr'><strong>ad-</strong></span> <span class='ocrx_word' id='word_1_15' title='bbox 1829 482 1874 538; x_wconf 83' lang='grc' dir='ltr'><strong>Α</strong></span> <span class='ocrx_word' id='word_1_16' title='bbox 1907 479 2317 533; x_wconf 83' lang='lat' dir='ltr'><strong>similitudinem</strong></span> <span class='ocrx_word' id='word_1_17' title='bbox 2368 476 2543 533; x_wconf 83' lang='lat' dir='ltr'><strong>lactus</strong></span> <span class='ocrx_word' id='word_1_18' title='bbox 2590 488 2673 532; x_wconf 91' lang='lat' dir='ltr'><strong>est</strong></span> <span class='ocrx_word' id='word_1_19' title='bbox 2734 478 2847 533; x_wconf 99' lang='lat' dir='ltr'><strong>Dei.</strong></span> <span class='ocrx_word' id='word_1_20' title='bbox 2903 476 2958 532; x_wconf 88' lang='lat' dir='ltr'><strong>Si</strong></span> <span class='ocrx_word' id='word_1_21' title='bbox 3015 487 3194 532; x_wconf 86' lang='lat' dir='ltr'><strong>autem</strong></span> <span class='ocrx_word' id='word_1_22' title='bbox 3249 478 3483 531; x_wconf 73' lang='lat' dir='ltr'><strong>doluerit</strong></span> 
     </span>
    </p>
   </div>
   <div class='ocr_carea' id='block_1_5' title="bbox 221 568 1797 637">
    <p class='ocr_par' dir='ltr' id='par_1_5' title="bbox 221 568 1797 637">
     <span class='ocr_line' id='line_1_5' title="bbox 221 568 1797 637; baseline -0.001 -14"><span class='ocrx_word' id='word_1_23' title='bbox 221 586 289 637; x_wconf 79' lang='lat' dir='ltr'><strong>ap</strong></span> <span class='ocrx_word' id='word_1_24' title='bbox 317 587 433 623; x_wconf 68' lang='lat' dir='ltr'><strong>arts.</strong></span> <span class='ocrx_word' id='word_1_25' title='bbox 472 571 574 624; x_wconf 64' lang='lat' dir='ltr'><strong>PH</strong></span> <span class='ocrx_word' id='word_1_26' title='bbox 608 586 801 624; x_wconf 87' lang='lat' dir='ltr'><strong>manus</strong></span> <span class='ocrx_word' id='word_1_27' title='bbox 842 570 984 623; x_wconf 90' lang='lat' dir='ltr'><strong>enim</strong></span> <span class='ocrx_word' id='word_1_28' title='bbox 1040 569 1238 633; x_wconf 84' lang='lat' dir='ltr'><strong>Patris,</strong></span> <span class='ocrx_word' id='word_1_29' title='bbox 1270 571 1320 623; x_wconf 89' lang='lat' dir='ltr'><strong>id</strong></span> <span class='ocrx_word' id='word_1_30' title='bbox 1362 580 1447 622; x_wconf 89' lang='lat' dir='ltr'><strong>est</strong></span> <span class='ocrx_word' id='word_1_31' title='bbox 1479 583 1573 636; x_wconf 85' lang='lat' dir='ltr'><strong>per</strong></span> <span class='ocrx_word' id='word_1_32' title='bbox 1604 568 1797 623; x_wconf 86' lang='lat' dir='ltr'><strong>Filiqu</strong></span> 
     </span>
    </p>
   </div>
   <div class='ocr_carea' id='block_1_6' title="bbox 222 658 1796 727">
    <p class='ocr_par' dir='ltr' id='par_1_6' title="bbox 222 658 1796 727">
     <span class='ocr_line' id='line_1_6' title="bbox 222 658 1796 727; baseline -0.002 -14"><span class='ocrx_word' id='word_1_33' title='bbox 222 668 277 713; x_wconf 88' lang='lat' dir='ltr'><strong>et</strong></span> <span class='ocrx_word' id='word_1_34' title='bbox 301 660 565 727; x_wconf 81' lang='lat' dir='ltr'><strong>Spiritum</strong></span> <span class='ocrx_word' id='word_1_35' title='bbox 596 660 657 712; x_wconf 86' lang='lat' dir='ltr'><strong>iit</strong></span> <span class='ocrx_word' id='word_1_36' title='bbox 687 662 849 715; x_wconf 88' lang='lat' dir='ltr'><strong>homo</strong></span> <span class='ocrx_word' id='word_1_37' title='bbox 882 660 1185 713; x_wconf 87' lang='lat' dir='ltr'><strong>secundum</strong></span> <span class='ocrx_word' id='word_1_38' title='bbox 1231 660 1647 713; x_wconf 76' lang='lat' dir='ltr'><strong>similitudinem</strong></span> <span class='ocrx_word' id='word_1_39' title='bbox 1680 658 1796 721; x_wconf 85' lang='lat' dir='ltr'><strong>Dei,</strong></span> 
     </span>
    </p>
   </div>
   <div class='ocr_carea' id='block_1_7' title="bbox 220 750 1800 819">
    <p class='ocr_par' dir='ltr' id='par_1_7' title="bbox 220 750 1800 819">
     <span class='ocr_line' id='line_1_7' title="bbox 220 750 1800 819; baseline -0.001 -14"><span class='ocrx_word' id='word_1_40' title='bbox 220 751 315 805; x_wconf 84' lang='lat' dir='ltr'><strong>sed</strong></span> <span class='ocrx_word' id='word_1_41' title='bbox 348 767 453 803; x_wconf 90' lang='lat' dir='ltr'><strong>non</strong></span> <span class='ocrx_word' id='word_1_42' title='bbox 492 766 616 819; x_wconf 79' lang='lat' dir='ltr'><strong>pars</strong></span> <span class='ocrx_word' id='word_1_43' title='bbox 662 751 925 805; x_wconf 78' lang='lat' dir='ltr'><strong>hominis.</strong></span> <span class='ocrx_word' id='word_1_44' title='bbox 979 751 1174 803; x_wconf 80' lang='lat' dir='ltr'><strong>Anima</strong></span> <span class='ocrx_word' id='word_1_45' title='bbox 1235 760 1416 802; x_wconf 88' lang='lat' dir='ltr'><strong>autem</strong></span> <span class='ocrx_word' id='word_1_46' title='bbox 1467 759 1524 803; x_wconf 90' lang='lat' dir='ltr'><strong>et</strong></span> <span class='ocrx_word' id='word_1_47' title='bbox 1576 750 1800 817; x_wconf 78' lang='lat' dir='ltr'><strong>spiritus</strong></span> 
     </span>
    </p>
   </div>
   <div class='ocr_carea' id='block_1_8' title="bbox 218 840 1799 914">
    <p class='ocr_par' dir='ltr' id='par_1_8' title="bbox 218 840 1799 914">
     <span class='ocr_line' id='line_1_8' title="bbox 218 840 1799 914; baseline -0.001 -20"><span class='ocrx_word' id='word_1_48' title='bbox 218 855 347 914; x_wconf 85' lang='lat' dir='ltr'><strong>pars</strong></span> <span class='ocrx_word' id='word_1_49' title='bbox 393 841 631 895; x_wconf 85' lang='lat' dir='ltr'><strong>hominis</strong></span> <span class='ocrx_word' id='word_1_50' title='bbox 668 857 788 895; x_wconf 82' lang='lat' dir='ltr'><strong>esse</strong></span> <span class='ocrx_word' id='word_1_51' title='bbox 840 849 1105 909; x_wconf 85' lang='lat' dir='ltr'><strong>possunt,</strong></span> <span class='ocrx_word' id='word_1_52' title='bbox 1154 840 1318 895; x_wconf 83' lang='lat' dir='ltr'><strong>homo</strong></span> <span class='ocrx_word' id='word_1_53' title='bbox 1374 850 1551 892; x_wconf 87' lang='lat' dir='ltr'><strong>autem</strong></span> <span class='ocrx_word' id='word_1_54' title='bbox 1595 855 1799 909; x_wconf 88' lang='lat' dir='ltr'><strong>nequa-</strong></span> 
     </span>
    </p>
   </div>
   <div class='ocr_carea' id='block_1_9' title="bbox 217 930 1800 999">
    <p class='ocr_par' dir='ltr' id='par_1_9' title="bbox 217 930 1800 999">
     <span class='ocr_line' id='line_1_9' title="bbox 217 930 1800 999; baseline 0.001 -16"><span class='ocrx_word' id='word_1_55' title='bbox 217 946 421 998; x_wconf 83' lang='lat' dir='ltr'><strong>quam:</strong></span> <span class='ocrx_word' id='word_1_56' title='bbox 495 932 769 999; x_wconf 81' lang='lat' dir='ltr'><strong>perlectus</strong></span> <span class='ocrx_word' id='word_1_57' title='bbox 836 940 1019 985; x_wconf 84' lang='lat' dir='ltr'><strong>autem</strong></span> <span class='ocrx_word' id='word_1_58' title='bbox 1088 932 1299 992; x_wconf 86' lang='lat' dir='ltr'><strong>homo,</strong></span> <span class='ocrx_word' id='word_1_59' title='bbox 1373 930 1684 983; x_wconf 73' lang='lat' dir='ltr'><strong>eorumistio</strong></span> <span class='ocrx_word' id='word_1_60' title='bbox 1745 941 1800 984; x_wconf 87' lang='lat' dir='ltr'><strong>et</strong></span> 
     </span>
    </p>
   </div>
   <div class='ocr_carea' id='block_1_10' title="bbox 216 1018 1798 1085">
    <p class='ocr_par' dir='ltr' id='par_1_10' title="bbox 216 1018 1798 1085">
     <span class='ocr_line' id='line_1_10' title="bbox 216 1018 1798 1085; baseline -0.001 -13"><span class='ocrx_word' id='word_1_61' title='bbox 216 1020 461 1072; x_wconf 69' lang='lat' dir='ltr'><strong>adunitio</strong></span> <span class='ocrx_word' id='word_1_62' title='bbox 484 1028 565 1072; x_wconf 77' lang='lat' dir='ltr'><strong>est</strong></span> <span class='ocrx_word' id='word_1_63' title='bbox 598 1020 795 1071; x_wconf 71' lang='lat' dir='ltr'><strong>auimze</strong></span> <span class='ocrx_word' id='word_1_64' title='bbox 837 1018 1167 1072; x_wconf 87' lang='lat' dir='ltr'><strong>assmuentis</strong></span> <span class='ocrx_word' id='word_1_65' title='bbox 1214 1019 1481 1085; x_wconf 87' lang='lat' dir='ltr'><strong>Spiritum</strong></span> <span class='ocrx_word' id='word_1_66' title='bbox 1517 1019 1712 1079; x_wconf 82' lang='lat' dir='ltr'><strong>Patris,</strong></span> <span class='ocrx_word' id='word_1_67' title='bbox 1745 1028 1798 1071; x_wconf 91' lang='lat' dir='ltr'><strong>et</strong></span> 
     </span>
    </p>
   </div>
   <div class='ocr_carea' id='block_1_11' title="bbox 216 1108 1795 1178">
    <p class='ocr_par' dir='ltr' id='par_1_11' title="bbox 216 1108 1795 1178">
     <span class='ocr_line' id='line_1_11' title="bbox 216 1108 1795 1178; baseline -0.001 -15"><span class='ocrx_word' id='word_1_68' title='bbox 216 1108 446 1163; x_wconf 82' lang='lat' dir='ltr'><strong>admista</strong></span> <span class='ocrx_word' id='word_1_69' title='bbox 491 1111 539 1162; x_wconf 88' lang='lat' dir='ltr'><strong>ei</strong></span> <span class='ocrx_word' id='word_1_70' title='bbox 580 1109 733 1162; x_wconf 84' lang='lat' dir='ltr'><strong>carni</strong></span> <span class='ocrx_word' id='word_1_71' title='bbox 766 1109 896 1176; x_wconf 78' lang='grc'>(55),</span> <span class='ocrx_word' id='word_1_72' title='bbox 937 1125 1053 1175; x_wconf 83' lang='lat' dir='ltr'><strong>quae</strong></span> <span class='ocrx_word' id='word_1_73' title='bbox 1083 1120 1167 1162; x_wconf 83' lang='lat' dir='ltr'><strong>est</strong></span> <span class='ocrx_word' id='word_1_74' title='bbox 1200 1110 1464 1178; x_wconf 79' lang='lat' dir='ltr'><strong>plasmata</strong></span> <span class='ocrx_word' id='word_1_75' title='bbox 1498 1110 1795 1164; x_wconf 88' lang='lat' dir='ltr'><strong>secundum</strong></span> 
     </span>
    </p>
   </div>
   <div class='ocr_carea' id='block_1_12' title="bbox 215 1198 1798 1269">
    <p class='ocr_par' dir='ltr' id='par_1_12' title="bbox 215 1198 1798 1269">
     <span class='ocr_line' id='line_1_12' title="bbox 215 1198 1798 1269; baseline -0.001 -16"><span class='ocrx_word' id='word_1_76' title='bbox 215 1199 505 1268; x_wconf 77' lang='lat' dir='ltr'><strong>imaginem</strong></span> <span class='ocrx_word' id='word_1_77' title='bbox 538 1200 650 1252; x_wconf 86' lang='lat' dir='ltr'><strong>Dei.</strong></span> <span class='ocrx_word' id='word_1_78' title='bbox 689 1198 911 1267; x_wconf 82' lang='lat' dir='ltr'><strong>Propter</strong></span> <span class='ocrx_word' id='word_1_79' title='bbox 941 1202 1082 1267; x_wconf 84' lang='lat' dir='ltr'><strong>quod</strong></span> <span class='ocrx_word' id='word_1_80' title='bbox 1111 1210 1166 1253; x_wconf 88' lang='lat' dir='ltr'><strong>et</strong></span> <span class='ocrx_word' id='word_1_81' title='bbox 1190 1201 1481 1269; x_wconf 82' lang='lat' dir='ltr'><strong>Apostolus</strong></span> <span class='ocrx_word' id='word_1_82' title='bbox 1505 1202 1617 1253; x_wconf 87' lang='lat' dir='ltr'><strong>ait:</strong></span> <span class='ocrx_word' id='word_1_83' title='bbox 1658 1218 1675 1251; x_wconf 78' lang='lat' dir='ltr'><strong>t</strong></span> <span class='ocrx_word' id='word_1_84' title='bbox 1705 1202 1798 1253; x_wconf 86' lang='lat' dir='ltr'><strong>Sa-</strong></span> 
     </span>
    </p>
   </div>
   <div class='ocr_carea' id='block_1_13' title="bbox 215 1289 1797 1360">
    <p class='ocr_par' dir='ltr' id='par_1_13' title="bbox 215 1289 1797 1360">
     <span class='ocr_line' id='line_1_13' title="bbox 215 1289 1797 1360; baseline 0.003 -20"><span class='ocrx_word' id='word_1_85' title='bbox 215 1289 477 1355; x_wconf 88' lang='lat' dir='ltr'><strong>pientiam</strong></span> <span class='ocrx_word' id='word_1_86' title='bbox 507 1289 780 1356; x_wconf 79' lang='lat' dir='ltr'><strong>loquimur</strong></span> <span class='ocrx_word' id='word_1_87' title='bbox 835 1290 976 1343; x_wconf 81' lang='lat' dir='ltr'><strong>inter</strong></span> <span class='ocrx_word' id='word_1_88' title='bbox 1020 1292 1290 1359; x_wconf 78' lang='lat' dir='ltr'><strong>perfectos</strong></span> <span class='ocrx_word' id='word_1_89' title='bbox 1320 1291 1400 1355; x_wconf 84' lang='lat'><strong>&quot;;</strong></span> <span class='ocrx_word' id='word_1_90' title='bbox 1466 1310 1482 1341; x_wconf 77' lang='grc' dir='ltr'><strong><em>ι</em></strong></span> <span class='ocrx_word' id='word_1_91' title='bbox 1522 1292 1797 1360; x_wconf 80' lang='lat' dir='ltr'><strong>perfectos</strong></span> 
     </span>
    </p>
   </div>
   <div class='ocr_carea' id='block_1_14' title="bbox 212 1381 1793 1451">
    <p class='ocr_par' dir='ltr' id='par_1_14' title="bbox 212 1381 1793 1451">
     <span class='ocr_line' id='line_1_14' title="bbox 212 1381 1793 1451; baseline 0.004 -21"><span class='ocrx_word' id='word_1_92' title='bbox 212 1381 401 1434; x_wconf 87' lang='lat' dir='ltr'><strong>dicens</strong></span> <span class='ocrx_word' id='word_1_93' title='bbox 432 1395 523 1435; x_wconf 88' lang='lat' dir='ltr'><strong>eos</strong></span> <span class='ocrx_word' id='word_1_94' title='bbox 560 1383 647 1449; x_wconf 89' lang='lat' dir='ltr'><strong>qui</strong></span> <span class='ocrx_word' id='word_1_95' title='bbox 688 1395 1048 1450; x_wconf 83' lang='lat' dir='ltr'><strong>perceperunt</strong></span> <span class='ocrx_word' id='word_1_96' title='bbox 1079 1382 1343 1451; x_wconf 83' lang='lat' dir='ltr'><strong>Spiritum</strong></span> <span class='ocrx_word' id='word_1_97' title='bbox 1385 1383 1499 1446; x_wconf 89' lang='lat' dir='ltr'><strong>Dei,</strong></span> <span class='ocrx_word' id='word_1_98' title='bbox 1539 1391 1591 1436; x_wconf 92' lang='lat' dir='ltr'><strong>et</strong></span> <span class='ocrx_word' id='word_1_99' title='bbox 1612 1384 1793 1445; x_wconf 81' lang='lat' dir='ltr'><strong>omni-</strong></span> 
     </span>
    </p>
   </div>
   <div class='ocr_carea' id='block_1_15' title="bbox 211 1471 1795 1543">
    <p class='ocr_par' dir='ltr' id='par_1_15' title="bbox 211 1471 1795 1543">
     <span class='ocr_line' id='line_1_15' title="bbox 211 1471 1795 1543; baseline 0.001 -17"><span class='ocrx_word' id='word_1_100' title='bbox 211 1471 312 1526; x_wconf 80' lang='lat' dir='ltr'><strong>bus</strong></span> <span class='ocrx_word' id='word_1_101' title='bbox 356 1472 552 1539; x_wconf 68' lang='lat' dir='ltr'><strong>linguis</strong></span> <span class='ocrx_word' id='word_1_102' title='bbox 586 1472 878 1540; x_wconf 82' lang='lat' dir='ltr'><strong>loquuntur</strong></span> <span class='ocrx_word' id='word_1_103' title='bbox 920 1488 1015 1542; x_wconf 70' lang='lat' dir='ltr'><strong>per</strong></span> <span class='ocrx_word' id='word_1_104' title='bbox 1050 1473 1319 1543; x_wconf 88' lang='lat' dir='ltr'><strong>Spiritum</strong></span> <span class='ocrx_word' id='word_1_105' title='bbox 1378 1474 1495 1538; x_wconf 82' lang='lat' dir='ltr'><strong>Dei,</strong></span> <span class='ocrx_word' id='word_1_106' title='bbox 1532 1474 1795 1542; x_wconf 87' lang='lat' dir='ltr'><strong>quemad-</strong></span> 
     </span>
    </p>
   </div>
   <div class='ocr_carea' id='block_1_16' title="bbox 210 1561 1044 1631">
    <p class='ocr_par' dir='ltr' id='par_1_16' title="bbox 210 1561 1044 1631">
     <span class='ocr_line' id='line_1_16' title="bbox 210 1561 1044 1631; baseline 0.001 -16"><span class='ocrx_word' id='word_1_107' title='bbox 210 1561 431 1615; x_wconf 80' lang='lat' dir='ltr'><strong>modum</strong></span> <span class='ocrx_word' id='word_1_108' title='bbox 470 1574 525 1616; x_wconf 90' lang='lat' dir='ltr'><strong>et</strong></span> <span class='ocrx_word' id='word_1_109' title='bbox 559 1564 673 1631; x_wconf 85' lang='lat' dir='ltr'><strong>ipse</strong></span> <span class='ocrx_word' id='word_1_110' title='bbox 706 1563 1044 1630; x_wconf 78' lang='lat' dir='ltr'><strong>loquebatur.</strong></span> 
     </span>
    </p>
   </div>
   <div class='ocr_carea' id='block_1_17' title="bbox 208 1650 1789 1724">
    <p class='ocr_par' dir='ltr' id='par_1_17' title="bbox 208 1650 1789 1724">
     <span class='ocr_line' id='line_1_17' title="bbox 208 1650 1789 1724; baseline 0.001 -19"><span class='ocrx_word' id='word_1_111' title='bbox 208 1650 410 1716; x_wconf 80' lang='grc' dir='ltr'><strong>Καθὼς</strong></span> <span class='ocrx_word' id='word_1_112' title='bbox 457 1654 551 1707; x_wconf 75' lang='grc' dir='ltr'><strong>καὶ</strong></span> <span class='ocrx_word' id='word_1_113' title='bbox 596 1653 806 1705; x_wconf 78' lang='grc' dir='ltr'>πολλῶν</span> <span class='ocrx_word' id='word_1_114' title='bbox 849 1653 959 1724; x_wconf 80' lang='grc'>(56)</span> <span class='ocrx_word' id='word_1_115' title='bbox 1036 1653 1507 1720; x_wconf 86' lang='lat' dir='ltr'><strong>Quemadmodum</strong></span> <span class='ocrx_word' id='word_1_116' title='bbox 1564 1664 1616 1708; x_wconf 89' lang='lat' dir='ltr'><strong>et</strong></span> <span class='ocrx_word' id='word_1_117' title='bbox 1648 1655 1789 1707; x_wconf 90' lang='lat' dir='ltr'><strong>mul-</strong></span> 
     </span>
    </p>
   </div>
   <div class='ocr_carea' id='block_1_18' title="bbox 209 1746 1789 1817">
    <p class='ocr_par' dir='ltr' id='par_1_18' title="bbox 209 1746 1789 1817">
     <span class='ocr_line' id='line_1_18' title="bbox 209 1746 1789 1817; baseline -0.001 -17"><span class='ocrx_word' id='word_1_118' title='bbox 209 1746 490 1817; x_wconf 77' lang='grc' dir='ltr'><strong>ἀκούομεν</strong></span> <span class='ocrx_word' id='word_1_119' title='bbox 525 1747 769 1813; x_wconf 73' lang='grc' dir='ltr'>ἀδελφῶν</span> <span class='ocrx_word' id='word_1_120' title='bbox 811 1749 867 1800; x_wconf 83' lang='grc' dir='ltr'><strong>ὲν</strong></span> <span class='ocrx_word' id='word_1_121' title='bbox 896 1748 962 1817; x_wconf 76' lang='grc' dir='ltr'><strong>τῇ</strong></span> <span class='ocrx_word' id='word_1_122' title='bbox 1039 1758 1122 1800; x_wconf 86' lang='lat' dir='ltr'><strong>tos</strong></span> <span class='ocrx_word' id='word_1_123' title='bbox 1152 1748 1461 1801; x_wconf 82' lang='lat' dir='ltr'><strong>audivimus</strong></span> <span class='ocrx_word' id='word_1_124' title='bbox 1514 1748 1711 1801; x_wconf 79' lang='lat' dir='ltr'><strong>fratres</strong></span> <span class='ocrx_word' id='word_1_125' title='bbox 1736 1749 1789 1800; x_wconf 88' lang='lat' dir='ltr'><strong>in</strong></span> 
     </span>
    </p>
   </div>
   <div class='ocr_carea' id='block_1_19' title="bbox 205 1837 1792 1911">
    <p class='ocr_par' dir='ltr' id='par_1_19' title="bbox 205 1837 1792 1911">
     <span class='ocr_line' id='line_1_19' title="bbox 205 1837 1792 1911; baseline 0 -18"><span class='ocrx_word' id='word_1_126' title='bbox 205 1840 964 1911; x_wconf 76' lang='grc' dir='ltr'><strong>Ἐκκλησὶᾳ,προφητικὰχα-</strong></span> <span class='ocrx_word' id='word_1_127' title='bbox 1039 1837 1283 1891; x_wconf 82' lang='lat' dir='ltr'><strong>Ecclesia</strong></span> <span class='ocrx_word' id='word_1_128' title='bbox 1308 1879 1321 1901; x_wconf 93' lang='lat'><strong>,</strong></span> <span class='ocrx_word' id='word_1_129' title='bbox 1352 1840 1667 1907; x_wconf 87' lang='lat' dir='ltr'><strong>prophetica</strong></span> <span class='ocrx_word' id='word_1_130' title='bbox 1695 1841 1792 1894; x_wconf 55' lang='lat' dir='ltr'><strong>haa</strong></span> 
     </span>
    </p>
   </div>
   <div class='ocr_carea' id='block_1_20' title="bbox 208 1929 1793 2006">
    <p class='ocr_par' dir='ltr' id='par_1_20' title="bbox 208 1929 1793 2006">
     <span class='ocr_line' id='line_1_20' title="bbox 208 1929 1793 2006; baseline -0.001 -21"><span class='ocrx_word' id='word_1_131' title='bbox 208 1934 450 2006; x_wconf 78' lang='grc' dir='ltr'>ρίσματα</span> <span class='ocrx_word' id='word_1_132' title='bbox 531 1936 798 2003; x_wconf 72' lang='grc' dir='ltr'><strong>ἐχόντων,</strong></span> <span class='ocrx_word' id='word_1_133' title='bbox 872 1936 964 1986; x_wconf 75' lang='grc' dir='ltr'><strong>καὶ</strong></span> <span class='ocrx_word' id='word_1_134' title='bbox 1039 1929 1231 1983; x_wconf 86' lang='lat' dir='ltr'><strong>bentes</strong></span> <span class='ocrx_word' id='word_1_135' title='bbox 1296 1931 1677 1995; x_wconf 80' lang='lat' dir='ltr'><strong>charismata,</strong></span> <span class='ocrx_word' id='word_1_136' title='bbox 1737 1940 1793 1984; x_wconf 89' lang='lat' dir='ltr'><strong>et</strong></span> 
     </span>
    </p>
   </div>
   <div class='ocr_carea' id='block_1_21' title="bbox 205 2022 1791 2089">
    <p class='ocr_par' dir='ltr' id='par_1_21' title="bbox 205 2022 1791 2089">
     <span class='ocr_line' id='line_1_21' title="bbox 205 2022 1791 2089; baseline 0.001 -12"><span class='ocrx_word' id='word_1_137' title='bbox 205 2025 573 2088; x_wconf 70' lang='grc' dir='ltr'><strong>παντθδαπαῖς</strong></span> <span class='ocrx_word' id='word_1_138' title='bbox 657 2024 960 2078; x_wconf 78' lang='grc' dir='ltr'><strong>λαλούντων</strong></span> <span class='ocrx_word' id='word_1_139' title='bbox 1036 2036 1133 2089; x_wconf 83' lang='lat' dir='ltr'><strong>per</strong></span> <span class='ocrx_word' id='word_1_140' title='bbox 1203 2022 1463 2089; x_wconf 82' lang='lat' dir='ltr'><strong>Spiritum</strong></span> <span class='ocrx_word' id='word_1_141' title='bbox 1522 2024 1791 2079; x_wconf 83' lang='lat' dir='ltr'><strong>universis</strong></span> 
     </span>
    </p>
   </div>
   <div class='ocr_carea' id='block_1_22' title="bbox 203 2110 1790 2185">
    <p class='ocr_par' dir='ltr' id='par_1_22' title="bbox 203 2110 1790 2185">
     <span class='ocr_line' id='line_1_22' title="bbox 203 2110 1790 2185; baseline 0.004 -23"><span class='ocrx_word' id='word_1_142' title='bbox 203 2115 288 2167; x_wconf 79' lang='grc' dir='ltr'><strong>διὰ</strong></span> <span class='ocrx_word' id='word_1_143' title='bbox 315 2116 410 2168; x_wconf 75' lang='grc' dir='ltr'><strong>τοῦ</strong></span> <span class='ocrx_word' id='word_1_144' title='bbox 436 2116 749 2185; x_wconf 60' lang='grc' dir='ltr'><strong>Πνεύμτος</strong></span> <span class='ocrx_word' id='word_1_145' title='bbox 794 2117 963 2183; x_wconf 76' lang='grc' dir='ltr'><strong>γιλώσ-</strong></span> <span class='ocrx_word' id='word_1_146' title='bbox 1034 2110 1236 2179; x_wconf 78' lang='lat' dir='ltr'><strong>linguis</strong></span> <span class='ocrx_word' id='word_1_147' title='bbox 1268 2112 1569 2181; x_wconf 84' lang='lat' dir='ltr'><strong>loquentes,</strong></span> <span class='ocrx_word' id='word_1_148' title='bbox 1597 2116 1790 2170; x_wconf 85' lang='lat' dir='ltr'><strong>etabs-</strong></span> 
     </span>
    </p>
   </div>
   <div class='ocr_carea' id='block_1_23' title="bbox 203 2205 1785 2278">
    <p class='ocr_par' dir='ltr' id='par_1_23' title="bbox 203 2205 1785 2278">
     <span class='ocr_line' id='line_1_23' title="bbox 203 2205 1785 2278; baseline 0.001 -20"><span class='ocrx_word' id='word_1_149' title='bbox 203 2222 345 2269; x_wconf 79' lang='grc' dir='ltr'><strong>σαις,</strong></span> <span class='ocrx_word' id='word_1_150' title='bbox 384 2209 478 2259; x_wconf 74' lang='grc' dir='ltr'>καὶ</span> <span class='ocrx_word' id='word_1_151' title='bbox 510 2212 579 2260; x_wconf 84' lang='grc' dir='ltr'><strong>τὰ</strong></span> <span class='ocrx_word' id='word_1_152' title='bbox 608 2208 816 2278; x_wconf 76' lang='grc' dir='ltr'><strong>κρύφια</strong></span> <span class='ocrx_word' id='word_1_153' title='bbox 854 2208 961 2263; x_wconf 82' lang='grc' dir='ltr'><strong>τῶν</strong></span> <span class='ocrx_word' id='word_1_154' title='bbox 1034 2217 1200 2257; x_wconf 79' lang='lat' dir='ltr'><strong>cousa</strong></span> <span class='ocrx_word' id='word_1_155' title='bbox 1246 2205 1527 2258; x_wconf 84' lang='lat' dir='ltr'><strong>hominum</strong></span> <span class='ocrx_word' id='word_1_156' title='bbox 1584 2208 1635 2259; x_wconf 90' lang='lat' dir='ltr'><strong>in</strong></span> <span class='ocrx_word' id='word_1_157' title='bbox 1668 2222 1785 2261; x_wconf 84' lang='lat' dir='ltr'><strong>ma-</strong></span> 
     </span>
    </p>
   </div>
   <div class='ocr_carea' id='block_1_24' title="bbox 201 2296 1786 2371">
    <p class='ocr_par' dir='ltr' id='par_1_24' title="bbox 201 2296 1786 2371">
     <span class='ocr_line' id='line_1_24' title="bbox 201 2296 1786 2371; baseline 0.003 -21"><span class='ocrx_word' id='word_1_158' title='bbox 201 2298 507 2368; x_wconf 76' lang='grc' dir='ltr'><strong>ἀνθρώπων</strong></span> <span class='ocrx_word' id='word_1_159' title='bbox 575 2302 650 2363; x_wconf 67' lang='grc' dir='ltr'><strong>εἰς</strong></span> <span class='ocrx_word' id='word_1_160' title='bbox 731 2302 957 2371; x_wconf 72' lang='grc' dir='ltr'><strong>φανερὸν</strong></span> <span class='ocrx_word' id='word_1_161' title='bbox 1032 2296 1285 2349; x_wconf 81' lang='lat' dir='ltr'><strong>nifestum</strong></span> <span class='ocrx_word' id='word_1_162' title='bbox 1328 2300 1693 2366; x_wconf 87' lang='lat' dir='ltr'><strong>producentes</strong></span> <span class='ocrx_word' id='word_1_163' title='bbox 1722 2301 1786 2354; x_wconf 88' lang='lat' dir='ltr'><strong>ad</strong></span> 
     </span>
    </p>
   </div>
   <div class='ocr_carea' id='block_1_25' title="bbox 200 2390 1785 2463">
    <p class='ocr_par' dir='ltr' id='par_1_25' title="bbox 200 2390 1785 2463">
     <span class='ocr_line' id='line_1_25' title="bbox 200 2390 1785 2463; baseline 0.004 -19"><span class='ocrx_word' id='word_1_164' title='bbox 200 2390 444 2457; x_wconf 76' lang='grc' dir='ltr'><strong>ἀγόντων</strong></span> <span class='ocrx_word' id='word_1_165' title='bbox 496 2391 586 2443; x_wconf 72' lang='grc' dir='ltr'><strong>ἐπὶ</strong></span> <span class='ocrx_word' id='word_1_166' title='bbox 619 2392 696 2462; x_wconf 81' lang='grc' dir='ltr'><strong>τῷ</strong></span> <span class='ocrx_word' id='word_1_167' title='bbox 744 2392 955 2461; x_wconf 73' lang='grc' dir='ltr'><strong>συμφέ-</strong></span> <span class='ocrx_word' id='word_1_168' title='bbox 1029 2390 1320 2444; x_wconf 78' lang='lat' dir='ltr'><strong>utilitatem</strong></span> <span class='ocrx_word' id='word_1_169' title='bbox 1350 2433 1365 2457; x_wconf 89' lang='lat'><strong>,</strong></span> <span class='ocrx_word' id='word_1_170' title='bbox 1414 2404 1468 2446; x_wconf 88' lang='lat' dir='ltr'><strong>et</strong></span> <span class='ocrx_word' id='word_1_171' title='bbox 1526 2396 1785 2463; x_wconf 78' lang='lat' dir='ltr'><strong>mysteria</strong></span> 
     </span>
    </p>
   </div>
   <div class='ocr_carea' id='block_1_26' title="bbox 208 2484 1499 2557">
    <p class='ocr_par' dir='ltr' id='par_1_26' title="bbox 208 2484 1499 2557">
     <span class='ocr_line' id='line_1_26' title="bbox 208 2484 1499 2557; baseline 0.005 -22"><span class='ocrx_word' id='word_1_172' title='bbox 208 2500 381 2554; x_wconf 76' lang='grc' dir='ltr'><strong>ροντι,</strong></span> <span class='ocrx_word' id='word_1_173' title='bbox 421 2485 513 2537; x_wconf 64' lang='grc' dir='ltr'><strong>καὶ</strong></span> <span class='ocrx_word' id='word_1_174' title='bbox 561 2486 626 2537; x_wconf 83' lang='grc' dir='ltr'><strong>τὰ</strong></span> <span class='ocrx_word' id='word_1_175' title='bbox 684 2486 958 2555; x_wconf 72' lang='grc' dir='ltr'><strong>μυστήρια.</strong></span> <span class='ocrx_word' id='word_1_176' title='bbox 1032 2484 1125 2538; x_wconf 86' lang='lat' dir='ltr'><strong>Dei</strong></span> <span class='ocrx_word' id='word_1_177' title='bbox 1157 2497 1499 2557; x_wconf 80' lang='lat' dir='ltr'><strong>enarrantes,</strong></span> 
     </span>
    </p>
   </div>
   <div class='ocr_carea' id='block_1_27' title="bbox 198 2574 952 2646">
    <p class='ocr_par' dir='ltr' id='par_1_27' title="bbox 198 2574 952 2646">
     <span class='ocr_line' id='line_1_27' title="bbox 198 2574 952 2646; baseline 0.004 -19"><span class='ocrx_word' id='word_1_178' title='bbox 198 2574 291 2627; x_wconf 75' lang='grc' dir='ltr'><strong>τοῦ</strong></span> <span class='ocrx_word' id='word_1_179' title='bbox 332 2574 469 2627; x_wconf 74' lang='grc' dir='ltr'><strong>Θεοῦ</strong></span> <span class='ocrx_word' id='word_1_180' title='bbox 497 2576 952 2646; x_wconf 73' lang='grc' dir='ltr'><strong>ἐκδιηγουμένωνο</strong></span> 
     </span>
    </p>
   </div>
   <div class='ocr_carea' id='block_1_28' title="bbox 200 2667 1785 2745">
    <p class='ocr_par' dir='ltr' id='par_1_28' title="bbox 200 2667 1785 2745">
     <span class='ocr_line' id='line_1_28' title="bbox 200 2667 1785 2745; baseline 0.011 -32"><span class='ocrx_word' id='word_1_181' title='bbox 200 2678 335 2730; x_wconf 84' lang='lat' dir='ltr'><strong>quos</strong></span> <span class='ocrx_word' id='word_1_182' title='bbox 367 2675 420 2718; x_wconf 90' lang='lat' dir='ltr'><strong>ct</strong></span> <span class='ocrx_word' id='word_1_183' title='bbox 443 2667 754 2735; x_wconf 82' lang='lat' dir='ltr'><strong>spirituales</strong></span> <span class='ocrx_word' id='word_1_184' title='bbox 771 2668 1063 2735; x_wconf 82' lang='lat' dir='ltr'><strong>Apostolus</strong></span> <span class='ocrx_word' id='word_1_185' title='bbox 1097 2679 1292 2727; x_wconf 88' lang='lat' dir='ltr'><strong>vocat:</strong></span> <span class='ocrx_word' id='word_1_186' title='bbox 1328 2674 1627 2729; x_wconf 83' lang='lat' dir='ltr'><strong>secundum</strong></span> <span class='ocrx_word' id='word_1_187' title='bbox 1661 2692 1785 2745; x_wconf 80' lang='lat' dir='ltr'><strong>par-</strong></span> 
     </span>
    </p>
   </div>
   <div class='ocr_carea' id='block_1_29' title="bbox 203 2754 1781 2833">
    <p class='ocr_par' dir='ltr' id='par_1_29' title="bbox 203 2754 1781 2833">
     <span class='ocr_line' id='line_1_29' title="bbox 203 2754 1781 2833; baseline 0.011 -26"><span class='ocrx_word' id='word_1_188' title='bbox 203 2754 576 2825; x_wconf 85' lang='lat' dir='ltr'><strong>ticipationem</strong></span> <span class='ocrx_word' id='word_1_189' title='bbox 624 2758 865 2825; x_wconf 83' lang='lat' dir='ltr'><strong>Spiritus</strong></span> <span class='ocrx_word' id='word_1_190' title='bbox 898 2761 1230 2815; x_wconf 81' lang='lat' dir='ltr'><strong>exsistentes</strong></span> <span class='ocrx_word' id='word_1_191' title='bbox 1270 2766 1589 2833; x_wconf 88' lang='lat' dir='ltr'><strong>spirituales</strong></span> <span class='ocrx_word' id='word_1_192' title='bbox 1616 2808 1631 2833; x_wconf 92' lang='lat'><strong>,</strong></span> <span class='ocrx_word' id='word_1_193' title='bbox 1686 2770 1781 2823; x_wconf 88' lang='lat' dir='ltr'><strong>sed</strong></span> 
     </span>
    </p>
   </div>
   <div class='ocr_carea' id='block_1_30' title="bbox 199 2848 1778 2925">
    <p class='ocr_par' dir='ltr' id='par_1_30' title="bbox 199 2848 1778 2925">
     <span class='ocr_line' id='line_1_30' title="bbox 199 2848 1778 2925; baseline 0.01 -27"><span class='ocrx_word' id='word_1_194' title='bbox 199 2860 306 2899; x_wconf 88' lang='lat' dir='ltr'><strong>non</strong></span> <span class='ocrx_word' id='word_1_195' title='bbox 355 2849 654 2901; x_wconf 78' lang='lat' dir='ltr'><strong>secundum</strong></span> <span class='ocrx_word' id='word_1_196' title='bbox 708 2848 1179 2906; x_wconf 86' lang='lat' dir='ltr'><strong>del&#39;raudationem</strong></span> <span class='ocrx_word' id='word_1_197' title='bbox 1212 2865 1269 2908; x_wconf 87' lang='lat' dir='ltr'><strong>et</strong></span> <span class='ocrx_word' id='word_1_198' title='bbox 1308 2856 1778 2925; x_wconf 83' lang='lat' dir='ltr'><strong>interceptiouem</strong></span> 
     </span>
    </p>
   </div>
   <div class='ocr_carea' id='block_1_31' title="bbox 196 2934 1779 3019">
    <p class='ocr_par' dir='ltr' id='par_1_31' title="bbox 196 2934 1779 3019">
     <span class='ocr_line' id='line_1_31' title="bbox 196 2934 1779 3019; baseline 0.012 -32"><span class='ocrx_word' id='word_1_199' title='bbox 196 2934 423 2997; x_wconf 83' lang='lat' dir='ltr'><strong>carnis,</strong></span> <span class='ocrx_word' id='word_1_200' title='bbox 476 2944 530 2989; x_wconf 88' lang='lat' dir='ltr'><strong>et</strong></span> <span class='ocrx_word' id='word_1_201' title='bbox 595 2938 736 2991; x_wconf 81' lang='lat' dir='ltr'><strong>unde</strong></span> <span class='ocrx_word' id='word_1_202' title='bbox 768 2938 869 2993; x_wconf 90' lang='lat' dir='ltr'><strong>hoc</strong></span> <span class='ocrx_word' id='word_1_203' title='bbox 920 2939 1096 3009; x_wconf 89' lang='lat' dir='ltr'><strong>ipsum</strong></span> <span class='ocrx_word' id='word_1_204' title='bbox 1149 2944 1323 2999; x_wconf 85' lang='lat' dir='ltr'><strong>solum</strong></span> <span class='ocrx_word' id='word_1_205' title='bbox 1378 2946 1511 3019; x_wconf 72' lang='lat'><strong>(3?).</strong></span> <span class='ocrx_word' id='word_1_206' title='bbox 1547 2950 1603 3004; x_wconf 88' lang='lat' dir='ltr'><strong>Si</strong></span> <span class='ocrx_word' id='word_1_207' title='bbox 1634 2953 1779 3005; x_wconf 91' lang='lat' dir='ltr'><strong>enim</strong></span> 
     </span>
    </p>
   </div>
   <div class='ocr_carea' id='block_1_32' title="bbox 195 3024 1773 3107">
    <p class='ocr_par' dir='ltr' id='par_1_32' title="bbox 195 3024 1773 3107">
     <span class='ocr_line' id='line_1_32' title="bbox 195 3024 1773 3107; baseline 0.013 -32"><span class='ocrx_word' id='word_1_208' title='bbox 195 3024 557 3083; x_wconf 76' lang='lat' dir='ltr'><strong>substantiam</strong></span> <span class='ocrx_word' id='word_1_209' title='bbox 593 3027 748 3080; x_wconf 80' lang='lat' dir='ltr'><strong>tollat</strong></span> <span class='ocrx_word' id='word_1_210' title='bbox 782 3029 980 3098; x_wconf 86' lang='lat' dir='ltr'><strong>aliquis</strong></span> <span class='ocrx_word' id='word_1_211' title='bbox 1017 3032 1217 3099; x_wconf 82' lang='lat' dir='ltr'><strong>curuis,</strong></span> <span class='ocrx_word' id='word_1_212' title='bbox 1256 3035 1307 3089; x_wconf 90' lang='lat' dir='ltr'><strong>id</strong></span> <span class='ocrx_word' id='word_1_213' title='bbox 1340 3046 1424 3091; x_wconf 86' lang='lat' dir='ltr'><strong>est</strong></span> <span class='ocrx_word' id='word_1_214' title='bbox 1473 3038 1773 3107; x_wconf 76' lang='lat' dir='ltr'><strong>plasmatis,</strong></span> 
     </span>
    </p>
   </div>
   <div class='ocr_carea' id='block_1_33' title="bbox 1904 568 3483 639">
    <p class='ocr_par' dir='ltr' id='par_1_33' title="bbox 1904 568 3483 639">
     <span class='ocr_line' id='line_1_33' title="bbox 1904 568 3483 639; baseline 0.001 -19"><span class='ocrx_word' id='word_1_215' title='bbox 1904 570 2102 623; x_wconf 65' lang='lat' dir='ltr'><strong>anima:</strong></span> <span class='ocrx_word' id='word_1_216' title='bbox 2134 569 2402 638; x_wconf 87' lang='lat' dir='ltr'><strong>Spiritus,</strong></span> <span class='ocrx_word' id='word_1_217' title='bbox 2436 569 2686 623; x_wconf 85' lang='lat' dir='ltr'><strong>animalis</strong></span> <span class='ocrx_word' id='word_1_218' title='bbox 2718 579 2799 622; x_wconf 88' lang='lat' dir='ltr'><strong>est</strong></span> <span class='ocrx_word' id='word_1_219' title='bbox 2834 583 2979 632; x_wconf 82' lang='lat' dir='ltr'><strong>vere,</strong></span> <span class='ocrx_word' id='word_1_220' title='bbox 3013 570 3103 639; x_wconf 86' lang='lat' dir='ltr'><strong>qui</strong></span> <span class='ocrx_word' id='word_1_221' title='bbox 3143 578 3224 621; x_wconf 86' lang='lat' dir='ltr'><strong>est</strong></span> <span class='ocrx_word' id='word_1_222' title='bbox 3253 568 3397 631; x_wconf 86' lang='lat' dir='ltr'><strong>talis,</strong></span> <span class='ocrx_word' id='word_1_223' title='bbox 3428 576 3483 621; x_wconf 79' lang='lat' dir='ltr'><strong>et</strong></span> 
     </span>
    </p>
   </div>
   <div class='ocr_carea' id='block_1_34' title="bbox 1903 658 3486 729">
    <p class='ocr_par' dir='ltr' id='par_1_34' title="bbox 1903 658 3486 729">
     <span class='ocr_line' id='line_1_34' title="bbox 1903 658 3486 729; baseline -0.004 -16"><span class='ocrx_word' id='word_1_224' title='bbox 1903 660 2138 713; x_wconf 82' lang='lat' dir='ltr'><strong>carnalis</strong></span> <span class='ocrx_word' id='word_1_225' title='bbox 2166 660 2463 713; x_wconf 89' lang='lat' dir='ltr'><strong>derelictus</strong></span> <span class='ocrx_word' id='word_1_226' title='bbox 2498 658 2854 729; x_wconf 77' lang='lat' dir='ltr'><strong>imperfectus</strong></span> <span class='ocrx_word' id='word_1_227' title='bbox 2875 661 3011 723; x_wconf 85' lang='lat' dir='ltr'><strong>erit;</strong></span> <span class='ocrx_word' id='word_1_228' title='bbox 3046 659 3335 728; x_wconf 79' lang='lat' dir='ltr'><strong>imaginem</strong></span> <span class='ocrx_word' id='word_1_229' title='bbox 3370 660 3486 727; x_wconf 80' lang='lat' dir='ltr'><strong>qui-</strong></span> 
     </span>
    </p>
   </div>
   <div class='ocr_carea' id='block_1_35' title="bbox 1902 748 3485 819">
    <p class='ocr_par' dir='ltr' id='par_1_35' title="bbox 1902 748 3485 819">
     <span class='ocr_line' id='line_1_35' title="bbox 1902 748 3485 819; baseline 0.001 -18"><span class='ocrx_word' id='word_1_230' title='bbox 1902 748 2025 803; x_wconf 90' lang='lat' dir='ltr'><strong>dem</strong></span> <span class='ocrx_word' id='word_1_231' title='bbox 2059 749 2269 803; x_wconf 85' lang='lat' dir='ltr'><strong>habens</strong></span> <span class='ocrx_word' id='word_1_232' title='bbox 2303 750 2353 801; x_wconf 93' lang='lat' dir='ltr'><strong>iu</strong></span> <span class='ocrx_word' id='word_1_233' title='bbox 2407 750 2674 819; x_wconf 83' lang='lat' dir='ltr'><strong>plasmate</strong></span> <span class='ocrx_word' id='word_1_234' title='bbox 2710 748 2842 819; x_wconf 82' lang='grc'>(59),</span> <span class='ocrx_word' id='word_1_235' title='bbox 2894 749 3312 803; x_wconf 86' lang='lat' dir='ltr'><strong>similitudinem</strong></span> <span class='ocrx_word' id='word_1_236' title='bbox 3354 763 3485 803; x_wconf 86' lang='lat' dir='ltr'><strong>vero</strong></span> 
     </span>
    </p>
   </div>
   <div class='ocr_carea' id='block_1_36' title="bbox 1903 838 3482 907">
    <p class='ocr_par' dir='ltr' id='par_1_36' title="bbox 1903 838 3482 907">
     <span class='ocr_line' id='line_1_36' title="bbox 1903 838 3482 907; baseline 0.001 -16"><span class='ocrx_word' id='word_1_237' title='bbox 1903 856 2007 892; x_wconf 87' lang='lat' dir='ltr'><strong>non</strong></span> <span class='ocrx_word' id='word_1_238' title='bbox 2042 855 2328 893; x_wconf 82' lang='lat' dir='ltr'><strong>assumens</strong></span> <span class='ocrx_word' id='word_1_239' title='bbox 2387 855 2482 907; x_wconf 91' lang='lat' dir='ltr'><strong>per</strong></span> <span class='ocrx_word' id='word_1_240' title='bbox 2516 841 2800 907; x_wconf 87' lang='lat' dir='ltr'><strong>Spiritum.</strong></span> <span class='ocrx_word' id='word_1_241' title='bbox 2836 838 2989 893; x_wconf 87' lang='lat' dir='ltr'><strong>Sicut</strong></span> <span class='ocrx_word' id='word_1_242' title='bbox 3027 851 3207 893; x_wconf 85' lang='lat' dir='ltr'><strong>autem</strong></span> <span class='ocrx_word' id='word_1_243' title='bbox 3238 840 3326 894; x_wconf 87' lang='lat' dir='ltr'><strong>hic</strong></span> <span class='ocrx_word' id='word_1_244' title='bbox 3377 840 3482 893; x_wconf 87' lang='lat' dir='ltr'><strong>im-</strong></span> 
     </span>
    </p>
   </div>
   <div class='ocr_carea' id='block_1_37' title="bbox 1903 928 3481 995">
    <p class='ocr_par' dir='ltr' id='par_1_37' title="bbox 1903 928 3481 995">
     <span class='ocr_line' id='line_1_37' title="bbox 1903 928 3481 995; baseline 0.001 -16"><span class='ocrx_word' id='word_1_245' title='bbox 1903 928 2177 995; x_wconf 80' lang='lat' dir='ltr'><strong>perfectus</strong></span> <span class='ocrx_word' id='word_1_246' title='bbox 2205 937 2316 991; x_wconf 88' lang='lat' dir='ltr'><strong>est;</strong></span> <span class='ocrx_word' id='word_1_247' title='bbox 2353 929 2434 982; x_wconf 87' lang='lat' dir='ltr'><strong>sic</strong></span> <span class='ocrx_word' id='word_1_248' title='bbox 2488 930 2683 981; x_wconf 87' lang='lat' dir='ltr'><strong>iterum</strong></span> <span class='ocrx_word' id='word_1_249' title='bbox 2732 929 2774 983; x_wconf 91' lang='lat' dir='ltr'><strong>si</strong></span> <span class='ocrx_word' id='word_1_250' title='bbox 2826 929 2951 995; x_wconf 86' lang='lat' dir='ltr'><strong>quis</strong></span> <span class='ocrx_word' id='word_1_251' title='bbox 2985 928 3481 995; x_wconf 76' lang='lat' dir='ltr'><strong>lollatimagincm,</strong></span> 
     </span>
    </p>
   </div>
   <div class='ocr_carea' id='block_1_38' title="bbox 1901 1019 3483 1088">
    <p class='ocr_par' dir='ltr' id='par_1_38' title="bbox 1901 1019 3483 1088">
     <span class='ocr_line' id='line_1_38' title="bbox 1901 1019 3483 1088; baseline 0.001 -17"><span class='ocrx_word' id='word_1_252' title='bbox 1901 1028 1955 1071; x_wconf 89' lang='lat' dir='ltr'><strong>et</strong></span> <span class='ocrx_word' id='word_1_253' title='bbox 2007 1029 2225 1087; x_wconf 88' lang='lat' dir='ltr'><strong>spernat</strong></span> <span class='ocrx_word' id='word_1_254' title='bbox 2281 1019 2484 1086; x_wconf 80' lang='lat' dir='ltr'><strong>plasma</strong></span> <span class='ocrx_word' id='word_1_255' title='bbox 2514 1062 2528 1084; x_wconf 93' lang='lat'><strong>,</strong></span> <span class='ocrx_word' id='word_1_256' title='bbox 2560 1020 2672 1088; x_wconf 83' lang='lat' dir='ltr'><strong>jam</strong></span> <span class='ocrx_word' id='word_1_257' title='bbox 2708 1036 2813 1074; x_wconf 89' lang='lat' dir='ltr'><strong>non</strong></span> <span class='ocrx_word' id='word_1_258' title='bbox 2856 1021 3131 1074; x_wconf 84' lang='lat' dir='ltr'><strong>hominem</strong></span> <span class='ocrx_word' id='word_1_259' title='bbox 3184 1019 3483 1087; x_wconf 79' lang='lat' dir='ltr'><strong>intelligere</strong></span> 
     </span>
    </p>
   </div>
   <div class='ocr_carea' id='block_1_39' title="bbox 1901 1111 3483 1179">
    <p class='ocr_par' dir='ltr' id='par_1_39' title="bbox 1901 1111 3483 1179">
     <span class='ocr_line' id='line_1_39' title="bbox 1901 1111 3483 1179; baseline 0.001 -18"><span class='ocrx_word' id='word_1_260' title='bbox 1901 1120 2099 1177; x_wconf 90' lang='lat' dir='ltr'><strong>potest,</strong></span> <span class='ocrx_word' id='word_1_261' title='bbox 2133 1111 2227 1163; x_wconf 86' lang='lat' dir='ltr'><strong>sed</strong></span> <span class='ocrx_word' id='word_1_262' title='bbox 2257 1120 2352 1163; x_wconf 84' lang='lat' dir='ltr'><strong>aut</strong></span> <span class='ocrx_word' id='word_1_263' title='bbox 2392 1120 2599 1179; x_wconf 88' lang='lat' dir='ltr'><strong>partem</strong></span> <span class='ocrx_word' id='word_1_264' title='bbox 2631 1112 2865 1179; x_wconf 87' lang='lat' dir='ltr'><strong>aliquam</strong></span> <span class='ocrx_word' id='word_1_265' title='bbox 2908 1111 3163 1175; x_wconf 82' lang='lat' dir='ltr'><strong>hominis,</strong></span> <span class='ocrx_word' id='word_1_266' title='bbox 3218 1111 3483 1179; x_wconf 58' lang='lat' dir='ltr'><strong>quemadc</strong></span> 
     </span>
    </p>
   </div>
   <div class='ocr_carea' id='block_1_40' title="bbox 1902 1201 3479 1271">
    <p class='ocr_par' dir='ltr' id='par_1_40' title="bbox 1902 1201 3479 1271">
     <span class='ocr_line' id='line_1_40' title="bbox 1902 1201 3479 1271; baseline 0.001 -17"><span class='ocrx_word' id='word_1_267' title='bbox 1902 1203 2122 1254; x_wconf 79' lang='lat' dir='ltr'><strong>modum</strong></span> <span class='ocrx_word' id='word_1_268' title='bbox 2153 1201 2527 1271; x_wconf 63' lang='lat' dir='ltr'><strong>pra-diximus,</strong></span> <span class='ocrx_word' id='word_1_269' title='bbox 2556 1201 2641 1255; x_wconf 89' lang='lat' dir='ltr'><strong>vel</strong></span> <span class='ocrx_word' id='word_1_270' title='bbox 2695 1202 2845 1255; x_wconf 90' lang='lat' dir='ltr'><strong>aliud</strong></span> <span class='ocrx_word' id='word_1_271' title='bbox 2891 1202 3095 1270; x_wconf 79' lang='lat' dir='ltr'><strong>aliquid</strong></span> <span class='ocrx_word' id='word_1_272' title='bbox 3144 1213 3343 1269; x_wconf 71' lang='lat' dir='ltr'><strong>prmter</strong></span> <span class='ocrx_word' id='word_1_273' title='bbox 3380 1203 3479 1255; x_wconf 86' lang='lat' dir='ltr'><strong>ho-</strong></span> 
     </span>
    </p>
   </div>
   <div class='ocr_carea' id='block_1_41' title="bbox 1902 1292 3481 1363">
    <p class='ocr_par' dir='ltr' id='par_1_41' title="bbox 1902 1292 3481 1363">
     <span class='ocr_line' id='line_1_41' title="bbox 1902 1292 3481 1363; baseline 0 -18"><span class='ocrx_word' id='word_1_274' title='bbox 1902 1294 2126 1346; x_wconf 88' lang='lat' dir='ltr'><strong>minem.</strong></span> <span class='ocrx_word' id='word_1_275' title='bbox 2181 1292 2366 1361; x_wconf 82' lang='lat' dir='ltr'><strong>Neqne</strong></span> <span class='ocrx_word' id='word_1_276' title='bbox 2400 1296 2545 1348; x_wconf 90' lang='lat' dir='ltr'><strong>enim</strong></span> <span class='ocrx_word' id='word_1_277' title='bbox 2595 1293 2887 1363; x_wconf 84' lang='lat' dir='ltr'><strong>plasmatio</strong></span> <span class='ocrx_word' id='word_1_278' title='bbox 2917 1293 3105 1347; x_wconf 85' lang='lat' dir='ltr'><strong>carnis</strong></span> <span class='ocrx_word' id='word_1_279' title='bbox 3140 1293 3251 1361; x_wconf 88' lang='lat' dir='ltr'><strong>ipsa</strong></span> <span class='ocrx_word' id='word_1_280' title='bbox 3287 1307 3481 1347; x_wconf 85' lang='lat' dir='ltr'><strong>secun—</strong></span> 
     </span>
    </p>
   </div>
   <div class='ocr_carea' id='block_1_42' title="bbox 1900 1384 3479 1454">
    <p class='ocr_par' dir='ltr' id='par_1_42' title="bbox 1900 1384 3479 1454">
     <span class='ocr_line' id='line_1_42' title="bbox 1900 1384 3479 1454; baseline 0.001 -19"><span class='ocrx_word' id='word_1_281' title='bbox 1900 1384 2026 1436; x_wconf 88' lang='lat' dir='ltr'><strong>dum</strong></span> <span class='ocrx_word' id='word_1_282' title='bbox 2082 1399 2140 1437; x_wconf 89' lang='lat' dir='ltr'><strong>sc</strong></span> <span class='ocrx_word' id='word_1_283' title='bbox 2174 1385 2338 1440; x_wconf 86' lang='lat' dir='ltr'><strong>horno</strong></span> <span class='ocrx_word' id='word_1_284' title='bbox 2368 1384 2641 1453; x_wconf 80' lang='lat' dir='ltr'><strong>perfectus</strong></span> <span class='ocrx_word' id='word_1_285' title='bbox 2693 1396 2809 1449; x_wconf 85' lang='lat' dir='ltr'><strong>est;</strong></span> <span class='ocrx_word' id='word_1_286' title='bbox 2860 1386 2952 1441; x_wconf 88' lang='lat' dir='ltr'><strong>sed</strong></span> <span class='ocrx_word' id='word_1_287' title='bbox 2985 1401 3184 1454; x_wconf 81' lang='lat' dir='ltr'><strong>corpus</strong></span> <span class='ocrx_word' id='word_1_288' title='bbox 3219 1385 3479 1448; x_wconf 85' lang='lat' dir='ltr'><strong>hominis,</strong></span> 
     </span>
    </p>
   </div>
   <div class='ocr_carea' id='block_1_43' title="bbox 1898 1476 3479 1545">
    <p class='ocr_par' dir='ltr' id='par_1_43' title="bbox 1898 1476 3479 1545">
     <span class='ocr_line' id='line_1_43' title="bbox 1898 1476 3479 1545; baseline -0.001 -17"><span class='ocrx_word' id='word_1_289' title='bbox 1898 1484 1953 1528; x_wconf 89' lang='lat' dir='ltr'><strong>et</strong></span> <span class='ocrx_word' id='word_1_290' title='bbox 1985 1490 2111 1543; x_wconf 86' lang='lat' dir='ltr'><strong>pars</strong></span> <span class='ocrx_word' id='word_1_291' title='bbox 2135 1476 2393 1529; x_wconf 88' lang='lat' dir='ltr'><strong>hominis.</strong></span> <span class='ocrx_word' id='word_1_292' title='bbox 2427 1476 2612 1544; x_wconf 82' lang='lat' dir='ltr'><strong>Neque</strong></span> <span class='ocrx_word' id='word_1_293' title='bbox 2644 1478 2788 1530; x_wconf 84' lang='lat' dir='ltr'><strong>enim</strong></span> <span class='ocrx_word' id='word_1_294' title='bbox 2832 1487 2887 1531; x_wconf 88' lang='lat' dir='ltr'><strong>et</strong></span> <span class='ocrx_word' id='word_1_295' title='bbox 2925 1478 3103 1531; x_wconf 88' lang='lat' dir='ltr'><strong>anima</strong></span> <span class='ocrx_word' id='word_1_296' title='bbox 3142 1477 3252 1545; x_wconf 88' lang='lat' dir='ltr'><strong>ipsa</strong></span> <span class='ocrx_word' id='word_1_297' title='bbox 3284 1490 3479 1529; x_wconf 62' lang='lat' dir='ltr'><strong>secum</strong></span> 
     </span>
    </p>
   </div>
   <div class='ocr_carea' id='block_1_44' title="bbox 1898 1567 3481 1636">
    <p class='ocr_par' dir='ltr' id='par_1_44' title="bbox 1898 1567 3481 1636">
     <span class='ocr_line' id='line_1_44' title="bbox 1898 1567 3481 1636; baseline -0.002 -16"><span class='ocrx_word' id='word_1_298' title='bbox 1898 1568 2022 1620; x_wconf 87' lang='lat' dir='ltr'><strong>dum</strong></span> <span class='ocrx_word' id='word_1_299' title='bbox 2057 1582 2114 1621; x_wconf 83' lang='lat' dir='ltr'><strong>se</strong></span> <span class='ocrx_word' id='word_1_300' title='bbox 2140 1568 2335 1634; x_wconf 90' lang='lat' dir='ltr'><strong>homo;</strong></span> <span class='ocrx_word' id='word_1_301' title='bbox 2366 1569 2460 1621; x_wconf 87' lang='lat' dir='ltr'><strong>sed</strong></span> <span class='ocrx_word' id='word_1_302' title='bbox 2492 1569 2675 1621; x_wconf 87' lang='lat' dir='ltr'><strong>anima</strong></span> <span class='ocrx_word' id='word_1_303' title='bbox 2700 1569 2955 1631; x_wconf 88' lang='lat' dir='ltr'><strong>hominis,</strong></span> <span class='ocrx_word' id='word_1_304' title='bbox 2987 1577 3041 1621; x_wconf 90' lang='lat' dir='ltr'><strong>et</strong></span> <span class='ocrx_word' id='word_1_305' title='bbox 3065 1583 3189 1636; x_wconf 89' lang='lat' dir='ltr'><strong>pars</strong></span> <span class='ocrx_word' id='word_1_306' title='bbox 3220 1567 3481 1622; x_wconf 88' lang='lat' dir='ltr'><strong>hominis.</strong></span> 
     </span>
    </p>
   </div>
   <div class='ocr_carea' id='block_1_45' title="bbox 1898 1658 3483 1728">
    <p class='ocr_par' dir='ltr' id='par_1_45' title="bbox 1898 1658 3483 1728">
     <span class='ocr_line' id='line_1_45' title="bbox 1898 1658 3483 1728; baseline -0.001 -16"><span class='ocrx_word' id='word_1_307' title='bbox 1898 1658 2084 1727; x_wconf 85' lang='lat' dir='ltr'><strong>Neque</strong></span> <span class='ocrx_word' id='word_1_308' title='bbox 2115 1660 2352 1728; x_wconf 89' lang='lat' dir='ltr'><strong>Spiritus</strong></span> <span class='ocrx_word' id='word_1_309' title='bbox 2384 1660 2544 1713; x_wconf 88' lang='lat' dir='ltr'><strong>homo</strong></span> <span class='ocrx_word' id='word_1_310' title='bbox 2571 1678 2583 1713; x_wconf 89' lang='lat'>:</span> <span class='ocrx_word' id='word_1_311' title='bbox 2619 1660 2863 1727; x_wconf 86' lang='lat' dir='ltr'><strong>Spiritus</strong></span> <span class='ocrx_word' id='word_1_312' title='bbox 2897 1660 3155 1723; x_wconf 56' lang='lat' dir='ltr'><strong>enim,et</strong></span> <span class='ocrx_word' id='word_1_313' title='bbox 3187 1674 3291 1711; x_wconf 90' lang='lat' dir='ltr'><strong>non</strong></span> <span class='ocrx_word' id='word_1_314' title='bbox 3318 1658 3483 1711; x_wconf 89' lang='lat' dir='ltr'><strong>homo</strong></span> 
     </span>
    </p>
   </div>
   <div class='ocr_carea' id='block_1_46' title="bbox 1897 1750 3479 1805">
    <p class='ocr_par' dir='ltr' id='par_1_46' title="bbox 1897 1750 3479 1805">
     <span class='ocr_line' id='line_1_46' title="bbox 1897 1750 3479 1805; baseline -0.001 -2"><span class='ocrx_word' id='word_1_315' title='bbox 1897 1760 2146 1805; x_wconf 73' lang='lat' dir='ltr'><strong>voeatur.</strong></span> <span class='ocrx_word' id='word_1_316' title='bbox 2201 1750 2524 1805; x_wconf 89' lang='lat' dir='ltr'><strong>Commistio</strong></span> <span class='ocrx_word' id='word_1_317' title='bbox 2582 1762 2761 1805; x_wconf 85' lang='lat' dir='ltr'><strong>autem</strong></span> <span class='ocrx_word' id='word_1_318' title='bbox 2805 1760 2863 1803; x_wconf 89' lang='lat' dir='ltr'><strong>et</strong></span> <span class='ocrx_word' id='word_1_319' title='bbox 2907 1750 3079 1803; x_wconf 87' lang='lat' dir='ltr'><strong>unitio</strong></span> <span class='ocrx_word' id='word_1_320' title='bbox 3125 1750 3314 1803; x_wconf 87' lang='lat' dir='ltr'><strong>horum</strong></span> <span class='ocrx_word' id='word_1_321' title='bbox 3358 1764 3479 1801; x_wconf 91' lang='lat' dir='ltr'><strong>om-</strong></span> 
     </span>
    </p>
   </div>
   <div class='ocr_carea' id='block_1_47' title="bbox 1898 1839 3479 1911">
    <p class='ocr_par' dir='ltr' id='par_1_47' title="bbox 1898 1839 3479 1911">
     <span class='ocr_line' id='line_1_47' title="bbox 1898 1839 3479 1911; baseline -0.001 -17"><span class='ocrx_word' id='word_1_322' title='bbox 1898 1842 2070 1907; x_wconf 86' lang='lat' dir='ltr'><strong>nium,</strong></span> <span class='ocrx_word' id='word_1_323' title='bbox 2101 1843 2402 1911; x_wconf 79' lang='lat' dir='ltr'><strong>perfectum</strong></span> <span class='ocrx_word' id='word_1_324' title='bbox 2434 1842 2713 1897; x_wconf 89' lang='lat' dir='ltr'><strong>hominem</strong></span> <span class='ocrx_word' id='word_1_325' title='bbox 2771 1840 2937 1895; x_wconf 76' lang='lat' dir='ltr'><strong>eﬂicit</strong></span> <span class='ocrx_word' id='word_1_326' title='bbox 2968 1840 3104 1909; x_wconf 73' lang='grc'>(40).</span> <span class='ocrx_word' id='word_1_327' title='bbox 3142 1839 3205 1893; x_wconf 88' lang='lat' dir='ltr'><strong>Et</strong></span> <span class='ocrx_word' id='word_1_328' title='bbox 3254 1848 3479 1907; x_wconf 86' lang='lat' dir='ltr'><strong>propter</strong></span> 
     </span>
    </p>
   </div>
   <div class='ocr_carea' id='block_1_48' title="bbox 1895 1932 3477 2003">
    <p class='ocr_par' dir='ltr' id='par_1_48' title="bbox 1895 1932 3477 2003">
     <span class='ocr_line' id='line_1_48' title="bbox 1895 1932 3477 2003; baseline -0.002 -17"><span class='ocrx_word' id='word_1_329' title='bbox 1895 1934 1997 1987; x_wconf 91' lang='lat' dir='ltr'><strong>hoc</strong></span> <span class='ocrx_word' id='word_1_330' title='bbox 2029 1933 2321 2001; x_wconf 88' lang='lat' dir='ltr'><strong>Apostolus</strong></span> <span class='ocrx_word' id='word_1_331' title='bbox 2375 1934 2616 2003; x_wconf 87' lang='lat' dir='ltr'><strong>seipsum</strong></span> <span class='ocrx_word' id='word_1_332' title='bbox 2668 1948 2967 2001; x_wconf 79' lang='lat' dir='ltr'><strong>exponens,</strong></span> <span class='ocrx_word' id='word_1_333' title='bbox 3005 1932 3318 1998; x_wconf 80' lang='lat' dir='ltr'><strong>explanavit</strong></span> <span class='ocrx_word' id='word_1_334' title='bbox 3350 1946 3477 2000; x_wconf 87' lang='lat' dir='ltr'><strong>per-</strong></span> 
     </span>
    </p>
   </div>
   <div class='ocr_carea' id='block_1_49' title="bbox 1892 2020 3477 2092">
    <p class='ocr_par' dir='ltr' id='par_1_49' title="bbox 1892 2020 3477 2092">
     <span class='ocr_line' id='line_1_49' title="bbox 1892 2020 3477 2092; baseline 0 -17"><span class='ocrx_word' id='word_1_335' title='bbox 1892 2020 2092 2076; x_wconf 81' lang='lat' dir='ltr'><strong>fectum</strong></span> <span class='ocrx_word' id='word_1_336' title='bbox 2119 2032 2171 2077; x_wconf 90' lang='lat' dir='ltr'><strong>et</strong></span> <span class='ocrx_word' id='word_1_337' title='bbox 2202 2025 2542 2092; x_wconf 83' lang='lat' dir='ltr'><strong>Spiritualem</strong></span> <span class='ocrx_word' id='word_1_338' title='bbox 2572 2023 2768 2078; x_wconf 83' lang='lat' dir='ltr'><strong>salutis</strong></span> <span class='ocrx_word' id='word_1_339' title='bbox 2797 2024 3070 2078; x_wconf 90' lang='lat' dir='ltr'><strong>hominem</strong></span> <span class='ocrx_word' id='word_1_340' title='bbox 3095 2022 3229 2092; x_wconf 64' lang='lat' dir='ltr'><strong>(tl),</strong></span> <span class='ocrx_word' id='word_1_341' title='bbox 3266 2023 3318 2077; x_wconf 91' lang='lat' dir='ltr'><strong>iu</strong></span> <span class='ocrx_word' id='word_1_342' title='bbox 3361 2024 3477 2091; x_wconf 89' lang='lat' dir='ltr'><strong>pri-</strong></span> 
     </span>
    </p>
   </div>
   <div class='ocr_carea' id='block_1_50' title="bbox 1892 2114 3477 2186">
    <p class='ocr_par' dir='ltr' id='par_1_50' title="bbox 1892 2114 3477 2186">
     <span class='ocr_line' id='line_1_50' title="bbox 1892 2114 3477 2186; baseline 0.001 -20"><span class='ocrx_word' id='word_1_343' title='bbox 1892 2128 1979 2167; x_wconf 88' lang='lat' dir='ltr'><strong>ma</strong></span> <span class='ocrx_word' id='word_1_344' title='bbox 2032 2114 2271 2182; x_wconf 89' lang='lat' dir='ltr'><strong>Epistola</strong></span> <span class='ocrx_word' id='word_1_345' title='bbox 2335 2117 2401 2171; x_wconf 86' lang='lat' dir='ltr'><strong>ad</strong></span> <span class='ocrx_word' id='word_1_346' title='bbox 2459 2117 2624 2186; x_wconf 83' lang='lat'><strong>300</strong></span> <span class='ocrx_word' id='word_1_347' title='bbox 2689 2114 3211 2169; x_wconf 67' lang='lat' dir='ltr'><strong>Thessalonice-uses</strong></span> <span class='ocrx_word' id='word_1_348' title='bbox 3288 2114 3477 2168; x_wconf 89' lang='lat' dir='ltr'><strong>dicens</strong></span> 
     </span>
    </p>
   </div>
   <div class='ocr_carea' id='block_1_51' title="bbox 1891 2203 3473 2274">
    <p class='ocr_par' dir='ltr' id='par_1_51' title="bbox 1891 2203 3473 2274">
     <span class='ocr_line' id='line_1_51' title="bbox 1891 2203 3473 2274; baseline -0.001 -17"><span class='ocrx_word' id='word_1_349' title='bbox 1891 2203 1971 2257; x_wconf 85' lang='lat' dir='ltr'><strong>sic</strong></span> <span class='ocrx_word' id='word_1_350' title='bbox 1999 2203 2116 2274; x_wconf 71' lang='grc'>(42)</span> <span class='ocrx_word' id='word_1_351' title='bbox 2149 2222 2162 2258; x_wconf 93' lang='lat'><strong>:</strong></span> <span class='ocrx_word' id='word_1_352' title='bbox 2202 2222 2219 2255; x_wconf 75' lang='grc' dir='ltr'><strong>ε</strong></span> <span class='ocrx_word' id='word_1_353' title='bbox 2259 2204 2401 2259; x_wconf 88' lang='lat' dir='ltr'><strong>Deus</strong></span> <span class='ocrx_word' id='word_1_354' title='bbox 2444 2218 2625 2258; x_wconf 87' lang='lat' dir='ltr'><strong>autem</strong></span> <span class='ocrx_word' id='word_1_355' title='bbox 2664 2206 2814 2273; x_wconf 83' lang='lat' dir='ltr'><strong>pacis</strong></span> <span class='ocrx_word' id='word_1_356' title='bbox 2864 2203 3172 2258; x_wconf 86' lang='lat' dir='ltr'><strong>sanctiiicet</strong></span> <span class='ocrx_word' id='word_1_357' title='bbox 3214 2218 3309 2257; x_wconf 88' lang='lat' dir='ltr'><strong>vos</strong></span> <span class='ocrx_word' id='word_1_358' title='bbox 3347 2218 3473 2270; x_wconf 84' lang='lat' dir='ltr'><strong>per-</strong></span> 
     </span>
    </p>
   </div>
   <div class='ocr_carea' id='block_1_52' title="bbox 1892 2294 3475 2368">
    <p class='ocr_par' dir='ltr' id='par_1_52' title="bbox 1892 2294 3475 2368">
     <span class='ocr_line' id='line_1_52' title="bbox 1892 2294 3475 2368; baseline 0 -19"><span class='ocrx_word' id='word_1_359' title='bbox 1892 2294 2085 2361; x_wconf 82' lang='lat' dir='ltr'><strong>fectos,</strong></span> <span class='ocrx_word' id='word_1_360' title='bbox 2118 2306 2173 2350; x_wconf 88' lang='lat' dir='ltr'><strong>et</strong></span> <span class='ocrx_word' id='word_1_361' title='bbox 2206 2298 2417 2365; x_wconf 84' lang='lat' dir='ltr'><strong>integer</strong></span> <span class='ocrx_word' id='word_1_362' title='bbox 2447 2294 2583 2368; x_wconf 66' lang='lat'><strong>(42‘)</strong></span> <span class='ocrx_word' id='word_1_363' title='bbox 2612 2308 2793 2351; x_wconf 87' lang='lat' dir='ltr'><strong>vester</strong></span> <span class='ocrx_word' id='word_1_364' title='bbox 2825 2297 3071 2365; x_wconf 89' lang='lat' dir='ltr'><strong>spiritus,</strong></span> <span class='ocrx_word' id='word_1_365' title='bbox 3100 2305 3154 2350; x_wconf 89' lang='lat' dir='ltr'><strong>et</strong></span> <span class='ocrx_word' id='word_1_366' title='bbox 3182 2296 3383 2360; x_wconf 87' lang='lat' dir='ltr'><strong>anima,</strong></span> <span class='ocrx_word' id='word_1_367' title='bbox 3421 2306 3475 2349; x_wconf 90' lang='lat' dir='ltr'><strong>et</strong></span> 
     </span>
    </p>
   </div>
   <div class='ocr_carea' id='block_1_53' title="bbox 1888 2387 3470 2458">
    <p class='ocr_par' dir='ltr' id='par_1_53' title="bbox 1888 2387 3470 2458">
     <span class='ocr_line' id='line_1_53' title="bbox 1888 2387 3470 2458; baseline -0.002 -16"><span class='ocrx_word' id='word_1_368' title='bbox 1888 2398 2083 2457; x_wconf 55' lang='lat' dir='ltr'><strong>corpus</strong></span> <span class='ocrx_word' id='word_1_369' title='bbox 2118 2389 2237 2443; x_wconf 87' lang='lat' dir='ltr'><strong>sine</strong></span> <span class='ocrx_word' id='word_1_370' title='bbox 2268 2390 2486 2458; x_wconf 76' lang='lat' dir='ltr'><strong>querela</strong></span> <span class='ocrx_word' id='word_1_371' title='bbox 2536 2390 2589 2441; x_wconf 91' lang='lat' dir='ltr'><strong>in</strong></span> <span class='ocrx_word' id='word_1_372' title='bbox 2625 2390 2917 2443; x_wconf 86' lang='lat' dir='ltr'><strong>adventqu</strong></span> <span class='ocrx_word' id='word_1_373' title='bbox 2948 2389 3060 2458; x_wconf 64' lang='lat'><strong>(43)</strong></span> <span class='ocrx_word' id='word_1_374' title='bbox 3094 2388 3307 2442; x_wconf 90' lang='lat' dir='ltr'><strong>Domini</strong></span> <span class='ocrx_word' id='word_1_375' title='bbox 3346 2387 3470 2441; x_wconf 84' lang='lat' dir='ltr'><strong>Jcsu</strong></span> 
     </span>
    </p>
   </div>
   <div class='ocr_carea' id='block_1_54' title="bbox 1887 2477 3474 2549">
    <p class='ocr_par' dir='ltr' id='par_1_54' title="bbox 1887 2477 3474 2549">
     <span class='ocr_line' id='line_1_54' title="bbox 1887 2477 3474 2549; baseline -0.002 -17"><span class='ocrx_word' id='word_1_376' title='bbox 1887 2477 2087 2533; x_wconf 88' lang='lat' dir='ltr'><strong>Christi</strong></span> <span class='ocrx_word' id='word_1_377' title='bbox 2126 2492 2377 2533; x_wconf 75' lang='lat' dir='ltr'><strong>servetur</strong></span> <span class='ocrx_word' id='word_1_378' title='bbox 2401 2481 2465 2531; x_wconf 72' lang='grc'><strong>⁷⁸.</strong></span> <span class='ocrx_word' id='word_1_379' title='bbox 2501 2500 2519 2532; x_wconf 73' lang='grc' dir='ltr'><strong><em>ι</em></strong></span> <span class='ocrx_word' id='word_1_380' title='bbox 2560 2479 2626 2534; x_wconf 82' lang='lat' dir='ltr'><strong>Et</strong></span> <span class='ocrx_word' id='word_1_381' title='bbox 2682 2496 2845 2549; x_wconf 89' lang='lat' dir='ltr'><strong>quam</strong></span> <span class='ocrx_word' id='word_1_382' title='bbox 2898 2481 3087 2547; x_wconf 88' lang='lat' dir='ltr'><strong>utique</strong></span> <span class='ocrx_word' id='word_1_383' title='bbox 3118 2494 3339 2532; x_wconf 84' lang='lat' dir='ltr'><strong>causam</strong></span> <span class='ocrx_word' id='word_1_384' title='bbox 3377 2479 3474 2531; x_wconf 87' lang='lat' dir='ltr'><strong>ha-</strong></span> 
     </span>
    </p>
   </div>
   <div class='ocr_carea' id='block_1_55' title="bbox 1887 2570 3473 2638">
    <p class='ocr_par' dir='ltr' id='par_1_55' title="bbox 1887 2570 3473 2638">
     <span class='ocr_line' id='line_1_55' title="bbox 1887 2570 3473 2638; baseline -0.002 -14"><span class='ocrx_word' id='word_1_385' title='bbox 1887 2570 2048 2625; x_wconf 87' lang='lat' dir='ltr'><strong>bebat</strong></span> <span class='ocrx_word' id='word_1_386' title='bbox 2083 2571 2167 2624; x_wconf 90' lang='lat' dir='ltr'><strong>his</strong></span> <span class='ocrx_word' id='word_1_387' title='bbox 2199 2571 2391 2635; x_wconf 89' lang='lat' dir='ltr'><strong>tribus,</strong></span> <span class='ocrx_word' id='word_1_388' title='bbox 2434 2571 2483 2623; x_wconf 89' lang='lat' dir='ltr'><strong>id</strong></span> <span class='ocrx_word' id='word_1_389' title='bbox 2511 2580 2593 2624; x_wconf 86' lang='lat' dir='ltr'><strong>est</strong></span> <span class='ocrx_word' id='word_1_390' title='bbox 2638 2571 2833 2623; x_wconf 71' lang='lat' dir='ltr'><strong>animre</strong></span> <span class='ocrx_word' id='word_1_391' title='bbox 2858 2612 2873 2636; x_wconf 91' lang='lat'><strong>,</strong></span> <span class='ocrx_word' id='word_1_392' title='bbox 2906 2578 2961 2623; x_wconf 83' lang='lat' dir='ltr'><strong>et</strong></span> <span class='ocrx_word' id='word_1_393' title='bbox 2990 2570 3229 2637; x_wconf 89' lang='lat' dir='ltr'><strong>corpori,</strong></span> <span class='ocrx_word' id='word_1_394' title='bbox 3267 2578 3321 2623; x_wconf 81' lang='lat' dir='ltr'><strong>et</strong></span> <span class='ocrx_word' id='word_1_395' title='bbox 3361 2570 3473 2638; x_wconf 78' lang='lat' dir='ltr'><strong>spi-</strong></span> 
     </span>
    </p>
   </div>
   <div class='ocr_carea' id='block_1_56' title="bbox 1888 2661 3473 2733">
    <p class='ocr_par' dir='ltr' id='par_1_56' title="bbox 1888 2661 3473 2733">
     <span class='ocr_line' id='line_1_56' title="bbox 1888 2661 3473 2733; baseline -0.001 -17"><span class='ocrx_word' id='word_1_396' title='bbox 1888 2662 2040 2729; x_wconf 88' lang='lat' dir='ltr'><strong>ritui,</strong></span> <span class='ocrx_word' id='word_1_397' title='bbox 2068 2664 2334 2733; x_wconf 75' lang='lat' dir='ltr'><strong>integram</strong></span> <span class='ocrx_word' id='word_1_398' title='bbox 2376 2673 2431 2715; x_wconf 89' lang='lat' dir='ltr'><strong>et</strong></span> <span class='ocrx_word' id='word_1_399' title='bbox 2458 2661 2754 2730; x_wconf 80' lang='lat' dir='ltr'><strong>perfectam</strong></span> <span class='ocrx_word' id='word_1_400' title='bbox 2792 2662 3293 2730; x_wconf 87' lang='lat' dir='ltr'><strong>perseverationem</strong></span> <span class='ocrx_word' id='word_1_401' title='bbox 3347 2675 3473 2727; x_wconf 90' lang='lat' dir='ltr'><strong>pre-</strong></span> 
     </span>
    </p>
   </div>
   <div class='ocr_carea' id='block_1_57' title="bbox 1885 2741 3470 2829">
    <p class='ocr_par' dir='ltr' id='par_1_57' title="bbox 1885 2741 3470 2829">
     <span class='ocr_line' id='line_1_57' title="bbox 1885 2741 3470 2829; baseline -0.003 -20"><span class='ocrx_word' id='word_1_402' title='bbox 1885 2756 2001 2809; x_wconf 88' lang='lat' dir='ltr'><strong>cari</strong></span> <span class='ocrx_word' id='word_1_403' title='bbox 2041 2755 2094 2809; x_wconf 94' lang='lat' dir='ltr'><strong>in</strong></span> <span class='ocrx_word' id='word_1_404' title='bbox 2130 2755 2424 2829; x_wconf 77' lang='lat' dir='ltr'><strong>adventum</strong></span> <span class='ocrx_word' id='word_1_405' title='bbox 2454 2754 2685 2821; x_wconf 85' lang='lat' dir='ltr'><strong>Domini,</strong></span> <span class='ocrx_word' id='word_1_406' title='bbox 2723 2755 2823 2807; x_wconf 87' lang='lat' dir='ltr'><strong>nisi</strong></span> <span class='ocrx_word' id='word_1_407' title='bbox 2864 2741 3385 2819; x_wconf 77' lang='lat' dir='ltr'><strong>redintegratiouem</strong></span> <span class='ocrx_word' id='word_1_408' title='bbox 3418 2761 3470 2805; x_wconf 83' lang='lat' dir='ltr'><strong>et</strong></span> 
     </span>
    </p>
   </div>
   <div class='ocr_carea' id='block_1_58' title="bbox 1884 2845 3467 2914">
    <p class='ocr_par' dir='ltr' id='par_1_58' title="bbox 1884 2845 3467 2914">
     <span class='ocr_line' id='line_1_58' title="bbox 1884 2845 3467 2914; baseline -0.001 -13"><span class='ocrx_word' id='word_1_409' title='bbox 1884 2847 2258 2902; x_wconf 87' lang='lat' dir='ltr'><strong>aduuitiouem</strong></span> <span class='ocrx_word' id='word_1_410' title='bbox 2284 2848 2469 2910; x_wconf 90' lang='lat' dir='ltr'><strong>trium,</strong></span> <span class='ocrx_word' id='word_1_411' title='bbox 2490 2856 2544 2900; x_wconf 90' lang='lat' dir='ltr'><strong>et</strong></span> <span class='ocrx_word' id='word_1_412' title='bbox 2566 2862 2724 2898; x_wconf 91' lang='lat' dir='ltr'><strong>unam</strong></span> <span class='ocrx_word' id='word_1_413' title='bbox 2750 2846 2861 2914; x_wconf 70' lang='grc' dir='ltr'><strong>(Η)</strong></span> <span class='ocrx_word' id='word_1_414' title='bbox 2884 2854 2937 2899; x_wconf 91' lang='lat' dir='ltr'><strong>et</strong></span> <span class='ocrx_word' id='word_1_415' title='bbox 2956 2847 3200 2898; x_wconf 85' lang='lat' dir='ltr'><strong>eamdem</strong></span> <span class='ocrx_word' id='word_1_416' title='bbox 3228 2845 3467 2912; x_wconf 90' lang='lat' dir='ltr'><strong>ipsorum</strong></span> 
     </span>
    </p>
   </div>
   <div class='ocr_carea' id='block_1_59' title="bbox 1883 2936 3465 3006">
    <p class='ocr_par' dir='ltr' id='par_1_59' title="bbox 1883 2936 3465 3006">
     <span class='ocr_line' id='line_1_59' title="bbox 1883 2936 3465 3006; baseline -0.003 -12"><span class='ocrx_word' id='word_1_417' title='bbox 1883 2939 2092 2994; x_wconf 75' lang='lat' dir='ltr'><strong>sciebat</strong></span> <span class='ocrx_word' id='word_1_418' title='bbox 2116 2938 2393 2994; x_wconf 83' lang='lat' dir='ltr'><strong>salutem?</strong></span> <span class='ocrx_word' id='word_1_419' title='bbox 2423 2937 2652 3006; x_wconf 74' lang='lat' dir='ltr'><strong>PrOpter</strong></span> <span class='ocrx_word' id='word_1_420' title='bbox 2686 2936 2826 3004; x_wconf 87' lang='lat' dir='ltr'><strong>quod</strong></span> <span class='ocrx_word' id='word_1_421' title='bbox 2858 2947 2908 2989; x_wconf 92' lang='lat' dir='ltr'><strong>et</strong></span> <span class='ocrx_word' id='word_1_422' title='bbox 2941 2937 3212 3003; x_wconf 79' lang='lat' dir='ltr'><strong>perfectos</strong></span> <span class='ocrx_word' id='word_1_423' title='bbox 3245 2936 3318 2989; x_wconf 88' lang='lat' dir='ltr'><strong>ait</strong></span> <span class='ocrx_word' id='word_1_424' title='bbox 3350 2950 3465 2999; x_wconf 85' lang='lat' dir='ltr'><strong>eos,</strong></span> 
     </span>
    </p>
   </div>
   <div class='ocr_carea' id='block_1_60' title="bbox 1882 3027 3467 3102">
    <p class='ocr_par' dir='ltr' id='par_1_60' title="bbox 1882 3027 3467 3102">
     <span class='ocr_line' id='line_1_60' title="bbox 1882 3027 3467 3102; baseline -0.001 -23"><span class='ocrx_word' id='word_1_425' title='bbox 1882 3032 1972 3102; x_wconf 88' lang='lat' dir='ltr'><strong>qui</strong></span> <span class='ocrx_word' id='word_1_426' title='bbox 2011 3033 2113 3084; x_wconf 87' lang='lat' dir='ltr'><strong>tria</strong></span> <span class='ocrx_word' id='word_1_427' title='bbox 2143 3032 2260 3084; x_wconf 90' lang='lat' dir='ltr'><strong>sine</strong></span> <span class='ocrx_word' id='word_1_428' title='bbox 2288 3030 2509 3097; x_wconf 86' lang='lat' dir='ltr'><strong>querela</strong></span> <span class='ocrx_word' id='word_1_429' title='bbox 2537 3029 2793 3083; x_wconf 81' lang='lat' dir='ltr'><strong>exhibent</strong></span> <span class='ocrx_word' id='word_1_430' title='bbox 2828 3028 3077 3081; x_wconf 90' lang='lat' dir='ltr'><strong>Domino.</strong></span> <span class='ocrx_word' id='word_1_431' title='bbox 3111 3027 3341 3081; x_wconf 80' lang='lat' dir='ltr'><strong>Perfecti</strong></span> <span class='ocrx_word' id='word_1_432' title='bbox 3373 3029 3467 3097; x_wconf 80' lang='lat' dir='ltr'><strong>igi-</strong></span> 
     </span>
    </p>
   </div>
   <div class='ocr_carea' id='block_1_61' title="bbox 192 3117 3466 3199">
    <p class='ocr_par' dir='ltr' id='par_1_61' title="bbox 192 3117 3466 3199">
     <span class='ocr_line' id='line_1_61' title="bbox 192 3117 3466 3199; baseline 0.001 -32"><span class='ocrx_word' id='word_1_433' title='bbox 192 3123 251 3167; x_wconf 90' lang='lat' dir='ltr'><strong>et</strong></span> <span class='ocrx_word' id='word_1_434' title='bbox 307 3119 450 3169; x_wconf 86' lang='lat' dir='ltr'><strong>unde</strong></span> <span class='ocrx_word' id='word_1_435' title='bbox 484 3117 657 3185; x_wconf 87' lang='lat' dir='ltr'><strong>ipsum</strong></span> <span class='ocrx_word' id='word_1_436' title='bbox 692 3119 801 3189; x_wconf 81' lang='grc'>(58)</span> <span class='ocrx_word' id='word_1_437' title='bbox 854 3122 1028 3175; x_wconf 86' lang='lat' dir='ltr'><strong>solum</strong></span> <span class='ocrx_word' id='word_1_438' title='bbox 1060 3123 1314 3191; x_wconf 85' lang='lat' dir='ltr'><strong>spiritum</strong></span> <span class='ocrx_word' id='word_1_439' title='bbox 1338 3126 1630 3199; x_wconf 80' lang='lat' dir='ltr'><strong>intelligat,</strong></span> <span class='ocrx_word' id='word_1_440' title='bbox 1661 3130 1773 3198; x_wconf 82' lang='lat' dir='ltr'><strong>jam</strong></span> <span class='ocrx_word' id='word_1_441' title='bbox 1809 3128 1854 3186; x_wconf 86' lang='lat' dir='ltr'>c</span> <span class='ocrx_word' id='word_1_442' title='bbox 1890 3133 1997 3185; x_wconf 91' lang='lat' dir='ltr'><strong>tur,</strong></span> <span class='ocrx_word' id='word_1_443' title='bbox 2029 3121 2118 3187; x_wconf 89' lang='lat' dir='ltr'><strong>qui</strong></span> <span class='ocrx_word' id='word_1_444' title='bbox 2144 3129 2197 3172; x_wconf 88' lang='lat' dir='ltr'><strong>et</strong></span> <span class='ocrx_word' id='word_1_445' title='bbox 2230 3117 2492 3185; x_wconf 81' lang='lat' dir='ltr'><strong>Spiritum</strong></span> <span class='ocrx_word' id='word_1_446' title='bbox 2521 3118 2572 3169; x_wconf 90' lang='lat' dir='ltr'><strong>in</strong></span> <span class='ocrx_word' id='word_1_447' title='bbox 2606 3132 2664 3171; x_wconf 87' lang='lat' dir='ltr'><strong>se</strong></span> <span class='ocrx_word' id='word_1_448' title='bbox 2698 3125 3141 3185; x_wconf 84' lang='lat' dir='ltr'><strong>perseverantem</strong></span> <span class='ocrx_word' id='word_1_449' title='bbox 3177 3117 3466 3171; x_wconf 80' lang='lat' dir='ltr'><strong>habuerint</strong></span> 
     </span>
    </p>
   </div>
   <div class='ocr_carea' id='block_1_62' title="bbox 196 3206 1771 3290">
    <p class='ocr_par' dir='ltr' id='par_1_62' title="bbox 196 3206 1771 3290">
     <span class='ocr_line' id='line_1_62' title="bbox 196 3206 1771 3290; baseline 0.013 -35"><span class='ocrx_word' id='word_1_450' title='bbox 196 3220 305 3256; x_wconf 87' lang='lat' dir='ltr'><strong>non</strong></span> <span class='ocrx_word' id='word_1_451' title='bbox 333 3206 639 3273; x_wconf 78' lang='lat' dir='ltr'><strong>spiritualis</strong></span> <span class='ocrx_word' id='word_1_452' title='bbox 672 3210 833 3264; x_wconf 89' lang='lat' dir='ltr'><strong>homo</strong></span> <span class='ocrx_word' id='word_1_453' title='bbox 870 3222 972 3276; x_wconf 89' lang='lat' dir='ltr'><strong>est,</strong></span> <span class='ocrx_word' id='word_1_454' title='bbox 1001 3214 1146 3281; x_wconf 90' lang='lat' dir='ltr'><strong>quod</strong></span> <span class='ocrx_word' id='word_1_455' title='bbox 1200 3224 1283 3269; x_wconf 87' lang='lat' dir='ltr'><strong>est</strong></span> <span class='ocrx_word' id='word_1_456' title='bbox 1322 3216 1429 3269; x_wconf 79' lang='lat' dir='ltr'><strong>tale</strong></span> <span class='ocrx_word' id='word_1_457' title='bbox 1457 3258 1472 3281; x_wconf 93' lang='lat'><strong>,</strong></span> <span class='ocrx_word' id='word_1_458' title='bbox 1528 3221 1622 3273; x_wconf 89' lang='lat' dir='ltr'><strong>sed</strong></span> <span class='ocrx_word' id='word_1_459' title='bbox 1666 3223 1771 3290; x_wconf 85' lang='lat' dir='ltr'><strong>spi-</strong></span> 
     </span>
    </p>
   </div>
   <div class='ocr_carea' id='block_1_63' title="bbox 196 3294 1781 3381">
    <p class='ocr_par' dir='ltr' id='par_1_63' title="bbox 196 3294 1781 3381">
     <span class='ocr_line' id='line_1_63' title="bbox 196 3294 1781 3381; baseline 0.013 -34"><span class='ocrx_word' id='word_1_460' title='bbox 196 3294 341 3349; x_wconf 82' lang='lat' dir='ltr'><strong>ritus</strong></span> <span class='ocrx_word' id='word_1_461' title='bbox 368 3296 603 3354; x_wconf 84' lang='lat' dir='ltr'><strong>hominis</strong></span> <span class='ocrx_word' id='word_1_462' title='bbox 632 3311 721 3352; x_wconf 87' lang='lat' dir='ltr'><strong>aut</strong></span> <span class='ocrx_word' id='word_1_463' title='bbox 757 3300 993 3370; x_wconf 87' lang='lat' dir='ltr'><strong>Spiritus</strong></span> <span class='ocrx_word' id='word_1_464' title='bbox 1021 3304 1137 3359; x_wconf 89' lang='lat' dir='ltr'><strong>Dei.</strong></span> <span class='ocrx_word' id='word_1_465' title='bbox 1172 3304 1307 3359; x_wconf 84' lang='lat' dir='ltr'><strong>Cum</strong></span> <span class='ocrx_word' id='word_1_466' title='bbox 1334 3318 1513 3363; x_wconf 86' lang='lat' dir='ltr'><strong>autem</strong></span> <span class='ocrx_word' id='word_1_467' title='bbox 1544 3310 1781 3381; x_wconf 84' lang='lat' dir='ltr'><strong>Spiritus</strong></span> 
     </span>
    </p>
   </div>
   <div class='ocr_carea' id='block_1_64' title="bbox 198 3386 1780 3471">
    <p class='ocr_par' dir='ltr' id='par_1_64' title="bbox 198 3386 1780 3471">
     <span class='ocr_line' id='line_1_64' title="bbox 198 3386 1780 3471; baseline 0.014 -35"><span class='ocrx_word' id='word_1_468' title='bbox 198 3386 287 3439; x_wconf 85' lang='lat' dir='ltr'><strong>hic</strong></span> <span class='ocrx_word' id='word_1_469' title='bbox 322 3390 650 3444; x_wconf 68' lang='lat' dir='ltr'><strong>commistus</strong></span> <span class='ocrx_word' id='word_1_470' title='bbox 679 3393 875 3446; x_wconf 75' lang='lat' dir='ltr'><strong>anima:</strong></span> <span class='ocrx_word' id='word_1_471' title='bbox 908 3396 1095 3448; x_wconf 90' lang='lat' dir='ltr'><strong>unitnr</strong></span> <span class='ocrx_word' id='word_1_472' title='bbox 1123 3397 1414 3465; x_wconf 87' lang='lat' dir='ltr'><strong>plasmati;</strong></span> <span class='ocrx_word' id='word_1_473' title='bbox 1447 3413 1669 3471; x_wconf 85' lang='lat' dir='ltr'><strong>propter</strong></span> <span class='ocrx_word' id='word_1_474' title='bbox 1700 3406 1780 3458; x_wconf 82' lang='lat' dir='ltr'><strong>ef-</strong></span> 
     </span>
    </p>
   </div>
   <div class='ocr_carea' id='block_1_65' title="bbox 194 3474 1779 3557">
    <p class='ocr_par' dir='ltr' id='par_1_65' title="bbox 194 3474 1779 3557">
     <span class='ocr_line' id='line_1_65' title="bbox 194 3474 1779 3557; baseline 0.013 -26"><span class='ocrx_word' id='word_1_475' title='bbox 194 3474 469 3531; x_wconf 74' lang='lat' dir='ltr'><strong>fusionem</strong></span> <span class='ocrx_word' id='word_1_476' title='bbox 520 3478 785 3549; x_wconf 87' lang='lat' dir='ltr'><strong>Spiritus,</strong></span> <span class='ocrx_word' id='word_1_477' title='bbox 838 3483 1140 3551; x_wconf 85' lang='lat' dir='ltr'><strong>spiritualis</strong></span> <span class='ocrx_word' id='word_1_478' title='bbox 1170 3499 1224 3541; x_wconf 88' lang='lat' dir='ltr'><strong>et</strong></span> <span class='ocrx_word' id='word_1_479' title='bbox 1278 3490 1556 3557; x_wconf 83' lang='lat' dir='ltr'><strong>perfectus</strong></span> <span class='ocrx_word' id='word_1_480' title='bbox 1616 3496 1779 3552; x_wconf 87' lang='lat' dir='ltr'><strong>homo</strong></span> 
     </span>
    </p>
   </div>
   <div class='ocr_carea' id='block_1_66' title="bbox 197 3570 1778 3654">
    <p class='ocr_par' dir='ltr' id='par_1_66' title="bbox 197 3570 1778 3654">
     <span class='ocr_line' id='line_1_66' title="bbox 197 3570 1778 3654; baseline 0.015 -34"><span class='ocrx_word' id='word_1_481' title='bbox 197 3570 376 3624; x_wconf 83' lang='lat' dir='ltr'><strong>factus</strong></span> <span class='ocrx_word' id='word_1_482' title='bbox 417 3579 533 3625; x_wconf 87' lang='lat' dir='ltr'><strong>cst:</strong></span> <span class='ocrx_word' id='word_1_483' title='bbox 582 3583 639 3627; x_wconf 90' lang='lat' dir='ltr'><strong>et</strong></span> <span class='ocrx_word' id='word_1_484' title='bbox 673 3574 759 3627; x_wconf 85' lang='lat' dir='ltr'><strong>hic</strong></span> <span class='ocrx_word' id='word_1_485' title='bbox 791 3586 877 3628; x_wconf 87' lang='lat' dir='ltr'><strong>est</strong></span> <span class='ocrx_word' id='word_1_486' title='bbox 927 3578 1017 3644; x_wconf 87' lang='lat' dir='ltr'><strong>qui</strong></span> <span class='ocrx_word' id='word_1_487' title='bbox 1067 3580 1363 3635; x_wconf 89' lang='lat' dir='ltr'><strong>secundum</strong></span> <span class='ocrx_word' id='word_1_488' title='bbox 1400 3583 1693 3654; x_wconf 81' lang='lat' dir='ltr'><strong>imaginem</strong></span> <span class='ocrx_word' id='word_1_489' title='bbox 1725 3598 1778 3642; x_wconf 90' lang='lat' dir='ltr'><strong>et</strong></span> 
     </span>
    </p>
   </div>
   <div class='ocr_carea' id='block_1_67' title="bbox 266 3662 1369 3738">
    <p class='ocr_par' dir='ltr' id='par_1_67' title="bbox 266 3662 1369 3738">
     <span class='ocr_line' id='line_1_67' title="bbox 266 3662 1369 3738; baseline 0.012 -22"><span class='ocrx_word' id='word_1_490' title='bbox 266 3662 314 3693; x_wconf 82' lang='lat'><strong>&quot;</strong></span> <span class='ocrx_word' id='word_1_491' title='bbox 354 3662 373 3717; x_wconf 86' lang='lat' dir='ltr'><strong>l</strong></span> <span class='ocrx_word' id='word_1_492' title='bbox 404 3664 529 3717; x_wconf 79' lang='lat' dir='ltr'><strong>Cor.</strong></span> <span class='ocrx_word' id='word_1_493' title='bbox 566 3681 622 3729; x_wconf 84' lang='lat' dir='ltr'><strong>u,</strong></span> <span class='ocrx_word' id='word_1_494' title='bbox 660 3665 712 3719; x_wconf 76' lang='grc'>6.</span> <span class='ocrx_word' id='word_1_495' title='bbox 789 3667 836 3699; x_wconf 70' lang='grc'><strong>⁷⁸</strong></span> <span class='ocrx_word' id='word_1_496' title='bbox 869 3669 885 3721; x_wconf 93' lang='lat' dir='ltr'><strong>l</strong></span> <span class='ocrx_word' id='word_1_497' title='bbox 917 3668 1163 3725; x_wconf 85' lang='lat' dir='ltr'><strong>Thessal.</strong></span> <span class='ocrx_word' id='word_1_498' title='bbox 1196 3687 1249 3738; x_wconf 88' lang='lat' dir='ltr'><strong>v,</strong></span> <span class='ocrx_word' id='word_1_499' title='bbox 1278 3673 1369 3730; x_wconf 71' lang='lat'><strong>25.</strong></span> 
     </span>
    </p>
   </div>
   <div class='ocr_carea' id='block_1_68' title="bbox 266 3755 1203 3886">
    <p class='ocr_par' dir='ltr' id='par_1_68' title="bbox 266 3755 1203 3886">
     <span class='ocr_line' id='line_1_68' title="bbox 266 3755 1203 3886; baseline 0.011 -77"><span class='ocrx_word' id='word_1_500' title='bbox 266 3755 388 3827; x_wconf 70' lang='grc' dir='ltr'><strong>(δι)</strong></span> <span class='ocrx_word' id='word_1_501' title='bbox 426 3758 778 3840; x_wconf 66' lang='lat' dir='ltr'><strong>Consequens.</strong></span> <span class='ocrx_word' id='word_1_502' title='bbox 834 3762 1001 3844; x_wconf 39' lang='lat' dir='ltr'><strong>ld&#39;est</strong></span> <span class='ocrx_word' id='word_1_503' title='bbox 1031 3764 1203 3886; x_wconf 56' lang='grc' dir='ltr'><strong>(λέβης.</strong></span> 
     </span>
     <span class='ocr_line' id='line_1_69' title="bbox 266 3827 1203 3886; baseline 0.004 -7"><span class='ocrx_word' id='word_1_504' title='bbox 266 3827 383 3886; x_wconf 80' lang='lat'><strong>(&#39;55)</strong></span> <span class='ocrx_word' id='word_1_505' title='bbox 414 3828 655 3881; x_wconf 78' lang='lat' dir='ltr'><strong>Adnmta</strong></span> <span class='ocrx_word' id='word_1_506' title='bbox 690 3847 736 3882; x_wconf 84' lang='lat' dir='ltr'><strong>et</strong></span> <span class='ocrx_word' id='word_1_507' title='bbox 766 3848 935 3885; x_wconf 89' lang='lat' dir='ltr'><strong>carnt.</strong></span> <span class='ocrx_word' id='word_1_508' title='bbox 970 3831 1029 3884; x_wconf 77' lang='lat' dir='ltr'><strong>In</strong></span> <span class='ocrx_word' id='word_1_509' title='bbox 1085 3836 1203 3886; x_wconf 29' lang='lat' dir='ltr'><strong>‘ras,</strong></span> 
     </span>
    </p>
   </div>
   <div class='ocr_carea' id='block_1_69' title="bbox 263 3827 1777 3903">
    <p class='ocr_par' dir='ltr' id='par_1_69' title="bbox 263 3827 1777 3903">
     <span class='ocr_line' id='line_1_70' title="bbox 263 3827 1777 3903; baseline 0.013 -27"><span class='ocrx_word' id='word_1_510' title='bbox 263 3827 383 3903; x_wconf 62' lang='grc'>(55)</span> <span class='ocrx_word' id='word_1_511' title='bbox 414 3828 655 3903; x_wconf 64' lang='lat' dir='ltr'><strong>Admitte</strong></span> <span class='ocrx_word' id='word_1_512' title='bbox 690 3831 737 3882; x_wconf 85' lang='lat' dir='ltr'><strong>ei</strong></span> <span class='ocrx_word' id='word_1_513' title='bbox 766 3834 935 3903; x_wconf 73' lang='lat' dir='ltr'><strong>carni.</strong></span> <span class='ocrx_word' id='word_1_514' title='bbox 970 3831 1029 3884; x_wconf 79' lang='lat' dir='ltr'><strong>in</strong></span> <span class='ocrx_word' id='word_1_515' title='bbox 1056 3827 1240 3902; x_wconf 74' lang='lat' dir='ltr'><strong>Eras.,</strong></span> <span class='ocrx_word' id='word_1_516' title='bbox 1274 3833 1413 3891; x_wconf 86' lang='lat' dir='ltr'><strong>Gali.</strong></span> <span class='ocrx_word' id='word_1_517' title='bbox 1442 3848 1493 3893; x_wconf 86' lang='lat' dir='ltr'><strong>et</strong></span> <span class='ocrx_word' id='word_1_518' title='bbox 1524 3841 1691 3895; x_wconf 79' lang='lat' dir='ltr'><strong>Merc.</strong></span> <span class='ocrx_word' id='word_1_519' title='bbox 1721 3842 1777 3903; x_wconf 62' lang='grc' dir='ltr'><strong>ἓ.</strong></span> 
     </span>
    </p>
   </div>
   <div class='ocr_carea' id='block_1_70' title="bbox 193 3897 1783 3966">
    <p class='ocr_par' dir='ltr' id='par_1_70' title="bbox 193 3897 1783 3966">
     <span class='ocr_line' id='line_1_71' title="bbox 193 3897 1783 3966; baseline 0.012 -20"><span class='ocrx_word' id='word_1_520' title='bbox 193 3897 427 3966; x_wconf 74' lang='lat' dir='ltr'><strong>admista</strong></span> <span class='ocrx_word' id='word_1_521' title='bbox 459 3898 513 3951; x_wconf 82' lang='lat' dir='ltr'><strong>in</strong></span> <span class='ocrx_word' id='word_1_522' title='bbox 542 3915 735 3962; x_wconf 86' lang='lat' dir='ltr'><strong>carne;</strong></span> <span class='ocrx_word' id='word_1_523' title='bbox 765 3900 855 3953; x_wconf 88' lang='lat' dir='ltr'><strong>sed</strong></span> <span class='ocrx_word' id='word_1_524' title='bbox 883 3903 1021 3954; x_wconf 86' lang='lat' dir='ltr'><strong>male</strong></span> <span class='ocrx_word' id='word_1_525' title='bbox 1048 3920 1060 3966; x_wconf 93' lang='lat'>;</span> <span class='ocrx_word' id='word_1_526' title='bbox 1100 3897 1236 3956; x_wconf 71' lang='lat' dir='ltr'><strong>naui</strong></span> <span class='ocrx_word' id='word_1_527' title='bbox 1258 3906 1391 3960; x_wconf 88' lang='lat' dir='ltr'><strong>illud</strong></span> <span class='ocrx_word' id='word_1_528' title='bbox 1420 3910 1650 3963; x_wconf 64' lang='lat' dir='ltr'><strong>admixta</strong></span> <span class='ocrx_word' id='word_1_529' title='bbox 1700 3897 1783 3965; x_wconf 54' lang='lat' dir='ltr'><strong>re;</strong></span> 
     </span>
    </p>
   </div>
   <div class='ocr_carea' id='block_1_71' title="bbox 192 3963 1782 4045">
    <p class='ocr_par' dir='ltr' id='par_1_71' title="bbox 192 3963 1782 4045">
     <span class='ocr_line' id='line_1_72' title="bbox 192 3963 1782 4045; baseline 0.012 -31"><span class='ocrx_word' id='word_1_530' title='bbox 192 3963 373 4045; x_wconf 76' lang='lat' dir='ltr'><strong>fertur</strong></span> <span class='ocrx_word' id='word_1_531' title='bbox 426 3970 493 4019; x_wconf 88' lang='lat' dir='ltr'><strong>ad</strong></span> <span class='ocrx_word' id='word_1_532' title='bbox 548 3969 986 4045; x_wconf 57' lang='lat' dir='ltr'><strong>compnistionem</strong></span> <span class='ocrx_word' id='word_1_533' title='bbox 1046 3963 1275 4040; x_wconf 71' lang='lat' dir='ltr'><strong>spiritus</strong></span> <span class='ocrx_word' id='word_1_534' title='bbox 1320 3986 1376 4030; x_wconf 88' lang='lat' dir='ltr'><strong>et</strong></span> <span class='ocrx_word' id='word_1_535' title='bbox 1426 3980 1665 4045; x_wconf 71' lang='lat' dir='ltr'><strong>auium,</strong></span> <span class='ocrx_word' id='word_1_536' title='bbox 1701 3963 1782 4035; x_wconf 77' lang='lat' dir='ltr'><strong>ut</strong></span> 
     </span>
    </p>
   </div>
   <div class='ocr_carea' id='block_1_72' title="bbox 188 4034 879 4103">
    <p class='ocr_par' dir='ltr' id='par_1_72' title="bbox 188 4034 879 4103">
     <span class='ocr_line' id='line_1_73' title="bbox 188 4034 879 4103; baseline 0.007 -18"><span class='ocrx_word' id='word_1_537' title='bbox 188 4034 358 4102; x_wconf 80' lang='lat' dir='ltr'><strong>patilo</strong></span> <span class='ocrx_word' id='word_1_538' title='bbox 394 4045 515 4103; x_wconf 83' lang='lat' dir='ltr'><strong>post</strong></span> <span class='ocrx_word' id='word_1_539' title='bbox 554 4036 879 4103; x_wconf 76' lang='lat' dir='ltr'><strong>explicatur.</strong></span> 
     </span>
    </p>
   </div>
   <div class='ocr_carea' id='block_1_73' title="bbox 265 4104 1781 4189">
    <p class='ocr_par' dir='ltr' id='par_1_73' title="bbox 265 4104 1781 4189">
     <span class='ocr_line' id='line_1_74' title="bbox 265 4104 1781 4189; baseline 0.011 -33"><span class='ocrx_word' id='word_1_540' title='bbox 265 4104 619 4189; x_wconf 53' lang='lat' dir='ltr'><strong>(BQlKagtbc</strong></span> <span class='ocrx_word' id='word_1_541' title='bbox 644 4106 1293 4189; x_wconf 53' lang='grc' dir='ltr'><strong>⁸πολλῶν.-ίὲι-ιηει..</strong></span> <span class='ocrx_word' id='word_1_542' title='bbox 1355 4112 1471 4169; x_wconf 71' lang='lat' dir='ltr'><strong>haec</strong></span> <span class='ocrx_word' id='word_1_543' title='bbox 1526 4115 1781 4189; x_wconf 74' lang='lat' dir='ltr'><strong>allegavit</strong></span> 
     </span>
    </p>
   </div>
   <div class='ocr_carea' id='block_1_74' title="bbox 194 4172 1121 4244">
    <p class='ocr_par' dir='ltr' id='par_1_74' title="bbox 194 4172 1121 4244">
     <span class='ocr_line' id='line_1_75' title="bbox 194 4172 1121 4244; baseline 0.006 -19"><span class='ocrx_word' id='word_1_544' title='bbox 194 4172 468 4244; x_wconf 57' lang='lat' dir='ltr'><strong>Eusebius</strong></span> <span class='ocrx_word' id='word_1_545' title='bbox 504 4174 597 4227; x_wconf 91' lang='lat' dir='ltr'><strong>lib.</strong></span> <span class='ocrx_word' id='word_1_546' title='bbox 633 4189 663 4224; x_wconf 81' lang='grc' dir='ltr'><strong>ν</strong></span> <span class='ocrx_word' id='word_1_547' title='bbox 701 4174 875 4241; x_wconf 74' lang='lat' dir='ltr'><strong>llist.,</strong></span> <span class='ocrx_word' id='word_1_548' title='bbox 907 4194 1028 4244; x_wconf 87' lang='lat' dir='ltr'><strong>cap.</strong></span> <span class='ocrx_word' id='word_1_549' title='bbox 1067 4180 1121 4232; x_wconf 89' lang='lat'><strong>7.</strong></span> 
     </span>
    </p>
   </div>
   <div class='ocr_carea' id='block_1_75' title="bbox 266 4242 1786 4311">
    <p class='ocr_par' dir='ltr' id='par_1_75' title="bbox 266 4242 1786 4311">
     <span class='ocr_line' id='line_1_76' title="bbox 266 4242 1786 4311; baseline 0.011 -18"><span class='ocrx_word' id='word_1_550' title='bbox 266 4242 384 4309; x_wconf 79' lang='grc'>(57)</span> <span class='ocrx_word' id='word_1_551' title='bbox 420 4242 483 4293; x_wconf 82' lang='lat' dir='ltr'><strong>Et</strong></span> <span class='ocrx_word' id='word_1_552' title='bbox 510 4246 645 4311; x_wconf 69' lang='lat' dir='ltr'><strong>unde</strong></span> <span class='ocrx_word' id='word_1_553' title='bbox 677 4244 771 4296; x_wconf 85' lang='lat' dir='ltr'><strong>hoc</strong></span> <span class='ocrx_word' id='word_1_554' title='bbox 802 4242 1193 4311; x_wconf 22' lang='lat' dir='ltr'><strong>ipsutn‘solum.</strong></span> <span class='ocrx_word' id='word_1_555' title='bbox 1227 4248 1282 4302; x_wconf 81' lang='lat' dir='ltr'><strong>Id</strong></span> <span class='ocrx_word' id='word_1_556' title='bbox 1312 4261 1397 4305; x_wconf 84' lang='lat' dir='ltr'><strong>est</strong></span> <span class='ocrx_word' id='word_1_557' title='bbox 1432 4264 1480 4306; x_wconf 81' lang='lat' dir='ltr'><strong>et</strong></span> <span class='ocrx_word' id='word_1_558' title='bbox 1519 4271 1621 4309; x_wconf 87' lang='lat' dir='ltr'><strong>non</strong></span> <span class='ocrx_word' id='word_1_559' title='bbox 1646 4258 1786 4309; x_wconf 80' lang='lat' dir='ltr'><strong>unde</strong></span> 
     </span>
    </p>
   </div>
   <div class='ocr_carea' id='block_1_76' title="bbox 188 4309 1783 4391">
    <p class='ocr_par' dir='ltr' id='par_1_76' title="bbox 188 4309 1783 4391">
     <span class='ocr_line' id='line_1_77' title="bbox 188 4309 1783 4391; baseline 0.009 -27"><span class='ocrx_word' id='word_1_560' title='bbox 188 4315 486 4391; x_wconf 61' lang='lat' dir='ltr'><strong>“cupidum</strong></span> <span class='ocrx_word' id='word_1_561' title='bbox 512 4309 767 4391; x_wconf 73' lang='lat' dir='ltr'><strong>Spiritum</strong></span> <span class='ocrx_word' id='word_1_562' title='bbox 790 4309 978 4391; x_wconf 52' lang='lat' dir='ltr'><strong>solum.</strong></span> <span class='ocrx_word' id='word_1_563' title='bbox 1013 4316 1109 4370; x_wconf 88' lang='lat' dir='ltr'><strong>Uhi</strong></span> <span class='ocrx_word' id='word_1_564' title='bbox 1136 4322 1412 4391; x_wconf 74' lang='lat' dir='ltr'><strong>advel-tes,</strong></span> <span class='ocrx_word' id='word_1_565' title='bbox 1434 4324 1783 4391; x_wconf 88' lang='lat' dir='ltr'><strong>interpretem</strong></span> 
     </span>
    </p>
   </div>
   <div class='ocr_carea' id='block_1_77' title="bbox 189 4383 1788 4463">
    <p class='ocr_par' dir='ltr' id='par_1_77' title="bbox 189 4383 1788 4463">
     <span class='ocr_line' id='line_1_78' title="bbox 189 4383 1788 4463; baseline 0.011 -32"><span class='ocrx_word' id='word_1_566' title='bbox 189 4383 562 4463; x_wconf 66' lang='lat' dir='ltr'><strong>attendentem</strong></span> <span class='ocrx_word' id='word_1_567' title='bbox 584 4383 647 4433; x_wconf 88' lang='lat' dir='ltr'><strong>ad</strong></span> <span class='ocrx_word' id='word_1_568' title='bbox 665 4397 833 4451; x_wconf 80' lang='lat' dir='ltr'><strong>genus</strong></span> <span class='ocrx_word' id='word_1_569' title='bbox 850 4383 890 4437; x_wconf 87' lang='lat' dir='ltr'><strong>G</strong></span> <span class='ocrx_word' id='word_1_570' title='bbox 904 4400 1058 4439; x_wconf 74' lang='lat' dir='ltr'><strong>necte</strong></span> <span class='ocrx_word' id='word_1_571' title='bbox 1078 4388 1225 4441; x_wconf 82' lang='lat' dir='ltr'><strong>vocis</strong></span> <span class='ocrx_word' id='word_1_572' title='bbox 1246 4390 1482 4461; x_wconf 82' lang='grc' dir='ltr'><strong>πνεῦμα,</strong></span> <span class='ocrx_word' id='word_1_573' title='bbox 1502 4383 1788 4463; x_wconf 75' lang='lat' dir='ltr'><strong>scripsisse</strong></span> 
     </span>
    </p>
   </div>
   <div class='ocr_carea' id='block_1_78' title="bbox 188 4453 611 4515">
    <p class='ocr_par' dir='ltr' id='par_1_78' title="bbox 188 4453 611 4515">
     <span class='ocr_line' id='line_1_79' title="bbox 188 4453 611 4515; baseline -0.007 -12"><span class='ocrx_word' id='word_1_574' title='bbox 188 4454 292 4503; x_wconf 78' lang='lat' dir='ltr'><strong>hoc</strong></span> <span class='ocrx_word' id='word_1_575' title='bbox 327 4466 429 4515; x_wconf 87' lang='lat' dir='ltr'><strong>pro</strong></span> <span class='ocrx_word' id='word_1_576' title='bbox 455 4453 611 4501; x_wconf 83' lang='lat' dir='ltr'><strong>hunc.</strong></span> 
     </span>
    </p>
   </div>
   <div class='ocr_carea' id='block_1_79' title="bbox 1888 3208 3463 3281">
    <p class='ocr_par' dir='ltr' id='par_1_79' title="bbox 1888 3208 3463 3281">
     <span class='ocr_line' id='line_1_80' title="bbox 1888 3208 3463 3281; baseline -0.004 -14"><span class='ocrx_word' id='word_1_577' title='bbox 1888 3210 2002 3281; x_wconf 68' lang='grc'>(45)</span> <span class='ocrx_word' id='word_1_578' title='bbox 2038 3212 2155 3273; x_wconf 90' lang='lat' dir='ltr'><strong>Dei,</strong></span> <span class='ocrx_word' id='word_1_579' title='bbox 2182 3218 2236 3262; x_wconf 90' lang='lat' dir='ltr'><strong>et</strong></span> <span class='ocrx_word' id='word_1_580' title='bbox 2281 3209 2492 3263; x_wconf 87' lang='lat' dir='ltr'><strong>animas</strong></span> <span class='ocrx_word' id='word_1_581' title='bbox 2531 3218 2586 3263; x_wconf 91' lang='lat' dir='ltr'><strong>et</strong></span> <span class='ocrx_word' id='word_1_582' title='bbox 2611 3223 2837 3277; x_wconf 88' lang='lat' dir='ltr'><strong>corpora</strong></span> <span class='ocrx_word' id='word_1_583' title='bbox 2874 3209 2991 3262; x_wconf 89' lang='lat' dir='ltr'><strong>sine</strong></span> <span class='ocrx_word' id='word_1_584' title='bbox 3023 3208 3241 3276; x_wconf 86' lang='lat' dir='ltr'><strong>querela</strong></span> <span class='ocrx_word' id='word_1_585' title='bbox 3273 3224 3463 3261; x_wconf 82' lang='lat' dir='ltr'><strong>serva-</strong></span> 
     </span>
    </p>
   </div>
   <div class='ocr_carea' id='block_1_80' title="bbox 1882 3298 3465 3372">
    <p class='ocr_par' dir='ltr' id='par_1_80' title="bbox 1882 3298 3465 3372">
     <span class='ocr_line' id='line_1_81' title="bbox 1882 3298 3465 3372; baseline -0.003 -17"><span class='ocrx_word' id='word_1_586' title='bbox 1882 3303 2093 3369; x_wconf 88' lang='lat' dir='ltr'><strong>verint;</strong></span> <span class='ocrx_word' id='word_1_587' title='bbox 2142 3302 2236 3356; x_wconf 90' lang='lat' dir='ltr'><strong>Dei</strong></span> <span class='ocrx_word' id='word_1_588' title='bbox 2273 3300 2406 3372; x_wconf 63' lang='lat'><strong>(46),</strong></span> <span class='ocrx_word' id='word_1_589' title='bbox 2445 3300 2495 3354; x_wconf 90' lang='lat' dir='ltr'><strong>id</strong></span> <span class='ocrx_word' id='word_1_590' title='bbox 2538 3307 2622 3353; x_wconf 88' lang='lat' dir='ltr'><strong>est</strong></span> <span class='ocrx_word' id='word_1_591' title='bbox 2657 3298 2799 3351; x_wconf 90' lang='lat' dir='ltr'><strong>illam</strong></span> <span class='ocrx_word' id='word_1_592' title='bbox 2834 3313 2955 3366; x_wconf 72' lang='lat' dir='ltr'><strong>qua:</strong></span> <span class='ocrx_word' id='word_1_593' title='bbox 2980 3299 3046 3352; x_wconf 90' lang='lat' dir='ltr'><strong>ad</strong></span> <span class='ocrx_word' id='word_1_594' title='bbox 3090 3299 3256 3351; x_wconf 89' lang='lat' dir='ltr'><strong>Deum</strong></span> <span class='ocrx_word' id='word_1_595' title='bbox 3289 3308 3373 3350; x_wconf 89' lang='lat' dir='ltr'><strong>est</strong></span> <span class='ocrx_word' id='word_1_596' title='bbox 3402 3298 3465 3350; x_wconf 80' lang='grc' dir='ltr'><strong>Ιί-</strong></span> 
     </span>
    </p>
   </div>
   <div class='ocr_carea' id='block_1_81' title="bbox 1879 3390 3465 3461">
    <p class='ocr_par' dir='ltr' id='par_1_81' title="bbox 1879 3390 3465 3461">
     <span class='ocr_line' id='line_1_82' title="bbox 1879 3390 3465 3461; baseline -0.001 -15"><span class='ocrx_word' id='word_1_597' title='bbox 1879 3392 1997 3446; x_wconf 88' lang='lat' dir='ltr'><strong>dem</strong></span> <span class='ocrx_word' id='word_1_598' title='bbox 2026 3402 2330 3456; x_wconf 87' lang='lat' dir='ltr'><strong>servantes,</strong></span> <span class='ocrx_word' id='word_1_599' title='bbox 2365 3401 2419 3445; x_wconf 92' lang='lat' dir='ltr'><strong>et</strong></span> <span class='ocrx_word' id='word_1_600' title='bbox 2458 3405 2575 3444; x_wconf 89' lang='lat' dir='ltr'><strong>eam</strong></span> <span class='ocrx_word' id='word_1_601' title='bbox 2613 3404 2733 3461; x_wconf 83' lang='lat' dir='ltr'><strong>quae</strong></span> <span class='ocrx_word' id='word_1_602' title='bbox 2764 3390 2830 3443; x_wconf 88' lang='lat' dir='ltr'><strong>ad</strong></span> <span class='ocrx_word' id='word_1_603' title='bbox 2864 3391 3169 3459; x_wconf 79' lang='lat' dir='ltr'><strong>proximum</strong></span> <span class='ocrx_word' id='word_1_604' title='bbox 3195 3399 3278 3445; x_wconf 88' lang='lat' dir='ltr'><strong>est</strong></span> <span class='ocrx_word' id='word_1_605' title='bbox 3302 3390 3465 3461; x_wconf 81' lang='lat' dir='ltr'><strong>jnSti-</strong></span> 
     </span>
    </p>
   </div>
   <div class='ocr_carea' id='block_1_82' title="bbox 1881 3482 2453 3537">
    <p class='ocr_par' dir='ltr' id='par_1_82' title="bbox 1881 3482 2453 3537">
     <span class='ocr_line' id='line_1_83' title="bbox 1881 3482 2453 3537; baseline 0.002 -1"><span class='ocrx_word' id='word_1_606' title='bbox 1881 3484 2009 3537; x_wconf 91' lang='lat' dir='ltr'><strong>tiam</strong></span> <span class='ocrx_word' id='word_1_607' title='bbox 2064 3482 2453 3537; x_wconf 88' lang='lat' dir='ltr'><strong>custodientes.</strong></span> 
     </span>
    </p>
   </div>
   <div class='ocr_carea' id='block_1_83' title="bbox 1950 3581 3465 3654">
    <p class='ocr_par' dir='ltr' id='par_1_83' title="bbox 1950 3581 3465 3654">
     <span class='ocr_line' id='line_1_84' title="bbox 1950 3581 3465 3654; baseline -0.002 -13"><span class='ocrx_word' id='word_1_608' title='bbox 1950 3588 2008 3641; x_wconf 71' lang='grc'><strong>2.</strong></span> <span class='ocrx_word' id='word_1_609' title='bbox 2045 3586 2199 3642; x_wconf 90' lang='lat' dir='ltr'><strong>Unde</strong></span> <span class='ocrx_word' id='word_1_610' title='bbox 2222 3596 2278 3641; x_wconf 90' lang='lat' dir='ltr'><strong>et</strong></span> <span class='ocrx_word' id='word_1_611' title='bbox 2312 3585 2573 3654; x_wconf 86' lang='lat' dir='ltr'><strong>templum</strong></span> <span class='ocrx_word' id='word_1_612' title='bbox 2628 3583 2721 3639; x_wconf 87' lang='lat' dir='ltr'><strong>Dei</strong></span> <span class='ocrx_word' id='word_1_613' title='bbox 2761 3583 2968 3652; x_wconf 87' lang='lat' dir='ltr'><strong>plasma</strong></span> <span class='ocrx_word' id='word_1_614' title='bbox 3003 3596 3123 3637; x_wconf 87' lang='lat' dir='ltr'><strong>esse</strong></span> <span class='ocrx_word' id='word_1_615' title='bbox 3155 3582 3267 3637; x_wconf 87' lang='lat' dir='ltr'><strong>ait:</strong></span> <span class='ocrx_word' id='word_1_616' title='bbox 3305 3599 3323 3634; x_wconf 72' lang='grc' dir='ltr'><strong>ε</strong></span> <span class='ocrx_word' id='word_1_617' title='bbox 3365 3581 3465 3638; x_wconf 80' lang='lat' dir='ltr'><strong>Nc-</strong></span> 
     </span>
    </p>
   </div>
   <div class='ocr_carea' id='block_1_84' title="bbox 1887 3768 3460 3842">
    <p class='ocr_par' dir='ltr' id='par_1_84' title="bbox 1887 3768 3460 3842">
     <span class='ocr_line' id='line_1_85' title="bbox 1887 3768 3460 3842; baseline 0.001 -15"><span class='ocrx_word' id='word_1_618' title='bbox 1887 3774 1998 3832; x_wconf 86' lang='lat' dir='ltr'><strong>alii,</strong></span> <span class='ocrx_word' id='word_1_619' title='bbox 2034 3782 2094 3825; x_wconf 89' lang='lat' dir='ltr'><strong>ut</strong></span> <span class='ocrx_word' id='word_1_620' title='bbox 2130 3771 2459 3842; x_wconf 82' lang='lat' dir='ltr'><strong>Philastrius</strong></span> <span class='ocrx_word' id='word_1_621' title='bbox 2488 3784 2610 3836; x_wconf 87' lang='lat' dir='ltr'><strong>cap.</strong></span> <span class='ocrx_word' id='word_1_622' title='bbox 2644 3768 2734 3833; x_wconf 80' lang='lat'><strong>85,</strong></span> <span class='ocrx_word' id='word_1_623' title='bbox 2758 3780 2950 3826; x_wconf 80' lang='lat' dir='ltr'><strong>auctor</strong></span> <span class='ocrx_word' id='word_1_624' title='bbox 2984 3774 3151 3828; x_wconf 89' lang='lat' dir='ltr'><strong>libelli</strong></span> <span class='ocrx_word' id='word_1_625' title='bbox 3189 3777 3264 3829; x_wconf 85' lang='lat' dir='ltr'><strong>De</strong></span> <span class='ocrx_word' id='word_1_626' title='bbox 3292 3777 3460 3842; x_wconf 81' lang='lat' dir='ltr'><strong>digni-</strong></span> 
     </span>
    </p>
   </div>
   <div class='ocr_carea' id='block_1_85' title="bbox 1886 3838 3456 3911">
    <p class='ocr_par' dir='ltr' id='par_1_85' title="bbox 1886 3838 3456 3911">
     <span class='ocr_line' id='line_1_86' title="bbox 1886 3838 3456 3911; baseline 0.003 -16"><span class='ocrx_word' id='word_1_627' title='bbox 1886 3855 1991 3895; x_wconf 90' lang='lat' dir='ltr'><strong>tate</strong></span> <span class='ocrx_word' id='word_1_628' title='bbox 2024 3842 2341 3894; x_wconf 75' lang='lat' dir='ltr'><strong>conditionis</strong></span> <span class='ocrx_word' id='word_1_629' title='bbox 2375 3838 2641 3901; x_wconf 71' lang='lat' dir='ltr'><strong>humanae,</strong></span> <span class='ocrx_word' id='word_1_630' title='bbox 2672 3854 2793 3907; x_wconf 84' lang='lat' dir='ltr'><strong>cap.</strong></span> <span class='ocrx_word' id='word_1_631' title='bbox 2839 3842 2873 3892; x_wconf 75' lang='lat'><strong>‘2</strong></span> <span class='ocrx_word' id='word_1_632' title='bbox 2899 3855 2953 3895; x_wconf 86' lang='lat' dir='ltr'><strong>et</strong></span> <span class='ocrx_word' id='word_1_633' title='bbox 2977 3842 3029 3911; x_wconf 76' lang='lat'>3;</span> <span class='ocrx_word' id='word_1_634' title='bbox 3063 3843 3325 3899; x_wconf 86' lang='lat' dir='ltr'><strong>Paulinus</strong></span> <span class='ocrx_word' id='word_1_635' title='bbox 3351 3838 3456 3900; x_wconf 76' lang='lat' dir='ltr'><strong>No-</strong></span> 
     </span>
    </p>
   </div>
   <div class='ocr_carea' id='block_1_86' title="bbox 1885 3912 2483 3976">
    <p class='ocr_par' dir='ltr' id='par_1_86' title="bbox 1885 3912 2483 3976">
     <span class='ocr_line' id='line_1_87' title="bbox 1885 3912 2483 3976; baseline -0.005 -12"><span class='ocrx_word' id='word_1_636' title='bbox 1885 3912 2043 3964; x_wconf 80' lang='lat' dir='ltr'><strong>lanus</strong></span> <span class='ocrx_word' id='word_1_637' title='bbox 2079 3913 2237 3976; x_wconf 83' lang='lat' dir='ltr'><strong>epist.</strong></span> <span class='ocrx_word' id='word_1_638' title='bbox 2284 3912 2342 3969; x_wconf 76' lang='grc'>2,</span> <span class='ocrx_word' id='word_1_639' title='bbox 2376 3918 2483 3963; x_wconf 88' lang='lat' dir='ltr'><strong>etc.</strong></span> 
     </span>
    </p>
   </div>
   <div class='ocr_carea' id='block_1_87' title="bbox 1945 3975 3456 4103">
    <p class='ocr_par' dir='ltr' id='par_1_87' title="bbox 1945 3975 3456 4103">
     <span class='ocr_line' id='line_1_88' title="bbox 1945 3975 3456 4103; baseline 0.003 -71"><span class='ocrx_word' id='word_1_640' title='bbox 1945 3980 2068 4103; x_wconf 65' lang='grc' dir='ltr'><strong>ί(40)</strong></span> <span class='ocrx_word' id='word_1_641' title='bbox 2105 3978 2406 4045; x_wconf 76' lang='lat' dir='ltr'><strong>Perfectum</strong></span> <span class='ocrx_word' id='word_1_642' title='bbox 2440 3975 2701 4029; x_wconf 80' lang='lat' dir='ltr'><strong>hominem</strong></span> <span class='ocrx_word' id='word_1_643' title='bbox 2734 3980 2899 4047; x_wconf 75' lang='lat' dir='ltr'><strong>efﬁcit.</strong></span> <span class='ocrx_word' id='word_1_644' title='bbox 2937 3981 2994 4035; x_wconf 89' lang='lat' dir='ltr'><strong>In</strong></span> <span class='ocrx_word' id='word_1_645' title='bbox 3030 3998 3229 4051; x_wconf 82' lang='lat' dir='ltr'><strong>genere</strong></span> <span class='ocrx_word' id='word_1_646' title='bbox 3264 3985 3456 4037; x_wconf 85' lang='lat' dir='ltr'><strong>morali</strong></span> 
     </span>
     <span class='ocr_line' id='line_1_89' title="bbox 1979 4045 3456 4103; baseline 0 0"><span class='ocrx_word' id='word_1_647' title='bbox 1979 4051 2160 4103; x_wconf 90' lang='lat' dir='ltr'><strong>elicet.</strong></span> <span class='ocrx_word' id='word_1_648' title='bbox 2195 4064 2298 4101; x_wconf 91' lang='lat' dir='ltr'><strong>non</strong></span> <span class='ocrx_word' id='word_1_649' title='bbox 2334 4047 2384 4098; x_wconf 91' lang='lat' dir='ltr'><strong>in</strong></span> <span class='ocrx_word' id='word_1_650' title='bbox 2422 4045 2677 4100; x_wconf 83' lang='lat' dir='ltr'><strong>naturali.</strong></span> <span class='ocrx_word' id='word_1_651' title='bbox 2722 4048 2903 4103; x_wconf 81' lang='lat' dir='ltr'><strong>Ncoue</strong></span> <span class='ocrx_word' id='word_1_652' title='bbox 2933 4054 3099 4103; x_wconf 90' lang='lat' dir='ltr'><strong>enim.</strong></span> <span class='ocrx_word' id='word_1_653' title='bbox 3134 4063 3283 4103; x_wconf 78' lang='lat' dir='ltr'><strong>nuto.</strong></span> <span class='ocrx_word' id='word_1_654' title='bbox 3336 4057 3456 4103; x_wconf 77' lang='lat' dir='ltr'><strong>exi-</strong></span> 
     </span>
    </p>
   </div>
   <div class='ocr_carea' id='block_1_88' title="bbox 1884 4045 3456 4120">
    <p class='ocr_par' dir='ltr' id='par_1_88' title="bbox 1884 4045 3456 4120">
     <span class='ocr_line' id='line_1_90' title="bbox 1884 4045 3456 4120; baseline 0.003 -17"><span class='ocrx_word' id='word_1_655' title='bbox 1884 4045 2160 4120; x_wconf 75' lang='lat' dir='ltr'><strong>videlicet,</strong></span> <span class='ocrx_word' id='word_1_656' title='bbox 2195 4064 2298 4120; x_wconf 83' lang='lat' dir='ltr'><strong>non</strong></span> <span class='ocrx_word' id='word_1_657' title='bbox 2334 4047 2384 4098; x_wconf 87' lang='lat' dir='ltr'><strong>itt</strong></span> <span class='ocrx_word' id='word_1_658' title='bbox 2422 4045 2677 4100; x_wconf 82' lang='lat' dir='ltr'><strong>naturali.</strong></span> <span class='ocrx_word' id='word_1_659' title='bbox 2722 4045 2903 4118; x_wconf 74' lang='lat' dir='ltr'><strong>Neque</strong></span> <span class='ocrx_word' id='word_1_660' title='bbox 2933 4045 3099 4116; x_wconf 78' lang='lat' dir='ltr'><strong>enim,</strong></span> <span class='ocrx_word' id='word_1_661' title='bbox 3134 4063 3283 4120; x_wconf 87' lang='lat' dir='ltr'><strong>puto,</strong></span> <span class='ocrx_word' id='word_1_662' title='bbox 3336 4057 3456 4107; x_wconf 77' lang='lat' dir='ltr'><strong>exi-</strong></span> 
     </span>
    </p>
   </div>
   <div class='ocr_carea' id='block_1_89' title="bbox 1880 4118 3457 4191">
    <p class='ocr_par' dir='ltr' id='par_1_89' title="bbox 1880 4118 3457 4191">
     <span class='ocr_line' id='line_1_91' title="bbox 1880 4118 3457 4191; baseline 0.001 -18"><span class='ocrx_word' id='word_1_663' title='bbox 1880 4118 2131 4191; x_wconf 86' lang='lat' dir='ltr'><strong>stimabit</strong></span> <span class='ocrx_word' id='word_1_664' title='bbox 2164 4118 2480 4184; x_wconf 86' lang='lat' dir='ltr'><strong>quisquam,</strong></span> <span class='ocrx_word' id='word_1_665' title='bbox 2504 4130 2645 4191; x_wconf 40' lang='lat' dir='ltr'><strong>“eam</strong></span> <span class='ocrx_word' id='word_1_666' title='bbox 2672 4121 3006 4191; x_wconf 67' lang='lat' dir='ltr'><strong>esse_lreuati</strong></span> <span class='ocrx_word' id='word_1_667' title='bbox 3043 4118 3302 4184; x_wconf 86' lang='lat' dir='ltr'><strong>tuentem,</strong></span> <span class='ocrx_word' id='word_1_668' title='bbox 3336 4121 3457 4191; x_wconf 86' lang='lat' dir='ltr'><strong>Spi-</strong></span> 
     </span>
    </p>
   </div>
   <div class='ocr_carea' id='block_1_90' title="bbox 1882 4184 3458 4258">
    <p class='ocr_par' dir='ltr' id='par_1_90' title="bbox 1882 4184 3458 4258">
     <span class='ocr_line' id='line_1_92' title="bbox 1882 4184 3458 4258; baseline 0.002 -17"><span class='ocrx_word' id='word_1_669' title='bbox 1882 4190 2044 4241; x_wconf 89' lang='lat' dir='ltr'><strong>ritum</strong></span> <span class='ocrx_word' id='word_1_670' title='bbox 2074 4197 2347 4258; x_wconf 83' lang='lat' dir='ltr'><strong>sanctum,</strong></span> <span class='ocrx_word' id='word_1_671' title='bbox 2380 4200 2473 4237; x_wconf 88' lang='lat' dir='ltr'><strong>seu</strong></span> <span class='ocrx_word' id='word_1_672' title='bbox 2501 4184 2876 4258; x_wconf 76' lang='lat' dir='ltr'><strong>SpiritumDei</strong></span> <span class='ocrx_word' id='word_1_673' title='bbox 2908 4204 3027 4243; x_wconf 84' lang='lat' dir='ltr'><strong>esse</strong></span> <span class='ocrx_word' id='word_1_674' title='bbox 3047 4199 3250 4258; x_wconf 90' lang='lat' dir='ltr'><strong>partem</strong></span> <span class='ocrx_word' id='word_1_675' title='bbox 3280 4184 3458 4245; x_wconf 81' lang='lat' dir='ltr'><strong>homi-</strong></span> 
     </span>
    </p>
   </div>
   <div class='ocr_carea' id='block_1_91' title="bbox 1884 4255 3453 4326">
    <p class='ocr_par' dir='ltr' id='par_1_91' title="bbox 1884 4255 3453 4326">
     <span class='ocr_line' id='line_1_93' title="bbox 1884 4255 3453 4326; baseline 0.002 -16"><span class='ocrx_word' id='word_1_676' title='bbox 1884 4258 1970 4310; x_wconf 88' lang='lat' dir='ltr'><strong>nis</strong></span> <span class='ocrx_word' id='word_1_677' title='bbox 1999 4255 2348 4316; x_wconf 76' lang='lat' dir='ltr'><strong>essentialent,</strong></span> <span class='ocrx_word' id='word_1_678' title='bbox 2382 4265 2436 4306; x_wconf 91' lang='lat' dir='ltr'><strong>et</strong></span> <span class='ocrx_word' id='word_1_679' title='bbox 2465 4255 2532 4306; x_wconf 88' lang='lat' dir='ltr'><strong>ad</strong></span> <span class='ocrx_word' id='word_1_680' title='bbox 2558 4256 2868 4326; x_wconf 79' lang='lat' dir='ltr'><strong>naturalem</strong></span> <span class='ocrx_word' id='word_1_681' title='bbox 2912 4255 3453 4326; x_wconf 39' lang='lat' dir='ltr'><strong>ejus—perfectionem</strong></span> 
     </span>
    </p>
   </div>
   <div class='ocr_carea' id='block_1_92' title="bbox 1887 4322 3455 4396">
    <p class='ocr_par' dir='ltr' id='par_1_92' title="bbox 1887 4322 3455 4396">
     <span class='ocr_line' id='line_1_94' title="bbox 1887 4322 3455 4396; baseline 0.003 -18"><span class='ocrx_word' id='word_1_682' title='bbox 1887 4327 2111 4394; x_wconf 86' lang='lat' dir='ltr'><strong>requiri.</strong></span> <span class='ocrx_word' id='word_1_683' title='bbox 2141 4326 2193 4377; x_wconf 91' lang='lat' dir='ltr'><strong>ld</strong></span> <span class='ocrx_word' id='word_1_684' title='bbox 2227 4333 2437 4396; x_wconf 84' lang='lat' dir='ltr'><strong>tantum</strong></span> <span class='ocrx_word' id='word_1_685' title='bbox 2484 4322 2955 4396; x_wconf 53' lang='lat' dir='ltr'><strong>VultLhomiuem,</strong></span> <span class='ocrx_word' id='word_1_686' title='bbox 2993 4322 3149 4380; x_wconf 44' lang='lat' dir='ltr'><strong>ut—sit</strong></span> <span class='ocrx_word' id='word_1_687' title='bbox 3179 4329 3455 4396; x_wconf 78' lang='lat' dir='ltr'><strong>perfectus</strong></span> 
     </span>
    </p>
   </div>
   <div class='ocr_carea' id='block_1_93' title="bbox 1887 4391 3451 4465">
    <p class='ocr_par' dir='ltr' id='par_1_93' title="bbox 1887 4391 3451 4465">
     <span class='ocr_line' id='line_1_95' title="bbox 1887 4391 3451 4465; baseline 0.002 -17"><span class='ocrx_word' id='word_1_688' title='bbox 1887 4391 2173 4464; x_wconf 53' lang='lat' dir='ltr'><strong>iu&#39;geuere</strong></span> <span class='ocrx_word' id='word_1_689' title='bbox 2200 4392 2424 4456; x_wconf 81' lang='lat' dir='ltr'><strong>morali,</strong></span> <span class='ocrx_word' id='word_1_690' title='bbox 2470 4402 2539 4465; x_wconf 77' lang='lat' dir='ltr'><strong>et</strong></span> <span class='ocrx_word' id='word_1_691' title='bbox 2594 4391 2935 4465; x_wconf 83' lang='lat' dir='ltr'><strong>Christianus</strong></span> <span class='ocrx_word' id='word_1_692' title='bbox 2988 4411 3115 4450; x_wconf 86' lang='lat' dir='ltr'><strong>vere</strong></span> <span class='ocrx_word' id='word_1_693' title='bbox 3166 4391 3451 4465; x_wconf 79' lang='lat' dir='ltr'><strong>spiritalis,</strong></span> 
     </span>
    </p>
   </div>
   <div class='ocr_carea' id='block_1_94' title="bbox 1891 4462 3453 4530">
    <p class='ocr_par' dir='ltr' id='par_1_94' title="bbox 1891 4462 3453 4530">
     <span class='ocr_line' id='line_1_96' title="bbox 1891 4462 3453 4530; baseline 0.003 -14"><span class='ocrx_word' id='word_1_694' title='bbox 1891 4462 2154 4530; x_wconf 79' lang='lat' dir='ltr'><strong>Spiritum</strong></span> <span class='ocrx_word' id='word_1_695' title='bbox 2191 4472 2438 4516; x_wconf 85' lang='lat' dir='ltr'><strong>sanctum</strong></span> <span class='ocrx_word' id='word_1_696' title='bbox 2470 4462 2521 4513; x_wconf 90' lang='lat' dir='ltr'><strong>in</strong></span> <span class='ocrx_word' id='word_1_697' title='bbox 2561 4463 3067 4530; x_wconf 13' lang='lat' dir='ltr'><strong>seriuhabitantcm</strong></span> <span class='ocrx_word' id='word_1_698' title='bbox 3127 4462 3329 4521; x_wconf 86' lang='lat' dir='ltr'><strong>habere</strong></span> <span class='ocrx_word' id='word_1_699' title='bbox 3358 4470 3453 4521; x_wconf 89' lang='lat' dir='ltr'><strong>de-</strong></span> 
     </span>
    </p>
   </div>
   <div class='ocr_carea' id='block_1_95' title="bbox 267 4518 3449 4601">
    <p class='ocr_par' dir='ltr' id='par_1_95' title="bbox 267 4518 3449 4601">
     <span class='ocr_line' id='line_1_97' title="bbox 267 4518 3449 4601; baseline 0.005 -30"><span class='ocrx_word' id='word_1_700' title='bbox 267 4519 386 4586; x_wconf 85' lang='grc'>(58)</span> <span class='ocrx_word' id='word_1_701' title='bbox 428 4518 585 4571; x_wconf 79' lang='lat' dir='ltr'><strong>Nude</strong></span> <span class='ocrx_word' id='word_1_702' title='bbox 610 4521 803 4587; x_wconf 81' lang='lat' dir='ltr'><strong>ipsum.</strong></span> <span class='ocrx_word' id='word_1_703' title='bbox 844 4520 935 4577; x_wconf 87' lang='lat' dir='ltr'><strong>Sic</strong></span> <span class='ocrx_word' id='word_1_704' title='bbox 963 4538 1030 4577; x_wconf 85' lang='lat' dir='ltr'><strong>ex</strong></span> <span class='ocrx_word' id='word_1_705' title='bbox 1061 4522 1458 4598; x_wconf 87' lang='lat' dir='ltr'><strong>Clarom.posni</strong></span> <span class='ocrx_word' id='word_1_706' title='bbox 1516 4546 1615 4601; x_wconf 90' lang='lat' dir='ltr'><strong>pro</strong></span> <span class='ocrx_word' id='word_1_707' title='bbox 1645 4534 1783 4587; x_wconf 84' lang='lat' dir='ltr'><strong>unde</strong></span> <span class='ocrx_word' id='word_1_708' title='bbox 1816 4527 1862 4586; x_wconf 88' lang='lat' dir='ltr'><strong>D</strong></span> <span class='ocrx_word' id='word_1_709' title='bbox 1894 4518 2054 4594; x_wconf 73' lang='lat' dir='ltr'><strong>bere;</strong></span> <span class='ocrx_word' id='word_1_710' title='bbox 2092 4548 2250 4585; x_wconf 84' lang='lat' dir='ltr'><strong>secus</strong></span> <span class='ocrx_word' id='word_1_711' title='bbox 2280 4531 2571 4582; x_wconf 83' lang='lat' dir='ltr'><strong>animalem</strong></span> <span class='ocrx_word' id='word_1_712' title='bbox 2631 4529 2873 4584; x_wconf 80' lang='lat' dir='ltr'><strong>futurum</strong></span> <span class='ocrx_word' id='word_1_713' title='bbox 2902 4572 2917 4597; x_wconf 95' lang='lat'><strong>,</strong></span> <span class='ocrx_word' id='word_1_714' title='bbox 2970 4545 3025 4588; x_wconf 90' lang='lat' dir='ltr'><strong>et</strong></span> <span class='ocrx_word' id='word_1_715' title='bbox 3081 4518 3449 4590; x_wconf 74' lang='lat' dir='ltr'><strong>Christianum</strong></span> 
     </span>
    </p>
   </div>
   <div class='ocr_carea' id='block_1_96' title="bbox 187 4588 448 4652">
    <p class='ocr_par' dir='ltr' id='par_1_96' title="bbox 187 4588 448 4652">
     <span class='ocr_line' id='line_1_98' title="bbox 187 4588 448 4652; baseline -0.004 -12"><span class='ocrx_word' id='word_1_716' title='bbox 187 4588 448 4652; x_wconf 76' lang='lat' dir='ltr'><strong>idipsnm.</strong></span> 
     </span>
    </p>
   </div>
   <div class='ocr_carea' id='block_1_97' title="bbox 267 4656 1768 4735">
    <p class='ocr_par' dir='ltr' id='par_1_97' title="bbox 267 4656 1768 4735">
     <span class='ocr_line' id='line_1_99' title="bbox 267 4656 1768 4735; baseline 0.011 -25"><span class='ocrx_word' id='word_1_717' title='bbox 267 4658 383 4735; x_wconf 57' lang='lat'><strong>(59)</strong></span> <span class='ocrx_word' id='word_1_718' title='bbox 441 4656 730 4735; x_wconf 65' lang='lat' dir='ltr'><strong>imaginem</strong></span> <span class='ocrx_word' id='word_1_719' title='bbox 766 4661 975 4735; x_wconf 68' lang='lat' dir='ltr'><strong>quidem</strong></span> <span class='ocrx_word' id='word_1_720' title='bbox 1006 4662 1203 4735; x_wconf 72' lang='lat' dir='ltr'><strong>habens</strong></span> <span class='ocrx_word' id='word_1_721' title='bbox 1251 4683 1305 4719; x_wconf 86' lang='lat' dir='ltr'><strong>tn</strong></span> <span class='ocrx_word' id='word_1_722' title='bbox 1347 4667 1629 4735; x_wconf 79' lang='lat' dir='ltr'><strong>plasmate,</strong></span> <span class='ocrx_word' id='word_1_723' title='bbox 1658 4681 1768 4727; x_wconf 90' lang='lat' dir='ltr'><strong>etc.</strong></span> 
     </span>
    </p>
   </div>
   <div class='ocr_carea' id='block_1_98' title="bbox 185 4726 1771 4803">
    <p class='ocr_par' dir='ltr' id='par_1_98' title="bbox 185 4726 1771 4803">
     <span class='ocr_line' id='line_1_100' title="bbox 185 4726 1771 4803; baseline 0.009 -23"><span class='ocrx_word' id='word_1_724' title='bbox 185 4726 293 4781; x_wconf 83' lang='lat' dir='ltr'><strong>Hic</strong></span> <span class='ocrx_word' id='word_1_725' title='bbox 324 4726 853 4803; x_wconf 52' lang='lat' dir='ltr'><strong>distingniuauctor</strong></span> <span class='ocrx_word' id='word_1_726' title='bbox 880 4732 1021 4803; x_wconf 82' lang='lat' dir='ltr'><strong>inter</strong></span> <span class='ocrx_word' id='word_1_727' title='bbox 1054 4726 1425 4803; x_wconf 53' lang='lat' dir='ltr'><strong>imaginem&#39;et</strong></span> <span class='ocrx_word' id='word_1_728' title='bbox 1458 4726 1771 4793; x_wconf 54' lang='lat' dir='ltr'><strong>similitudié</strong></span> 
     </span>
    </p>
   </div>
   <div class='ocr_carea' id='block_1_99' title="bbox 187 4794 1769 4878">
    <p class='ocr_par' dir='ltr' id='par_1_99' title="bbox 187 4794 1769 4878">
     <span class='ocr_line' id='line_1_101' title="bbox 187 4794 1769 4878; baseline 0.009 -29"><span class='ocrx_word' id='word_1_729' title='bbox 187 4811 316 4849; x_wconf 86' lang='lat' dir='ltr'><strong>uem</strong></span> <span class='ocrx_word' id='word_1_730' title='bbox 340 4794 455 4847; x_wconf 89' lang='lat' dir='ltr'><strong>Dei.</strong></span> <span class='ocrx_word' id='word_1_731' title='bbox 481 4794 773 4878; x_wconf 74' lang='lat' dir='ltr'><strong>imaginem</strong></span> <span class='ocrx_word' id='word_1_732' title='bbox 800 4801 947 4867; x_wconf 91' lang='lat' dir='ltr'><strong>ponit</strong></span> <span class='ocrx_word' id='word_1_733' title='bbox 971 4802 1021 4853; x_wconf 93' lang='lat' dir='ltr'><strong>in</strong></span> <span class='ocrx_word' id='word_1_734' title='bbox 1046 4794 1329 4878; x_wconf 65' lang='lat' dir='ltr'><strong>plasmate,</strong></span> <span class='ocrx_word' id='word_1_735' title='bbox 1358 4807 1769 4878; x_wconf 82' lang='lat' dir='ltr'><strong>similitudinem</strong></span> 
     </span>
    </p>
   </div>
   <div class='ocr_carea' id='block_1_100' title="bbox 187 4869 1765 4945">
    <p class='ocr_par' dir='ltr' id='par_1_100' title="bbox 187 4869 1765 4945">
     <span class='ocr_line' id='line_1_102' title="bbox 187 4869 1765 4945; baseline 0.008 -26"><span class='ocrx_word' id='word_1_736' title='bbox 187 4880 321 4945; x_wconf 60' lang='lat' dir='ltr'><strong>vero</strong></span> <span class='ocrx_word' id='word_1_737' title='bbox 352 4878 464 4945; x_wconf 68' lang='lat' dir='ltr'><strong>per</strong></span> <span class='ocrx_word' id='word_1_738' title='bbox 500 4869 795 4945; x_wconf 71' lang='lat' dir='ltr'><strong>Spiritum,</strong></span> <span class='ocrx_word' id='word_1_739' title='bbox 829 4884 1013 4945; x_wconf 81' lang='lat' dir='ltr'><strong>__qnem</strong></span> <span class='ocrx_word' id='word_1_740' title='bbox 1076 4872 1215 4926; x_wconf 90' lang='lat' dir='ltr'><strong>Deus</strong></span> <span class='ocrx_word' id='word_1_741' title='bbox 1254 4876 1481 4943; x_wconf 91' lang='lat' dir='ltr'><strong>inspirat</strong></span> <span class='ocrx_word' id='word_1_742' title='bbox 1537 4879 1765 4944; x_wconf 90' lang='lat' dir='ltr'><strong>homini,</strong></span> 
     </span>
    </p>
   </div>
   <div class='ocr_carea' id='block_1_101' title="bbox 184 4935 1765 5001">
    <p class='ocr_par' dir='ltr' id='par_1_101' title="bbox 184 4935 1765 5001">
     <span class='ocr_line' id='line_1_103' title="bbox 184 4935 1765 5001; baseline 0.009 -14"><span class='ocrx_word' id='word_1_743' title='bbox 184 4935 312 4987; x_wconf 84' lang='lat' dir='ltr'><strong>dari</strong></span> <span class='ocrx_word' id='word_1_744' title='bbox 339 4935 493 4987; x_wconf 88' lang='lat' dir='ltr'><strong>dicit.</strong></span> <span class='ocrx_word' id='word_1_745' title='bbox 536 4935 665 4999; x_wconf 64' lang='lat' dir='ltr'><strong>Quae</strong></span> <span class='ocrx_word' id='word_1_746' title='bbox 692 4946 747 4988; x_wconf 87' lang='lat' dir='ltr'><strong>et</strong></span> <span class='ocrx_word' id='word_1_747' title='bbox 794 4937 1025 4991; x_wconf 90' lang='lat' dir='ltr'><strong>aliorum</strong></span> <span class='ocrx_word' id='word_1_748' title='bbox 1059 4951 1303 4995; x_wconf 83' lang='lat' dir='ltr'><strong>veterum</strong></span> <span class='ocrx_word' id='word_1_749' title='bbox 1336 4935 1608 5000; x_wconf 78' lang='lat' dir='ltr'><strong>sententia</strong></span> <span class='ocrx_word' id='word_1_750' title='bbox 1643 4935 1765 5001; x_wconf 57' lang='lat' dir='ltr'><strong>fuit;</strong></span> 
     </span>
    </p>
   </div>
   <div class='ocr_carea' id='block_1_102' title="bbox 184 5003 1764 5085">
    <p class='ocr_par' dir='ltr' id='par_1_102' title="bbox 184 5003 1764 5085">
     <span class='ocr_line' id='line_1_104' title="bbox 184 5003 1764 5085; baseline 0.008 -27"><span class='ocrx_word' id='word_1_751' title='bbox 184 5003 450 5085; x_wconf 52' lang='lat' dir='ltr'><strong>Clemens</strong></span> <span class='ocrx_word' id='word_1_752' title='bbox 485 5004 783 5085; x_wconf 62' lang='lat' dir='ltr'><strong>Alexandr,</strong></span> <span class='ocrx_word' id='word_1_753' title='bbox 822 5006 875 5058; x_wconf 91' lang='lat' dir='ltr'><strong>in</strong></span> <span class='ocrx_word' id='word_1_754' title='bbox 928 5012 1171 5065; x_wconf 89' lang='lat' dir='ltr'><strong>secundo</strong></span> <span class='ocrx_word' id='word_1_755' title='bbox 1198 5010 1588 5085; x_wconf 12' lang='lat' dir='ltr'><strong>Stromqipag.</strong></span> <span class='ocrx_word' id='word_1_756' title='bbox 1623 5018 1725 5071; x_wconf 80' lang='grc'><strong>180</strong></span> <span class='ocrx_word' id='word_1_757' title='bbox 1750 5056 1764 5078; x_wconf 84' lang='grc'><em>,</em></span> 
     </span>
    </p>
   </div>
   <div class='ocr_carea' id='block_1_103' title="bbox 184 5071 1767 5155">
    <p class='ocr_par' dir='ltr' id='par_1_103' title="bbox 184 5071 1767 5155">
     <span class='ocr_line' id='line_1_105' title="bbox 184 5071 1767 5155; baseline 0.008 -30"><span class='ocrx_word' id='word_1_758' title='bbox 184 5074 329 5155; x_wconf 73' lang='lat' dir='ltr'><strong>edit.</strong></span> <span class='ocrx_word' id='word_1_759' title='bbox 356 5071 687 5155; x_wconf 33' lang='lat' dir='ltr'><strong>Qomeln‘ea</strong></span> <span class='ocrx_word' id='word_1_760' title='bbox 712 5077 1015 5155; x_wconf 78' lang='lat' dir='ltr'><strong>aliquorum</strong></span> <span class='ocrx_word' id='word_1_761' title='bbox 1037 5083 1317 5155; x_wconf 74' lang='lat' dir='ltr'><strong>sententia</strong></span> <span class='ocrx_word' id='word_1_762' title='bbox 1362 5071 1564 5155; x_wconf 60' lang='lat' dir='ltr'><strong>refert:</strong></span> <span class='ocrx_word' id='word_1_763' title='bbox 1582 5086 1641 5137; x_wconf 82' lang='grc' dir='ltr'><strong>τὸ</strong></span> <span class='ocrx_word' id='word_1_764' title='bbox 1669 5071 1767 5155; x_wconf 73' lang='grc' dir='ltr'><strong>μὲῦ</strong></span> 
     </span>
    </p>
   </div>
   <div class='ocr_carea' id='block_1_104' title="bbox 188 5142 1767 5223">
    <p class='ocr_par' dir='ltr' id='par_1_104' title="bbox 188 5142 1767 5223">
     <span class='ocr_line' id='line_1_106' title="bbox 188 5142 1767 5223; baseline 0.009 -31"><span class='ocrx_word' id='word_1_765' title='bbox 188 5144 314 5223; x_wconf 52' lang='grc' dir='ltr'><strong>ξας</strong></span> <span class='ocrx_word' id='word_1_766' title='bbox 351 5142 532 5194; x_wconf 65' lang='grc' dir='ltr'>εἰκόνα</span> <span class='ocrx_word' id='word_1_767' title='bbox 564 5142 952 5223; x_wconf 42' lang='grc' dir='ltr'><strong>εξέθὲωςμηατᾴ</strong></span> <span class='ocrx_word' id='word_1_768' title='bbox 996 5147 1094 5218; x_wconf 86' lang='grc' dir='ltr'>τὴν</span> <span class='ocrx_word' id='word_1_769' title='bbox 1127 5149 1336 5223; x_wconf 43' lang='lat' dir='ltr'><strong>revecti:</strong></span> <span class='ocrx_word' id='word_1_770' title='bbox 1370 5142 1645 5223; x_wconf 74' lang='grc' dir='ltr'>εἰληφέναι</span> <span class='ocrx_word' id='word_1_771' title='bbox 1669 5142 1767 5207; x_wconf 79' lang='grc' dir='ltr'><strong>’τὸν</strong></span> 
     </span>
    </p>
   </div>
   <div class='ocr_carea' id='block_1_105' title="bbox 185 5212 1765 5295">
    <p class='ocr_par' dir='ltr' id='par_1_105' title="bbox 185 5212 1765 5295">
     <span class='ocr_line' id='line_1_107' title="bbox 185 5212 1765 5295; baseline 0.008 -31"><span class='ocrx_word' id='word_1_772' title='bbox 185 5212 485 5295; x_wconf 54' lang='grc' dir='ltr'><strong>ᾶνρεωπον</strong></span> <span class='ocrx_word' id='word_1_773' title='bbox 510 5228 523 5241; x_wconf 82' lang='grc'><strong>’</strong></span> <span class='ocrx_word' id='word_1_774' title='bbox 559 5212 631 5295; x_wconf 53' lang='grc' dir='ltr'><strong>ξς)</strong></span> <span class='ocrx_word' id='word_1_775' title='bbox 831 5212 1089 5295; x_wconf 47' lang='grc' dir='ltr'><strong>ῥμοὲοέᾳίν</strong></span> <span class='ocrx_word' id='word_1_776' title='bbox 1133 5212 1222 5295; x_wconf 42' lang='lat' dir='ltr'><strong>es,</strong></span> <span class='ocrx_word' id='word_1_777' title='bbox 1251 5212 1483 5295; x_wconf 58' lang='grc' dir='ltr'><strong>ξύστεροκί</strong></span> <span class='ocrx_word' id='word_1_778' title='bbox 1502 5212 1645 5295; x_wconf 61' lang='lat' dir='ltr'><strong>itura</strong></span> <span class='ocrx_word' id='word_1_779' title='bbox 1670 5225 1765 5295; x_wconf 84' lang='grc' dir='ltr'><strong>τὴν</strong></span> 
     </span>
    </p>
   </div>
   <div class='ocr_carea' id='block_1_106' title="bbox 184 5281 1766 5361">
    <p class='ocr_par' dir='ltr' id='par_1_106' title="bbox 184 5281 1766 5361">
     <span class='ocr_line' id='line_1_108' title="bbox 184 5281 1766 5361; baseline 0.008 -28"><span class='ocrx_word' id='word_1_780' title='bbox 184 5281 476 5361; x_wconf 59' lang='grc' dir='ltr'><strong>τξλείωσιν</strong></span> <span class='ocrx_word' id='word_1_781' title='bbox 505 5281 725 5361; x_wconf 38' lang='grc' dir='ltr'><strong>μέλλειν.</strong></span> <span class='ocrx_word' id='word_1_782' title='bbox 744 5281 1167 5361; x_wconf 66' lang='grc' dir='ltr'><strong>ἀπολαμϐάνειν.</strong></span> <span class='ocrx_word' id='word_1_783' title='bbox 1198 5289 1262 5361; x_wconf 88' lang='lat' dir='ltr'><strong>d</strong></span> <span class='ocrx_word' id='word_1_784' title='bbox 1283 5281 1423 5359; x_wconf 49' lang='lat' dir='ltr'><strong>quo-cl</strong></span> <span class='ocrx_word' id='word_1_785' title='bbox 1449 5304 1521 5345; x_wconf 78' lang='lat' dir='ltr'><strong>est</strong></span> <span class='ocrx_word' id='word_1_786' title='bbox 1546 5294 1613 5345; x_wconf 83' lang='lat' dir='ltr'><strong>ad</strong></span> <span class='ocrx_word' id='word_1_787' title='bbox 1632 5281 1766 5346; x_wconf 70' lang='lat' dir='ltr'><strong>ima—</strong></span> 
     </span>
    </p>
   </div>
   <div class='ocr_carea' id='block_1_107' title="bbox 186 5354 1765 5424">
    <p class='ocr_par' dir='ltr' id='par_1_107' title="bbox 186 5354 1765 5424">
     <span class='ocr_line' id='line_1_109' title="bbox 186 5354 1765 5424; baseline 0.008 -24"><span class='ocrx_word' id='word_1_788' title='bbox 186 5354 391 5419; x_wconf 81' lang='lat' dir='ltr'><strong>ginem,</strong></span> <span class='ocrx_word' id='word_1_789' title='bbox 418 5354 601 5424; x_wconf 75' lang='lat' dir='ltr'><strong>statim</strong></span> <span class='ocrx_word' id='word_1_790' title='bbox 625 5354 680 5424; x_wconf 81' lang='lat' dir='ltr'><strong>in</strong></span> <span class='ocrx_word' id='word_1_791' title='bbox 709 5354 820 5424; x_wconf 76' lang='lat' dir='ltr'><strong>ipsa</strong></span> <span class='ocrx_word' id='word_1_792' title='bbox 838 5359 1171 5421; x_wconf 86' lang='lat' dir='ltr'><strong>generatione</strong></span> <span class='ocrx_word' id='word_1_793' title='bbox 1192 5354 1455 5414; x_wconf 71' lang='lat' dir='ltr'><strong>houiinem</strong></span> <span class='ocrx_word' id='word_1_794' title='bbox 1480 5366 1765 5424; x_wconf 73' lang='lat' dir='ltr'><strong>accepisse:</strong></span> 
     </span>
    </p>
   </div>
   <div class='ocr_carea' id='block_1_108' title="bbox 189 5422 1766 5492">
    <p class='ocr_par' dir='ltr' id='par_1_108' title="bbox 189 5422 1766 5492">
     <span class='ocr_line' id='line_1_110' title="bbox 189 5422 1766 5492; baseline 0.008 -21"><span class='ocrx_word' id='word_1_795' title='bbox 189 5430 246 5492; x_wconf 82' lang='lat' dir='ltr'><strong>ut</strong></span> <span class='ocrx_word' id='word_1_796' title='bbox 282 5428 467 5472; x_wconf 81' lang='lat' dir='ltr'><strong>autem</strong></span> <span class='ocrx_word' id='word_1_797' title='bbox 492 5422 560 5472; x_wconf 84' lang='lat' dir='ltr'><strong>ad</strong></span> <span class='ocrx_word' id='word_1_798' title='bbox 589 5422 989 5476; x_wconf 76' lang='lat' dir='ltr'><strong>similitudinem</strong></span> <span class='ocrx_word' id='word_1_799' title='bbox 1021 5428 1109 5492; x_wconf 73' lang='lat' dir='ltr'><strong>sit,</strong></span> <span class='ocrx_word' id='word_1_800' title='bbox 1146 5437 1325 5486; x_wconf 73' lang='lat' dir='ltr'><strong>postea</strong></span> <span class='ocrx_word' id='word_1_801' title='bbox 1352 5432 1403 5482; x_wconf 88' lang='lat' dir='ltr'><strong>iu</strong></span> <span class='ocrx_word' id='word_1_802' title='bbox 1432 5422 1766 5484; x_wconf 80' lang='lat' dir='ltr'><strong>consumma-</strong></span> 
     </span>
    </p>
   </div>
   <div class='ocr_carea' id='block_1_109' title="bbox 185 5491 1763 5561">
    <p class='ocr_par' dir='ltr' id='par_1_109' title="bbox 185 5491 1763 5561">
     <span class='ocr_line' id='line_1_111' title="bbox 185 5491 1763 5561; baseline 0.008 -22"><span class='ocrx_word' id='word_1_803' title='bbox 185 5491 331 5561; x_wconf 77' lang='lat' dir='ltr'><strong>tione</strong></span> <span class='ocrx_word' id='word_1_804' title='bbox 359 5505 470 5541; x_wconf 71' lang='lat' dir='ltr'><strong>esse</strong></span> <span class='ocrx_word' id='word_1_805' title='bbox 499 5500 799 5555; x_wconf 85' lang='lat' dir='ltr'><strong>capturum.</strong></span> <span class='ocrx_word' id='word_1_806' title='bbox 846 5492 1042 5548; x_wconf 68' lang='lat' dir='ltr'><strong>Volunt</strong></span> <span class='ocrx_word' id='word_1_807' title='bbox 1073 5491 1280 5550; x_wconf 85' lang='lat' dir='ltr'><strong>scilicet</strong></span> <span class='ocrx_word' id='word_1_808' title='bbox 1304 5538 1319 5561; x_wconf 94' lang='lat'><strong>,</strong></span> <span class='ocrx_word' id='word_1_809' title='bbox 1352 5500 1763 5554; x_wconf 86' lang='lat' dir='ltr'><strong>similitudinem</strong></span> 
     </span>
    </p>
   </div>
   <div class='ocr_carea' id='block_1_110' title="bbox 186 5558 1761 5636">
    <p class='ocr_par' dir='ltr' id='par_1_110' title="bbox 186 5558 1761 5636">
     <span class='ocr_line' id='line_1_112' title="bbox 186 5558 1761 5636; baseline 0.009 -27"><span class='ocrx_word' id='word_1_810' title='bbox 186 5558 495 5636; x_wconf 77' lang='lat' dir='ltr'><strong>perfectum</strong></span> <span class='ocrx_word' id='word_1_811' title='bbox 525 5573 648 5636; x_wconf 80' lang='lat' dir='ltr'><strong>esse</strong></span> <span class='ocrx_word' id='word_1_812' title='bbox 679 5561 848 5614; x_wconf 88' lang='lat' dir='ltr'><strong>animi</strong></span> <span class='ocrx_word' id='word_1_813' title='bbox 880 5565 1237 5632; x_wconf 73' lang='lat' dir='ltr'><strong>corporisque</strong></span> <span class='ocrx_word' id='word_1_814' title='bbox 1270 5558 1493 5631; x_wconf 80' lang='lat' dir='ltr'><strong>statum,</strong></span> <span class='ocrx_word' id='word_1_815' title='bbox 1519 5572 1761 5623; x_wconf 89' lang='lat' dir='ltr'><strong>omnium</strong></span> 
     </span>
    </p>
   </div>
   <div class='ocr_carea' id='block_1_111' title="bbox 186 5630 1761 5707">
    <p class='ocr_par' dir='ltr' id='par_1_111' title="bbox 186 5630 1761 5707">
     <span class='ocr_line' id='line_1_113' title="bbox 186 5630 1761 5707; baseline 0.008 -28"><span class='ocrx_word' id='word_1_816' title='bbox 186 5630 457 5707; x_wconf 67' lang='lat' dir='ltr'><strong>virtutum</strong></span> <span class='ocrx_word' id='word_1_817' title='bbox 490 5643 554 5681; x_wconf 86' lang='lat' dir='ltr'><strong>ac</strong></span> <span class='ocrx_word' id='word_1_818' title='bbox 586 5630 851 5707; x_wconf 85' lang='lat' dir='ltr'><strong>bonorum</strong></span> <span class='ocrx_word' id='word_1_819' title='bbox 902 5630 1247 5707; x_wconf 72' lang='lat' dir='ltr'><strong>possessione</strong></span> <span class='ocrx_word' id='word_1_820' title='bbox 1280 5630 1639 5701; x_wconf 83' lang='lat' dir='ltr'><strong>cumulatum,</strong></span> <span class='ocrx_word' id='word_1_821' title='bbox 1670 5641 1761 5707; x_wconf 91' lang='lat' dir='ltr'><strong>qui</strong></span> 
     </span>
    </p>
   </div>
   <div class='ocr_carea' id='block_1_112' title="bbox 187 5696 1761 5777">
    <p class='ocr_par' dir='ltr' id='par_1_112' title="bbox 187 5696 1761 5777">
     <span class='ocr_line' id='line_1_114' title="bbox 187 5696 1761 5777; baseline 0.007 -29"><span class='ocrx_word' id='word_1_822' title='bbox 187 5712 287 5777; x_wconf 79' lang='lat' dir='ltr'><strong>nos</strong></span> <span class='ocrx_word' id='word_1_823' title='bbox 318 5696 430 5775; x_wconf 78' lang='lat' dir='ltr'><strong>Deo</strong></span> <span class='ocrx_word' id='word_1_824' title='bbox 462 5712 627 5775; x_wconf 83' lang='lat' dir='ltr'><strong>quam</strong></span> <span class='ocrx_word' id='word_1_825' title='bbox 671 5696 1178 5777; x_wconf 34' lang='lat' dir='ltr'><strong>proximosureddit.</strong></span> <span class='ocrx_word' id='word_1_826' title='bbox 1215 5705 1305 5758; x_wconf 90' lang='lat' dir='ltr'><strong>Sic</strong></span> <span class='ocrx_word' id='word_1_827' title='bbox 1343 5708 1543 5773; x_wconf 86' lang='lat' dir='ltr'><strong>passim</strong></span> <span class='ocrx_word' id='word_1_828' title='bbox 1577 5696 1635 5760; x_wconf 25' lang='lat' dir='ltr'><strong>inv</strong></span> <span class='ocrx_word' id='word_1_829' title='bbox 1666 5696 1761 5760; x_wconf 77' lang='lat' dir='ltr'><strong>tia-</strong></span> 
     </span>
    </p>
   </div>
   <div class='ocr_carea' id='block_1_113' title="bbox 190 5769 1759 5840">
    <p class='ocr_par' dir='ltr' id='par_1_113' title="bbox 190 5769 1759 5840">
     <span class='ocr_line' id='line_1_115' title="bbox 190 5769 1759 5840; baseline 0.009 -23"><span class='ocrx_word' id='word_1_830' title='bbox 190 5775 310 5819; x_wconf 87' lang='lat' dir='ltr'><strong>tura</strong></span> <span class='ocrx_word' id='word_1_831' title='bbox 346 5769 675 5827; x_wconf 71' lang='lat' dir='ltr'><strong>imaginem;</strong></span> <span class='ocrx_word' id='word_1_832' title='bbox 714 5769 1121 5826; x_wconf 85' lang='lat' dir='ltr'><strong>similitudinem</strong></span> <span class='ocrx_word' id='word_1_833' title='bbox 1157 5776 1208 5829; x_wconf 87' lang='lat' dir='ltr'><strong>in</strong></span> <span class='ocrx_word' id='word_1_834' title='bbox 1240 5769 1442 5830; x_wconf 74' lang='lat' dir='ltr'><strong>virtute</strong></span> <span class='ocrx_word' id='word_1_835' title='bbox 1491 5787 1759 5840; x_wconf 81' lang='lat' dir='ltr'><strong>reponunt</strong></span> 
     </span>
    </p>
   </div>
   <div class='ocr_carea' id='block_1_114' title="bbox 1874 4602 3449 4736">
    <p class='ocr_par' dir='ltr' id='par_1_114' title="bbox 1874 4602 3449 4736">
     <span class='ocr_line' id='line_1_116' title="bbox 1876 4602 3449 4674; baseline 0.004 -20"><span class='ocrx_word' id='word_1_836' title='bbox 1876 4602 2278 4667; x_wconf 78' lang='lat' dir='ltr'><strong>imperfectum.</strong></span> <span class='ocrx_word' id='word_1_837' title='bbox 2310 4602 2463 4665; x_wconf 87' lang='lat' dir='ltr'><strong>Quod</strong></span> <span class='ocrx_word' id='word_1_838' title='bbox 2498 4604 2779 4667; x_wconf 83' lang='lat' dir='ltr'><strong>sequentia</strong></span> <span class='ocrx_word' id='word_1_839' title='bbox 2813 4603 2941 4658; x_wconf 85' lang='lat' dir='ltr'><strong>satis</strong></span> <span class='ocrx_word' id='word_1_840' title='bbox 2982 4606 3277 4674; x_wconf 75' lang='lat' dir='ltr'><strong>explicant.</strong></span> <span class='ocrx_word' id='word_1_841' title='bbox 3314 4604 3449 4660; x_wconf 83' lang='lat' dir='ltr'><strong>Vide</strong></span> 
     </span>
     <span class='ocr_line' id='line_1_117' title="bbox 1874 4669 2364 4736; baseline -0.006 -13"><span class='ocrx_word' id='word_1_842' title='bbox 1874 4672 2087 4724; x_wconf 79' lang='lat' dir='ltr'><strong>dissert.</strong></span> <span class='ocrx_word' id='word_1_843' title='bbox 2124 4671 2179 4733; x_wconf 90' lang='grc'><strong>5,</strong></span> <span class='ocrx_word' id='word_1_844' title='bbox 2221 4669 2246 4736; x_wconf 86' lang='lat'>§</span> <span class='ocrx_word' id='word_1_845' title='bbox 2282 4670 2364 4722; x_wconf 77' lang='grc'><strong>10.</strong></span> 
     </span>
    </p>
   </div>
   <div class='ocr_carea' id='block_1_115' title="bbox 1912 4672 2364 4733">
    <p class='ocr_par' dir='ltr' id='par_1_115' title="bbox 1912 4672 2364 4733">
     <span class='ocr_line' id='line_1_118' title="bbox 1912 4672 2364 4733; baseline -0.007 -10"><span class='ocrx_word' id='word_1_846' title='bbox 1912 4672 2087 4724; x_wconf 72' lang='lat' dir='ltr'><strong>issent.</strong></span> <span class='ocrx_word' id='word_1_847' title='bbox 2124 4672 2179 4733; x_wconf 87' lang='grc'><strong>5,</strong></span> <span class='ocrx_word' id='word_1_848' title='bbox 2221 4672 2246 4733; x_wconf 86' lang='lat'>§</span> <span class='ocrx_word' id='word_1_849' title='bbox 2282 4672 2364 4722; x_wconf 73' lang='lat'><strong>10.</strong></span> 
     </span>
    </p>
   </div>
   <div class='ocr_carea' id='block_1_116' title="bbox 1946 4738 3443 4809">
    <p class='ocr_par' dir='ltr' id='par_1_116' title="bbox 1946 4738 3443 4809">
     <span class='ocr_line' id='line_1_119' title="bbox 1946 4738 3443 4809; baseline 0.002 -15"><span class='ocrx_word' id='word_1_850' title='bbox 1946 4740 2057 4809; x_wconf 72' lang='grc' dir='ltr'><strong>(ιιι)</strong></span> <span class='ocrx_word' id='word_1_851' title='bbox 2094 4740 2437 4809; x_wconf 72' lang='lat' dir='ltr'><strong>Spiritualem</strong></span> <span class='ocrx_word' id='word_1_852' title='bbox 2484 4738 2674 4809; x_wconf 74' lang='lat' dir='ltr'><strong>salutis</strong></span> <span class='ocrx_word' id='word_1_853' title='bbox 2723 4740 3005 4809; x_wconf 60' lang='lat' dir='ltr'><strong>hominem.</strong></span> <span class='ocrx_word' id='word_1_854' title='bbox 3056 4742 3132 4795; x_wconf 85' lang='lat' dir='ltr'><strong>ita</strong></span> <span class='ocrx_word' id='word_1_855' title='bbox 3181 4744 3443 4807; x_wconf 70' lang='lat' dir='ltr'><strong>L’larom.,</strong></span> 
     </span>
    </p>
   </div>
   <div class='ocr_carea' id='block_1_117' title="bbox 1871 4807 3440 4878">
    <p class='ocr_par' dir='ltr' id='par_1_117' title="bbox 1871 4807 3440 4878">
     <span class='ocr_line' id='line_1_120' title="bbox 1871 4807 3440 4878; baseline 0.003 -16"><span class='ocrx_word' id='word_1_856' title='bbox 1871 4807 2157 4873; x_wconf 80' lang='lat' dir='ltr'><strong>OttobOn.,</strong></span> <span class='ocrx_word' id='word_1_857' title='bbox 2192 4808 2480 4870; x_wconf 83' lang='lat' dir='ltr'><strong>Arundel.,</strong></span> <span class='ocrx_word' id='word_1_858' title='bbox 2524 4807 2691 4862; x_wconf 80' lang='lat' dir='ltr'><strong>Merc.</strong></span> <span class='ocrx_word' id='word_1_859' title='bbox 2723 4808 2757 4860; x_wconf 76' lang='lat'><strong>2</strong></span> <span class='ocrx_word' id='word_1_860' title='bbox 2784 4819 2836 4863; x_wconf 88' lang='lat' dir='ltr'><strong>et</strong></span> <span class='ocrx_word' id='word_1_861' title='bbox 2860 4808 3024 4865; x_wconf 88' lang='lat' dir='ltr'><strong>Grab.</strong></span> <span class='ocrx_word' id='word_1_862' title='bbox 3054 4813 3249 4867; x_wconf 59' lang='lat' dir='ltr'><strong>(hateri</strong></span> <span class='ocrx_word' id='word_1_863' title='bbox 3283 4816 3440 4878; x_wconf 85' lang='lat' dir='ltr'><strong>male,</strong></span> 
     </span>
    </p>
   </div>
   <div class='ocr_carea' id='block_1_118' title="bbox 1871 4879 2701 4947">
    <p class='ocr_par' dir='ltr' id='par_1_118' title="bbox 1871 4879 2701 4947">
     <span class='ocr_line' id='line_1_121' title="bbox 1871 4879 2701 4947; baseline 0 -17"><span class='ocrx_word' id='word_1_864' title='bbox 1871 4880 2165 4947; x_wconf 81' lang='lat' dir='ltr'><strong>spiritalem</strong></span> <span class='ocrx_word' id='word_1_865' title='bbox 2199 4879 2423 4931; x_wconf 80' lang='lat' dir='ltr'><strong>salutem</strong></span> <span class='ocrx_word' id='word_1_866' title='bbox 2449 4879 2701 4930; x_wconf 74' lang='lat' dir='ltr'><strong>hominis.</strong></span> 
     </span>
    </p>
   </div>
   <div class='ocr_carea' id='block_1_119' title="bbox 1944 4947 3447 5019">
    <p class='ocr_par' dir='ltr' id='par_1_119' title="bbox 1944 4947 3447 5019">
     <span class='ocr_line' id='line_1_122' title="bbox 1944 4947 3447 5019; baseline 0.005 -19"><span class='ocrx_word' id='word_1_867' title='bbox 1944 4948 2058 5019; x_wconf 67' lang='lat'><strong>(4:2)</strong></span> <span class='ocrx_word' id='word_1_868' title='bbox 2093 4949 2283 5001; x_wconf 75' lang='lat' dir='ltr'><strong>Dicens</strong></span> <span class='ocrx_word' id='word_1_869' title='bbox 2316 4951 2413 5001; x_wconf 78' lang='lat' dir='ltr'><strong>sic.</strong></span> <span class='ocrx_word' id='word_1_870' title='bbox 2446 4947 2629 5011; x_wconf 87' lang='lat' dir='ltr'><strong>Eras.,</strong></span> <span class='ocrx_word' id='word_1_871' title='bbox 2662 4947 2801 5002; x_wconf 86' lang='lat' dir='ltr'><strong>Gali.</strong></span> <span class='ocrx_word' id='word_1_872' title='bbox 2838 4957 2892 5001; x_wconf 91' lang='lat' dir='ltr'><strong>et</strong></span> <span class='ocrx_word' id='word_1_873' title='bbox 2923 4948 3156 5004; x_wconf 87' lang='lat' dir='ltr'><strong>Feuard.</strong></span> <span class='ocrx_word' id='word_1_874' title='bbox 3181 4952 3447 5007; x_wconf 87' lang='lat' dir='ltr'><strong>omittunt</strong></span> 
     </span>
    </p>
   </div>
   <div class='ocr_carea' id='block_1_120' title="bbox 1869 5035 1963 5071">
    <p class='ocr_par' dir='ltr' id='par_1_120' title="bbox 1869 5035 1963 5071">
     <span class='ocr_line' id='line_1_123' title="bbox 1869 5035 1963 5071; baseline 0 0"><span class='ocrx_word' id='word_1_875' title='bbox 1869 5035 1963 5071; x_wconf 69' lang='grc' dir='ltr'><strong>διε.</strong></span> 
     </span>
    </p>
   </div>
   <div class='ocr_carea' id='block_1_121' title="bbox 1943 5085 3442 5156">
    <p class='ocr_par' dir='ltr' id='par_1_121' title="bbox 1943 5085 3442 5156">
     <span class='ocr_line' id='line_1_124' title="bbox 1943 5085 3442 5156; baseline 0.005 -18"><span class='ocrx_word' id='word_1_876' title='bbox 1943 5086 2078 5156; x_wconf 67' lang='grc'>(42⁸)</span> <span class='ocrx_word' id='word_1_877' title='bbox 2113 5086 2180 5139; x_wconf 87' lang='lat' dir='ltr'><strong>Et</strong></span> <span class='ocrx_word' id='word_1_878' title='bbox 2208 5089 2427 5153; x_wconf 84' lang='lat' dir='ltr'><strong>integer.</strong></span> <span class='ocrx_word' id='word_1_879' title='bbox 2464 5085 2554 5139; x_wconf 82' lang='lat' dir='ltr'><strong>Sic</strong></span> <span class='ocrx_word' id='word_1_880' title='bbox 2588 5102 2787 5156; x_wconf 77' lang='lat' dir='ltr'><strong>omnes</strong></span> <span class='ocrx_word' id='word_1_881' title='bbox 2816 5102 2948 5142; x_wconf 88' lang='lat' dir='ltr'><strong>mss.</strong></span> <span class='ocrx_word' id='word_1_882' title='bbox 3001 5088 3156 5153; x_wconf 79' lang='lat' dir='ltr'><strong>juxta</strong></span> <span class='ocrx_word' id='word_1_883' title='bbox 3193 5091 3442 5145; x_wconf 62' lang='lat' dir='ltr'><strong>Grmcuut</strong></span> 
     </span>
    </p>
   </div>
   <div class='ocr_carea' id='block_1_122' title="bbox 1871 5154 3441 5223">
    <p class='ocr_par' dir='ltr' id='par_1_122' title="bbox 1871 5154 3441 5223">
     <span class='ocr_line' id='line_1_125' title="bbox 1871 5154 3441 5223; baseline 0.005 -17"><span class='ocrx_word' id='word_1_884' title='bbox 1871 5154 2117 5223; x_wconf 78' lang='lat' dir='ltr'><strong>ApostOli</strong></span> <span class='ocrx_word' id='word_1_885' title='bbox 2151 5167 2382 5211; x_wconf 80' lang='lat' dir='ltr'><strong>textum.</strong></span> <span class='ocrx_word' id='word_1_886' title='bbox 2440 5157 2512 5210; x_wconf 85' lang='lat' dir='ltr'><strong>At</strong></span> <span class='ocrx_word' id='word_1_887' title='bbox 2544 5157 2727 5221; x_wconf 87' lang='lat' dir='ltr'><strong>Eras.,</strong></span> <span class='ocrx_word' id='word_1_888' title='bbox 2762 5154 2903 5215; x_wconf 84' lang='lat' dir='ltr'><strong>Gali.</strong></span> <span class='ocrx_word' id='word_1_889' title='bbox 2963 5170 3019 5213; x_wconf 87' lang='lat' dir='ltr'><strong>et</strong></span> <span class='ocrx_word' id='word_1_890' title='bbox 3046 5156 3280 5216; x_wconf 81' lang='lat' dir='ltr'><strong>Feuard.</strong></span> <span class='ocrx_word' id='word_1_891' title='bbox 3318 5176 3441 5215; x_wconf 89' lang='lat' dir='ltr'><strong>cum</strong></span> 
     </span>
    </p>
   </div>
   <div class='ocr_carea' id='block_1_123' title="bbox 1872 5226 2465 5294">
    <p class='ocr_par' dir='ltr' id='par_1_123' title="bbox 1872 5226 2465 5294">
     <span class='ocr_line' id='line_1_126' title="bbox 1872 5226 2465 5294; baseline 0.005 -17"><span class='ocrx_word' id='word_1_892' title='bbox 1872 5226 2123 5293; x_wconf 74' lang='lat' dir='ltr'><strong>Vulgata,</strong></span> <span class='ocrx_word' id='word_1_893' title='bbox 2166 5239 2217 5279; x_wconf 86' lang='lat' dir='ltr'><strong>ut</strong></span> <span class='ocrx_word' id='word_1_894' title='bbox 2246 5228 2465 5294; x_wconf 80' lang='lat' dir='ltr'><strong>integer.</strong></span> 
     </span>
    </p>
   </div>
   <div class='ocr_carea' id='block_1_124' title="bbox 1940 5293 3441 5365">
    <p class='ocr_par' dir='ltr' id='par_1_124' title="bbox 1940 5293 3441 5365">
     <span class='ocr_line' id='line_1_127' title="bbox 1940 5293 3441 5365; baseline 0.003 -18"><span class='ocrx_word' id='word_1_895' title='bbox 1940 5295 2051 5363; x_wconf 71' lang='grc'>(45)</span> <span class='ocrx_word' id='word_1_896' title='bbox 2080 5295 2143 5347; x_wconf 80' lang='lat' dir='ltr'><strong>In</strong></span> <span class='ocrx_word' id='word_1_897' title='bbox 2166 5293 2465 5348; x_wconf 78' lang='lat' dir='ltr'><strong>adventum.</strong></span> <span class='ocrx_word' id='word_1_898' title='bbox 2494 5293 2605 5349; x_wconf 87' lang='lat' dir='ltr'><strong>Soli</strong></span> <span class='ocrx_word' id='word_1_899' title='bbox 2628 5295 2795 5350; x_wconf 80' lang='lat' dir='ltr'><strong>Merc.</strong></span> <span class='ocrx_word' id='word_1_900' title='bbox 2822 5297 2995 5353; x_wconf 62' lang='lat' dir='ltr'><strong>Betim</strong></span> <span class='ocrx_word' id='word_1_901' title='bbox 3018 5298 3186 5354; x_wconf 88' lang='lat' dir='ltr'><strong>Grah.</strong></span> <span class='ocrx_word' id='word_1_902' title='bbox 3217 5299 3441 5365; x_wconf 84' lang='lat' dir='ltr'><strong>habent,</strong></span> 
     </span>
    </p>
   </div>
   <div class='ocr_carea' id='block_1_125' title="bbox 1869 5365 3444 5434">
    <p class='ocr_par' dir='ltr' id='par_1_125' title="bbox 1869 5365 3444 5434">
     <span class='ocr_line' id='line_1_128' title="bbox 1869 5365 3444 5434; baseline 0.005 -19"><span class='ocrx_word' id='word_1_903' title='bbox 1869 5365 1924 5415; x_wconf 83' lang='lat' dir='ltr'><strong>in</strong></span> <span class='ocrx_word' id='word_1_904' title='bbox 1954 5368 2214 5430; x_wconf 80' lang='lat' dir='ltr'><strong>adventu;</strong></span> <span class='ocrx_word' id='word_1_905' title='bbox 2244 5367 2485 5420; x_wconf 69' lang='lat' dir='ltr'><strong>(Jlarom.</strong></span> <span class='ocrx_word' id='word_1_906' title='bbox 2524 5380 2653 5420; x_wconf 85' lang='lat' dir='ltr'><strong>vero</strong></span> <span class='ocrx_word' id='word_1_907' title='bbox 2712 5383 2817 5420; x_wconf 87' lang='lat' dir='ltr'><strong>non</strong></span> <span class='ocrx_word' id='word_1_908' title='bbox 2867 5370 2955 5423; x_wconf 86' lang='lat' dir='ltr'><strong>hic</strong></span> <span class='ocrx_word' id='word_1_909' title='bbox 3024 5374 3204 5434; x_wconf 76' lang='lat' dir='ltr'><strong>modo,</strong></span> <span class='ocrx_word' id='word_1_910' title='bbox 3236 5372 3330 5424; x_wconf 85' lang='lat' dir='ltr'><strong>sed</strong></span> <span class='ocrx_word' id='word_1_911' title='bbox 3387 5382 3444 5423; x_wconf 83' lang='lat' dir='ltr'><strong>et</strong></span> 
     </span>
    </p>
   </div>
   <div class='ocr_carea' id='block_1_126' title="bbox 1869 5435 2528 5501">
    <p class='ocr_par' dir='ltr' id='par_1_126' title="bbox 1869 5435 2528 5501">
     <span class='ocr_line' id='line_1_129' title="bbox 1869 5435 2528 5501; baseline 0.006 -18"><span class='ocrx_word' id='word_1_912' title='bbox 1869 5435 2025 5499; x_wconf 86' lang='lat' dir='ltr'><strong>paulo</strong></span> <span class='ocrx_word' id='word_1_913' title='bbox 2060 5445 2200 5501; x_wconf 89' lang='lat' dir='ltr'><strong>post,</strong></span> <span class='ocrx_word' id='word_1_914' title='bbox 2230 5437 2528 5487; x_wconf 81' lang='lat' dir='ltr'><strong>adven/um.</strong></span> 
     </span>
    </p>
   </div>
   <div class='ocr_carea' id='block_1_127' title="bbox 1942 5503 3068 5570">
    <p class='ocr_par' dir='ltr' id='par_1_127' title="bbox 1942 5503 3068 5570">
     <span class='ocr_line' id='line_1_130' title="bbox 1942 5503 3068 5570; baseline 0.004 -15"><span class='ocrx_word' id='word_1_915' title='bbox 1942 5504 2054 5570; x_wconf 69' lang='grc' dir='ltr'><strong>(Η)</strong></span> <span class='ocrx_word' id='word_1_916' title='bbox 2092 5505 2159 5557; x_wconf 81' lang='lat' dir='ltr'><strong>Et</strong></span> <span class='ocrx_word' id='word_1_917' title='bbox 2189 5522 2370 5558; x_wconf 75' lang='lat' dir='ltr'><strong>unum.</strong></span> <span class='ocrx_word' id='word_1_918' title='bbox 2402 5503 2507 5559; x_wconf 80' lang='lat' dir='ltr'><strong>Alii</strong></span> <span class='ocrx_word' id='word_1_919' title='bbox 2541 5506 2680 5560; x_wconf 86' lang='lat' dir='ltr'><strong>male</strong></span> <span class='ocrx_word' id='word_1_920' title='bbox 2709 5506 2966 5561; x_wconf 88' lang='lat' dir='ltr'><strong>omittunt</strong></span> <span class='ocrx_word' id='word_1_921' title='bbox 2997 5520 3068 5562; x_wconf 85' lang='lat' dir='ltr'><strong>et.</strong></span> 
     </span>
    </p>
   </div>
   <div class='ocr_carea' id='block_1_128' title="bbox 1939 5574 3440 5648">
    <p class='ocr_par' dir='ltr' id='par_1_128' title="bbox 1939 5574 3440 5648">
     <span class='ocr_line' id='line_1_131' title="bbox 1939 5574 3440 5648; baseline 0.005 -24"><span class='ocrx_word' id='word_1_922' title='bbox 1939 5574 2066 5648; x_wconf 60' lang='lat' dir='ltr'><strong>(t5)</strong></span> <span class='ocrx_word' id='word_1_923' title='bbox 2092 5574 2518 5648; x_wconf 63' lang='lat' dir='ltr'><strong>llabueriutJta</strong></span> <span class='ocrx_word' id='word_1_924' title='bbox 2550 5594 2613 5629; x_wconf 85' lang='lat' dir='ltr'><strong>ex</strong></span> <span class='ocrx_word' id='word_1_925' title='bbox 2646 5576 2883 5648; x_wconf 68' lang='lat' dir='ltr'><strong>(llarom.</strong></span> <span class='ocrx_word' id='word_1_926' title='bbox 2917 5584 3067 5648; x_wconf 87' lang='lat' dir='ltr'><strong>posui</strong></span> <span class='ocrx_word' id='word_1_927' title='bbox 3098 5596 3195 5648; x_wconf 85' lang='lat' dir='ltr'><strong>pro</strong></span> <span class='ocrx_word' id='word_1_928' title='bbox 3226 5581 3440 5643; x_wconf 77' lang='lat' dir='ltr'><strong>habent,</strong></span> 
     </span>
    </p>
   </div>
   <div class='ocr_carea' id='block_1_129' title="bbox 1871 5642 2875 5713">
    <p class='ocr_par' dir='ltr' id='par_1_129' title="bbox 1871 5642 2875 5713">
     <span class='ocr_line' id='line_1_132' title="bbox 1871 5642 2875 5713; baseline 0.008 -21"><span class='ocrx_word' id='word_1_929' title='bbox 1871 5642 1951 5694; x_wconf 81' lang='lat' dir='ltr'><strong>vel</strong></span> <span class='ocrx_word' id='word_1_930' title='bbox 1976 5645 2293 5705; x_wconf 77' lang='lat' dir='ltr'><strong>habuerunt,</strong></span> <span class='ocrx_word' id='word_1_931' title='bbox 2332 5658 2388 5698; x_wconf 85' lang='grc' dir='ltr'><strong>ιιι</strong></span> <span class='ocrx_word' id='word_1_932' title='bbox 2421 5647 2471 5698; x_wconf 88' lang='lat' dir='ltr'><strong>in</strong></span> <span class='ocrx_word' id='word_1_933' title='bbox 2505 5648 2625 5699; x_wconf 84' lang='lat' dir='ltr'><strong>aliis</strong></span> <span class='ocrx_word' id='word_1_934' title='bbox 2658 5647 2875 5713; x_wconf 72' lang='lat' dir='ltr'><strong>legitur.</strong></span> 
     </span>
    </p>
   </div>
   <div class='ocr_carea' id='block_1_130' title="bbox 1940 5712 3264 5780">
    <p class='ocr_par' dir='ltr' id='par_1_130' title="bbox 1940 5712 3264 5780">
     <span class='ocr_line' id='line_1_133' title="bbox 1940 5712 3264 5780; baseline 0.008 -15"><span class='ocrx_word' id='word_1_935' title='bbox 1940 5712 2049 5779; x_wconf 64' lang='lat' dir='ltr'><strong>(ib)</strong></span> <span class='ocrx_word' id='word_1_936' title='bbox 2086 5714 2202 5767; x_wconf 80' lang='lat' dir='ltr'><strong>Dei.</strong></span> <span class='ocrx_word' id='word_1_937' title='bbox 2240 5714 2397 5770; x_wconf 72' lang='lat' dir='ltr'><strong>Deest</strong></span> <span class='ocrx_word' id='word_1_938' title='bbox 2435 5718 2485 5768; x_wconf 87' lang='lat' dir='ltr'><strong>in</strong></span> <span class='ocrx_word' id='word_1_939' title='bbox 2524 5712 2881 5780; x_wconf 32' lang='lat' dir='ltr'><strong>iliusQGall.</strong></span> <span class='ocrx_word' id='word_1_940' title='bbox 2934 5728 2987 5773; x_wconf 88' lang='lat' dir='ltr'><strong>et</strong></span> <span class='ocrx_word' id='word_1_941' title='bbox 3032 5719 3264 5776; x_wconf 69' lang='lat' dir='ltr'><strong>Claram.</strong></span> 
     </span>
    </p>
   </div>
  </div>
