4238 6316
768 439 904 498 H55

1522 437 1579 493 S.
1623 436 1878 492 ιιιεΝλει
1917 434 2230 493 EPISCOPI
2268 433 2752 490 LUGDUNENSIS
2789 433 2877 490 ΕΤ
2915 433 3275 492 MARTYRIS

3875 433 4010 491 “55

766 575 787 608 ι
821 557 885 610 Ει
919 557 1204 611 induentes
1233 565 1430 611 novum
1463 555 1762 624 hominem,
1791 573 1912 610 eum
1946 556 2038 625 qui
2090 570 2324 610 renora-
2357 560 2400 612 Α
2433 569 2577 618 nem,
2613 555 2914 623 perfectum
2946 567 3068 610 eum
3099 557 3200 611 sibi
3234 571 3544 628 praeparans
3565 556 3632 611 ad
3655 555 4012 612 resurrectio—

762 656 851 701 tur
886 648 1289 718 lnagnitionem
1351 647 1486 716 (65),
1526 647 1820 701 secundum
1876 649 2166 716 imaginem
2224 648 2338 714 ejus

759 741 852 807 qui
888 741 1098 794 creavit
1127 755 1249 794 eum
1285 739 1351 796 “.
1384 753 1401 791 ι
1437 736 1492 790 1η
1519 752 1586 793 eo
1607 751 1737 807 ergo
1762 740 2038 809 quodait:
2073 756 2093 788 ι
2123 738 2224 804 Qui
2256 753 2341 792 re—

758 842 994 886 novatur
1025 831 1079 884 in
1137 831 1473 901 agnitionem
1511 872 1525 894 ,
1563 850 1582 884 ι
1620 832 2033 886 demonstrabat
2083 831 2336 898 quoniam

759 923 877 991 ipse
908 922 997 976 ille
1019 913 1112 991 qui
1143 923 1462 992 ignorantiae
1489 922 1601 992 (δι)
1624 933 1743 977 erat
1771 914 1898 978 ante
1945 924 2128 983 homo,
2154 922 2207 975 id
2255 930 2339 975 est

759 1009 1019 1080 ignorans
1041 1011 1233 1074 Deum,
1261 1028 1358 1080 per
1380 1028 1497 1066 eam
1522 1028 1641 1079 qum
1669 1014 1721 1066 in
1749 1027 1871 1066 eum
1894 1023 1978 1066 est
2007 1014 2335 1081 agnitionem

758 1110 1075 1155 renovatur.
1117 1101 1340 1165 Agnitio
1360 1103 1502 1154 enim
1541 1102 1633 1155 Dei
1681 1113 1903 1156 renovat
1937 1102 2233 1156 hominem.
2274 1102 2338 1154 Et

757 1187 814 1243 in
833 1205 898 1243 eo
915 1190 1057 1257 quod
1080 1183 1253 1245 dicit:
1283 1207 1303 1241 ι
1324 1191 1629 1244 Secundum
1650 1193 1940 1262 imaginem
1969 1191 2288 1255 conditoris,
2312 1211 2330 1243 ι

757 1279 1261 1348 recapitulationem
1297 1262 1690 1335 manifestat/it.
1711 1282 1832 1350 ejus
1857 1281 2119 1347 hominis,
2151 1283 2242 1350 qui
2281 1282 2334 1334 in

756 1369 917 1424 initio
945 1371 1246 1424 secundum
1288 1372 1580 1442 imaginem
1607 1371 1780 1425 factus
1805 1383 1890 1426 est
1919 1373 2033 1425 ltei.

827 1482 880 1538 5.
911 1481 1184 1547 Quoniam
1213 1490 1393 1536 autem
1426 1483 1568 1535 idem
1603 1482 1720 1552 ipse
1747 1489 1867 1534 erat
1897 1481 2209 1550 Apostolus,
2240 1480 2331 1550 qui

754 1587 824 1629 ex
861 1583 1016 1628 utero
1059 1584 1354 1644 generatus
1399 1573 1600 1636 fuerat,
1639 1575 1744 1627 hoc
1777 1581 1860 1626 est
1888 1575 2112 1641 antiqua
2153 1575 2334 1627 carnis

757 1663 1085 1726 substantia,
1121 1666 1238 1733 ipse
1267 1664 1320 1717 in
1353 1679 1416 1718 ea
1450 1663 1695 1731 Epistola
1728 1678 1849 1731 qua:
1874 1673 1959 1716 est
1986 1664 2051 1716 ad
2085 1662 2331 1725 Galatas,

756 1753 897 1807 dixit
919 1773 943 1815 ε,
971 1772 989 1805 ι
1028 1753 1162 1808 Cum
1192 1764 1375 1808 autem
1401 1754 1613 1823 placuit
1653 1756 1781 1813 Deo,
1818 1753 1909 1823 qui
1965 1768 2050 1807 me
2082 1769 2148 1807 ex
2178 1765 2334 1807 utero

757 1847 957 1898 matris
1005 1858 1141 1898 mea:
1197 1845 1527 1912 segregavit,
1590 1853 1646 1896 et
1704 1843 1923 1897 vocavit
1971 1859 2065 1912 per
2099 1843 2327 1914 gratiam
2365 1879 2404 1931 Β

753 1947 932 1996 suam,
969 1933 1212 1988 revelare
1246 1933 1444 1986 Filium
1497 1946 1654 1986 suum
1685 1935 1743 1988 in
1798 1949 1907 2000 me,
1957 1943 2013 1986 ut
2048 1933 2330 2001 evangeli-

752 2036 938 2076 xarem
969 2037 1093 2075 enm
1118 2022 1170 2075 in
1205 2022 1454 2091 gentibus
1482 2023 1561 2075 ἰτ
1603 2040 1620 2072 ι
1659 2038 1764 2076 non
1794 2022 1933 2075 alius
1965 2033 2083 2076 erat
2113 2023 2203 2089 qui
2236 2036 2334 2073 na-

755 2121 847 2168 tus
885 2112 1068 2167 fuerat
1103 2127 1167 2166 ex
1202 2124 1379 2177 utero,
1414 2114 1554 2165 sicut
1584 2111 1962 2181 praediximus,
1993 2123 2047 2165 et
2072 2113 2209 2166 alius
2242 2113 2331 2180 qui

753 2206 1164 2273 evangelizahat
1216 2204 1411 2258 Filium
1449 2203 1574 2268 Dei;
1623 2203 1717 2257 sed
1766 2203 1907 2257 idem
1957 2204 2046 2256 ille
2089 2204 2179 2270 qui
2209 2213 2334 2256 ante

753 2296 1036 2366 igno'rabat
1053 2307 1107 2351 et
1128 2297 1557 2366 persequebatur
1581 2295 1900 2356 Ecclesiam,
1929 2295 2263 2349 revelatione
2285 2297 2331 2349 ei

752 2387 820 2441 de
840 2388 986 2440 caelo
1008 2386 1173 2456 facta,
1200 2397 1255 2440 et
1280 2387 1624 2455 colloquente
1644 2402 1766 2439 cum
1790 2401 1855 2439 eo
1877 2387 2126 2451 Domino,
2143 2401 2333 2454 quem-

750 2480 1042 2531 admodum
1072 2480 1123 2531 in
1151 2481 1310 2532 tertio
1328 2480 1465 2532 libro
1485 2479 1823 2534 ostendimus
1836 2478 1900 2538 “,
1923 2478 2330 2546 evangelizabat

751 2565 948 2621 Filium
982 2568 1071 2620 Dei
1104 2567 1382 2621 Christum
1405 2565 1612 2626 Iesum,
1664 2566 1752 2634 qui
1797 2567 1895 2619 sub
1928 2566 2120 2619 Pontio
2158 2563 2330 2617 Pilato

750 2657 1050 2709 cruciﬁxus
1086 2664 1193 2718 est,
1249 2657 1518 2724 prmterita
1574 2655 1876 2724 ignorantia
1903 2656 2265 2719 exterminata
2300 2669 2327 2706 a

748 2748 1053 2816 posteriore
1102 2747 1416 2816 agnitione:
1479 2746 1936 2813 quemadmodum
1979 2749 2132 2813 caeci,
2193 2761 2330 2814 quos

749 2841 963 2895 curarit
991 2839 1271 2903 Dominus,
1293 2840 1590 2892 caecitatem
1619 2840 1835 2905 quidem
1856 2840 2176 2903 amiserunt,
2207 2854 2326 2905 pcr-

750 2930 946 2983 fectam
972 2938 1154 2982 autem
1186 2936 1512 2996 receperunt
1545 2926 1907 2981 substantiam
1936 2928 2241 2990 oculorum,
2272 2938 2326 2981 et

748 3019 940 3072 iisdem
971 3019 1100 3087 ipsis
1125 3017 1324 3087 quibus
1354 3027 1480 3070 ante
1512 3034 1615 3071 non
1669 3017 1926 3071 videbant
1956 3017 2155 3076 oculis,
2187 3018 2325 3069 reci-

743 3108 965 3178 piebant
1015 3107 1301 3172 visionem,
1362 3107 1594 3174 caligine
1640 3121 1668 3157 a
1724 3107 1934 3159 visione
1972 3104 2083 3173 (65)
2115 3114 2321 3158 tantum

2444 661 2590 701 nem.
2626 647 2691 700 Et
2720 662 2881 715 quam
2917 647 3060 700 enim
3089 663 3308 703 causam
3350 648 3582 703 habebat
3619 649 3798 703 carnis
3837 663 4010 702 mem-

2441 738 2538 790 bra
2567 751 2784 797 curare,
2811 744 2866 790 et
2893 738 3178 791 restituere
3203 739 3253 791 in
3301 740 3591 808 pristinum
3633 739 4007 792 characterem

2442 825 2486 876 si
2509 839 2614 877 non
2655 821 2930 876 habebant
2956 823 3182 886 salvari,
3207 841 3325 892 qua:
3349 829 3416 880 ab
3450 827 3540 880 illo
3560 836 3746 881 curata
3773 824 4012 879 fuerant!

2442 912 2498 964 Si
2529 913 2672 966 enim
2711 909 3023 981 temporalis
3046 914 3252 971 eratab
3276 929 3340 967 eo
3376 915 3602 975 utilitas,
3630 914 3759 968 nihil
3809 914 4010 982 grande

2441 1003 2695 1070 prmstitit
2728 1003 2812 1056 bis
2841 1004 2931 1071 qui
2967 1003 3036 1056 ab
3068 1020 3135 1056 eo
3172 1005 3346 1057 curati
3405 1015 3551 1058 sunt.
3602 1006 3703 1058 Aut
3740 1003 4009 1072 quomodo

2440 1095 2625 1146 dicunt
2663 1109 2766 1146 non
2796 1109 2917 1147 esse
2952 1108 3211 1161 capacem
3253 1110 3473 1148 carnem
3507 1096 3650 1154 vitro,
3689 1110 3806 1164 qua:
3835 1104 3916 1148 est
3943 1097 4009 1149 ab

2438 1195 2526 1244 eo,
2554 1196 2671 1247 quia
2694 1182 2935 1248 percepit
2963 1182 3302 1235 curationem
3341 1183 3407 1235 ab
3432 1197 3494 1236 eo
3519 1181 3541 1233 ?
3581 1181 3700 1235 Vita
3746 1185 3885 1236 enim
3917 1198 4009 1250 per

2438 1275 2801 1334 curationem,
2827 1274 3198 1342 incorruptela
3232 1282 3408 1327 autem
3440 1289 3537 1339 per
3561 1274 3727 1327 vitam
3761 1275 4005 1330 eﬂicitur.

2438 1362 2538 1428 Qui
2559 1363 2722 1430 igitur
2739 1365 3075 1417 curationem
3101 1364 3329 1430 confert,
3346 1366 3432 1418 hic
3453 1375 3507 1419 et
3531 1367 3716 1428 vitam;
3746 1377 3798 1419 et
3821 1367 3908 1434 qui
3931 1366 4008 1419 vi-

2439 1453 2571 1518 tam,
2594 1454 2682 1507 hic
2708 1463 2762 1505 et
2788 1453 3150 1521 incorruptela
3171 1455 3467 1508 circumdat
3487 1456 3689 1522 plasma
3711 1455 4007 1526 suum(69).

2435 1629 2728 1684 Maximum
2747 1563 3690 1698 specimacgsfr‘i’cﬁiiznixsuidemus
3715 1637 3768 1688 in
3790 1636 4008 1690 mortuis

2503 1718 2535 1752 a
2559 1699 2768 1753 Christo
2822 1701 3088 1752 suscitatis
3113 1717 3129 1762 ;
3164 1704 3428 1770 Cordaque
3453 1713 3632 1755 nostra
3655 1701 3872 1772 capacia
3901 1721 4012 1758 esse

2505 1773 2623 1891 enitar
2653 1784 2864 1849 (sternte
2895 1785 2954 1821 eo
2993 1772 3362 1835 ostenduntur,
3394 1774 3529 1839 quod
3563 1790 3700 1825 nunc
3751 1771 4008 1841 Spiritum

2561 1857 2602 1891 et
2634 1849 2916 1891 recwtant.

2561 1857 2602 1891 ει
2634 1855 2916 1902 recipiant.

2510 1932 2562 1985 i.
2600 1930 2790 1984 Dicant
2823 1930 2964 1984 enim
3001 1929 3158 1983 nobis
3187 1930 3240 1983 hi
3276 1930 3365 1998 qui
3396 1933 3671 1986 contraria
3706 1933 3919 1998 dicunt,
3958 1933 4010 1989 id

2437 2032 2542 2085 est,
2573 2023 2662 2090 qui
2696 2021 3081 2074 contradicunt
3114 2036 3224 2074 sua:
3257 2022 3418 2074 saluti
3445 2040 3458 2077 :
3491 2024 3687 2076 summi
3717 2025 4012 2079 sacerdotis

2436 2113 2549 2184 (70)
2581 2125 2792 2167 mortua
2825 2113 2956 2175 filia,
2993 2121 3048 2164 et
3078 2112 3253 2165 viduae
3291 2113 3430 2181 filius
3483 2115 3573 2183 qui
3618 2115 3764 2168 circa
3798 2125 4008 2184 portam

2437 2216 2684 2260 mortuus
2708 2204 3062 2264 efferebatur,
3095 2201 3537 2270 etl.azaru5'qui
3569 2206 3620 2257 in
3661 2217 4010 2263 monumento

2438 2303 2687 2364 quartam
2719 2295 2955 2347 habebat
2987 2293 3128 2345 diem
3156 2292 3223 2356 ⁸⁸,
3278 2295 3329 2345 in
3383 2296 3578 2362 quibus
3612 2300 4012 2366 resurrexerint

2434 2384 2794 2453 corporibus?
2847 2383 2901 2438 In
2949 2382 3136 2435 iisdem
3188 2382 3319 2450 ipsis
3353 2385 3581 2451 scilicet,
3631 2388 3681 2440 in
3722 2388 3916 2456 quibus
3955 2400 4011 2444 et

2436 2475 2637 2528 mortui
2672 2474 2909 2527 fuerant.
2938 2474 2993 2527 Si
3022 2475 3165 2529 enim
3199 2489 3304 2526 non
3333 2474 3383 2526 in
3409 2474 3599 2528 iisdem
3637 2476 3788 2544 ipsis,
3824 2477 4011 2531 videli-

2433 2573 2520 2617 cet
2552 2579 2650 2616 nec
2677 2565 2839 2618 iidem
2871 2565 2970 2633 ipsi
3015 2567 3101 2634 qni
3131 2567 3327 2618 mortui
3366 2575 3541 2627 erant,
3573 2577 4006 2621 resurrexerunt.

2436 2654 2540 2708 Sed
2579 2656 2722 2707 enim
2781 2675 2799 2705 ι
2853 2656 3210 2723 apprehendit
3266 2656 3396 2724 (Ἠ),
3436 2658 3530 2722 ait,
3579 2657 3836 2711 Dominus
3888 2673 4007 2712 ma-

2433 2761 2560 2799 num
2587 2745 2807 2808 mortui,
2841 2754 2897 2798 et
2928 2747 3066 2799 dixit
3092 2746 3179 2800 ei:
3213 2746 3455 2811 Juvenis,
3501 2748 3591 2800 tibi
3621 2749 3763 2809 dico,
3801 2765 3962 2819 surge
3992 2772 4004 2803 :

2430 2844 2486 2888 et
2521 2837 2661 2889 sedit
2690 2845 2960 2898 mortuus,
2993 2835 3229 2901 etjussit
3263 2838 3313 2888 ei
3348 2838 3461 2890 dari
3501 2837 3610 2908 (7‘2)
3651 2841 4005 2907 manducare,

2431 2938 2482 2979 et
2509 2927 2972 2980 deditenmmalri
2997 2942 3126 2980 θυῖε.
3163 2944 3182 2978 ι
3214 2928 3276 2979 Et
3300 2927 3562 2981 Lazarum
3594 2947 3610 2978 ι
3641 2934 3848 2984 vocavit
3873 2948 4008 2987 voce

2431 3031 2647 3083 magna,
2669 3017 2886 3069 dicens:
2919 3015 3140 3077 Lazare,
3163 3019 3282 3070 veni
3311 3017 3493 3071 foras:
3523 3028 3576 3070 et
3597 3019 3787 3080 exivit,
3809 3021 4004 3081 inquit,

2431 3117 2697 3169 mortuus,
2718 3107 3002 3175 colligatus
3024 3107 3188 3171 pedes
3213 3118 3261 3160 et
3289 3125 3480 3160 manus
3527 3109 3724 3163 institis
3748 3110 3810 3161 ".
3843 3129 3859 3160 ι
3889 3109 4006 3162 Hoc

746 3197 1136 3260 exterminata,
1165 3207 1378 3251 servata
1426 3199 1604 3250 antem
1667 3197 1968 3250 substantia
2005 3197 2286 3249 oculorum
2302 3188 2396 3263 f‘c
2428 3195 2731 3265 symbolum
2768 3194 2884 3260 ejus
2907 3197 3168 3258 hominis,
3197 3197 3286 3264 qui
3319 3198 3553 3264 illigatus
3581 3198 3758 3249 fuerat
3792 3198 3842 3249 in
3880 3209 4006 3262 pec-

747 3301 805 3344 ut
842 3306 937 3360 per
986 3305 1122 3359 quos
1175 3305 1279 3342 non
1313 3289 1560 3341 viderant
1595 3287 1801 3350 oculos,
1845 3303 1941 3355 per
1981 3302 2073 3340 eos
2131 3303 2316 3341 rursus

743 3363 1012 3445 videntes,
1049 3380 1254 3449 gratias
1286 3389 1511 3446 agerent
1537 3378 1608 3441 ei,
1642 3377 1731 3446 qui
1783 3391 1972 3429 rursus
2030 3378 2202 3429 visum
2240 3377 2318 3429 eis

745 3473 1171 3540 redintegravit;
1206 3482 1257 3524 et
1289 3472 1378 3539 qui
1415 3470 1622 3522 aridam
1647 3469 1856 3521 curarit
1881 3481 2097 3518 manum
2121 3464 2316 3535 "(66),

743 3573 795 3614 et
831 3576 1022 3614 omnes
1049 3561 1270 3618 omnino
1306 3576 1439 3630 quos
1472 3559 1705 3620 curavit,
1739 3572 1846 3609 non
1869 3571 1956 3618 ea,
1979 3569 2098 3623 qua:
2121 3556 2188 3607 ab
2220 3556 2319 3607 ini-

743 3652 819 3705 tio
849 3666 918 3705 ex
961 3659 1116 3705 utero
1168 3652 1312 3705 edita
1365 3650 1601 3711 fuerant,
1638 3648 1880 3700 membra
1933 3652 2315 3708 mutaverunt;

743 3742 837 3796 sed
865 3743 1056 3795 eadem
1090 3741 1203 3808 ipsa
1243 3741 1396 3795 salva
1428 3739 1789 3806 recipiebant.

769 3854 772 3858 ι
813 3833 866 3886 6.
902 3831 1226 3887 Fabricator
1249 3833 1393 3887 enim
1423 3831 1800 3884 universorum
1822 3827 1915 3882 Dei
1944 3826 2200 3893 Verbum,
2224 3828 2316 3896 qui

740 3933 796 3979 et
826 3925 893 3977 ab
929 3925 1082 3978 initio
1110 3925 1394 3992 plasmarit
1425 3923 1726 3984 hominem,
1754 3937 1782 3975 a
1813 3921 2016 3975 malitia
2040 3921 2319 3974 inveniens

743 4015 1135 4070 labefactatum
1165 4031 1321 4068 suum
1360 4015 1565 4083 plasma
1595 4013 1742 4066 omni
1769 4013 1925 4067 modo
1947 4013 2188 4065 coravit:
2216 4012 2316 4066 hoc

742 4108 962 4176 quidem
985 4118 1038 4161 et
1065 4108 1361 4161 secundum
1383 4103 1804 4173 unumquodque
1823 4104 2150 4167 membrum,
2179 4103 2320 4156 sicut

740 4208 798 4250 et
830 4197 882 4250 in
915 4211 1016 4251 suo
1045 4196 1309 4264 plasmate
1331 4206 1453 4261 est;
1487 4197 1594 4250 hoc
1623 4207 1802 4248 autem
1843 4192 1955 4263 (δῖ)
1986 4204 2041 4246 et
2078 4193 2129 4245 in
2157 4193 2321 4245 semel

742 4286 858 4359 (68)
891 4297 1061 4341 totum
1095 4302 1287 4341 sutum
1319 4297 1372 4341 et
1412 4288 1685 4357 integrum
1718 4284 2110 4354 redintegravit
2143 4284 2320 4337 homi-

816 4428 1087 4482 “Coloss.
1125 4442 1209 4486 ιι..
1248 4425 1334 4478 10.
1413 4426 1456 4457 ⁸³
1483 4424 1658 4479 Galat.
1686 4438 1722 4487 ι,
1754 4423 1840 4484 15,
1876 4424 1963 4478 ιο.

739 4497 831 4562 2%;
856 4497 986 4552 hic.
1021 4513 1116 4562 vn,
1155 4497 1237 4561 12;
1259 4493 1418 4549 Joau.
1453 4509 1532 4559 ιι,
1563 4494 1652 4549 39.

2041 4420 2359 4493 “Cap_.d‘2.
2399 4440 2450 4475 n.
2494 4425 2558 4477 i0
2588 4434 2639 4476 et
2662 4439 2782 4493 cap.
2810 4423 2894 4480 15.

1746 4494 1788 4523 ³³
1811 4493 1977 4546 lare.
2014 4507 2067 4555 v,
2092 4490 2182 4556 Η,
2207 4489 2296 4556 43;
2331 4493 2454 4546 Luc.
2490 4510 2584 4558 vu,
2613 4493 2695 4559 i4,
2733 4489 2817 4560 15;
2853 4493 3009 4548 Joan.
3043 4509 3120 4556 at,
3145 4495 3236 4559 I35,
3258 4494 3348 4548 Η.

2423 3287 2582 3340 catis.
2619 3285 2681 3338 Et
2705 3295 2923 3353 propter
2954 3287 3056 3340 boc
3086 3288 3161 3341 ait
3196 3289 3487 3342 Dominus:
3522 3306 3540 3339 ι
3593 3288 3797 3341 Soli-ite
3825 3288 3999 3352 illum,

2425 3389 2478 3434 et
2507 3381 2762 3433 dimittite
2790 3379 2899 3449 (73)
2926 3381 3095 3434 abire.
3125 3402 3144 3434 ι
3180 3382 3331 3434 Sicut
3355 3381 3519 3449 igitur
3539 3382 3627 3449 qui
3653 3383 3823 3435 curati
3853 3387 4002 3445 sunt,

2428 3472 2479 3525 in
2506 3472 2590 3524 his
2612 3487 2730 3539 qua:
2757 3483 2882 3527 ante
2917 3487 3075 3540 passa
3106 3473 3319 3526 fuerant
3344 3472 3604 3537 membra,
3632 3473 3804 3525 curati
3837 3484 4001 3539 sunt;

2426 3573 2481 3615 et
2523 3562 2719 3616 mortui
2762 3563 2813 3616 in
2845 3563 3039 3616 iisdem
3079 3563 3797 3631 surrexeruntcorporibus,
3835 3580 4004 3618 mem-

2427 3652 2537 3706 bris
2555 3662 2607 3706 et
2624 3654 2942 3723 corporibus
2957 3655 3190 3720 ipsorum
3207 3655 3628 3722 percipientibus
3641 3655 4000 3716 curationem,

2425 3751 2478 3795 et
2501 3756 2618 3795 eam
2640 3744 2801 3796 vitam
2819 3758 2939 3811 qua:
2971 3743 3204 3797 dabatur
3235 3760 3261 3794 a
3301 3744 3998 3811 [ieinino,pertemporalia

2425 3834 2809 3902 prmforrnante
2827 3845 3053 3900 (eterna,
3080 3842 3134 3888 cl
3163 3836 3480 3888 ostendente
3496 3834 3754 3902 quoniam
3776 3835 3891 3903 ipse
3920 3845 4003 3888 est

2425 3922 2515 3992 qui
2533 3926 2934 3980 etcurationem
2951 3925 3199 3994 plasmati
3220 3943 3337 3988 suo,
3356 3937 3409 3977 et
3426 3927 3590 3978 vitam
3623 3935 3887 3992 prtestare
3907 3938 4002 3994 po-

2425 4022 2548 4079 test,
2570 4017 2645 4068 uti
2665 4016 2782 4083 ejus
2797 4015 2862 4069 de
2878 4016 3273 4070 resurrectione
3291 4029 3503 4082 quoque
3519 4015 3774 4069 credatur
3796 4030 3995 4069 sermo:

2426 4107 2505 4159 sic
2520 4114 2574 4159 et
2592 4106 2642 4160 in
2671 4107 2775 4160 line
2797 4123 2816 4157 ι
2839 4108 2891 4160 in
2917 4107 3210 4160 novissima
3229 4107 3444 4159 tuba“:
3464 4106 3995 4169 clamanteDomino,

2401 4199 2787 4250 resurrecturi
2819 4206 2946 4251 sunt
2971 4197 3192 4260 mortui,
3237 4198 3704 4262 quemadmodum
3727 4198 3843 4264 ipse
3881 4200 3992 4255 ait:

2436 4304 2453 4332 ι
2487 4289 2680 4341 Veniet
2705 4290 2858 4351 hora,
2896 4288 2949 4340 in
2981 4302 3085 4355 qua
3113 4302 3304 4341 omnes
3326 4289 3547 4352 mortui,
3580 4291 3670 4356 qui
3706 4291 3756 4342 in
3803 4305 3996 4344 menu-

2973 4423 3011 4455 "’
3045 4424 3170 4476 Luc.
3206 4439 3283 4482 rt.
3318 4423 3349 4475 6
3375 4434 3429 4477 et
3450 4437 3600 4492 seqq.
3680 4425 3723 4455 ³³
3747 4425 3910 4478 Mare.
3939 4442 3994 4494 γ,

3425 4494 3468 4523 ⁵⁸
3494 4495 3510 4545 l
3566 4495 3688 4548 Cor.
3717 4510 3806 4561 xv,
3836 4495 3924 4550 52.

729 4655 966 4737 E-pislola
993 4655 1060 4708 ad
1117 4655 1358 4734 Galatas.
1394 4652 1716 4737 (Ingenia!
1754 4663 2056 4732 sequuntur
2077 4655 2305 4737 'verbac
2340 4659 2385 4708 ι)
2417 4663 2688 4737 cteunota't
2713 4653 2906 4737 Grati.)
2935 4653 3084 4720 cujus
3107 4652 3263 4737 arida
3296 4659 3694 4737 manusncurata
3717 4660 3813 4703 est.

743 4722 974 4778 Fructus
1003 4734 1180 4777 autem
1207 4725 1376 4790 operis
1408 4726 1645 4787 spiritus,
1684 4734 1758 4774 cst
1807 4724 1983 4774 carni:
2008 4722 2150 4773 salus
2183 4762 2198 4786 ,
2243 4723 2311 4774 li-

741 4803 827 4848 cet
855 4810 958 4847 non
993 4797 1142 4862 ipsas
1164 4793 1400 4861 Apostoli
1426 4806 1586 4862 voces
1607 4791 1783 4846 Galat.
1803 4806 1853 4848 v.
1879 4791 1968 4848 Si.
1994 4792 2310 4852 exhibeant,

741 4878 964 4916 sensum
996 4860 1173 4917 tamen
1201 4860 1537 4929 exprimunt,
1564 4860 1616 4913 in
1641 4875 1799 4928 quem
1835 4864 2050 4913 easdem
2077 4862 2313 4926 explicat

742 4944 931 4986 auctor
960 4942 1144 4985 noster
1176 4948 1296 5002 cap.
1327 4932 1584 4998 praeced.,
1621 4947 1672 4982 ιι.
1710 4932 1759 4982 l.
1788 4929 2012 4981 Frustra
2059 4930 2221 5051 igitur
2246 4930 2311 4980 ad

742 5001 1106 5051 uarticinium.
1146 5003 1343 5051 dicem.
1396 5003 1694 5051 revotamia
1751 5013 1871 5051 esse
1902 4999 2015 5050 vult
2112 4998 2311 5051 rabius.

742 5001 1106 5070 participium,
1146 4998 1343 5063 dicem,
1396 5003 1694 5052 tevotamia
1751 5013 1871 5070 esse
1902 4999 2015 5070 vult
2061 4998 2313 5070 grabius,

740 5065 860 5139 qua
886 5065 1044 5139 paulo
1070 5081 1190 5139 post
1214 5067 1799 5139 sequuntur,Aposto_li
1829 5066 2026 5139 verba:
2067 5065 2125 5119 Si
2154 5068 2316 5134 igitur

741 5137 909 5192 nam
940 5141 992 5190 in
1019 5137 1197 5200 carne,
1227 5149 1358 5198 etc.,
1378 5154 1496 5205 quae
1520 5138 1646 5190 illnc
1674 5137 1810 5188 male
1838 5137 2160 5189 translocata
2187 5151 2306 5205 esse

741 5210 1038 5262 contendit.
1072 5209 1257 5277 Neque
1287 5204 1436 5259 enim
1469 5222 1530 5277 ea
1580 5206 1652 5277 ab,
1681 5206 1770 5257 illo
1807 5207 1923 5277 loco
1963 5204 2204 5277 amoveri
2233 5208 2308 5255 si-

742 5278 820 5345 nit
837 5281 977 5338 quod
1000 5293 1118 5331 mox
1143 5274 1415 5346 sequitur:
1439 5275 1563 5328 Non
1581 5276 1753 5343 utique
1779 5274 2146 5340 substantiam,
2171 5286 2303 5338 etc.,

741 5357 801 5398 ut
826 5347 928 5399 alia
962 5356 1189 5400 taceam.

814 5416 930 5534 (εδ)
962 5414 1028 5468 Ιιι
1057 5418 1396 5496 agnitionem.
1424 5413 1522 5494 Sic.
1562 5411 1747 5467 Graeca
1807 5411 2155 5480 exemplaria.
2195 5409 2301 5463 Sed

814 5496 966 5534 Irata
994 5484 1184 5534 Latina
1217 5487 1381 5534 addit.
1426 5483 1546 5534 Det.

739 5483 966 5551 Vulgata
993 5483 1184 5539 Latina
1217 5486 1381 5545 addit,
1426 5483 1546 5536 Dei.
1745 5540 1755 5544 _

810 5548 925 5623 (tis)
962 5553 1298 5624 Ignorantiaf.
1335 5555 1407 5607 ha
1427 5567 1616 5607 omnes
1641 5564 1770 5624 mss.
1800 5549 1906 5604 Sed
1939 5550 2088 5604 editt.
2119 5548 2299 5612 Eras.,

740 5619 946 5683 Gallae.
975 5619 1032 5691 ξι
1062 5622 1294 5680 Feuard.
1327 5638 1632 5691 perperam,
1664 5623 1933 5687 ignorans.

808 5692 921 5763 (65)
962 5688 1244 5763 ϐιξίσίιιεᾳ
1287 5687 1498 5763 uisione.
1532 5693 1587 5744 In
1628 5691 1858 5744 Claront.
1887 5687 2157 5742 recentior
2188 5703 2300 5740 mu-

736 5761 1079 5829 ltis.th
1097 5802 1115 5826 ,
1146 5761 1367 5829 ca'igiu
1389 5763 1628 5815 visionis.

804 5829 918 5902 (α)
947 5825 1054 5896 Qui
1075 5825 1286 5902 aulai
1313 5833 1517 5890 curarit
1543 5844 1779 5884 uanum.
1810 5825 2076 5900 lntellige,
2111 5837 2167 5882 ut
2220 5842 2298 5882 re-

2485 4724 2598 4789 (67)
2628 4721 2739 4776 Hoc
2765 4719 3083 4787 quidem)“
3115 4723 3209 4772 hoc
3254 4731 3447 4773 autem.
3481 4719 3671 4774 Graeco
3695 4735 3844 4773 more
3866 4735 3990 4789 pro,

2417 4797 2571 4844 modo
2596 4794 2831 4859 quidem,
2874 4791 3025 4842 modo
3053 4802 3249 4842 autem.

2491 4857 2615 4930 (68')
2642 4859 2700 4911 Et
2728 4865 2780 4912 in
2805 4860 2980 4912 semel.
3025 4859 3131 4912 Pro‘
3161 4859 3340 4930 simul;
3387 4859 3484 4920 aL,
3526 4868 3576 4911 et
3599 4857 3776 4930 semel.

2490 4926 2602 4999 (69)
2630 4930 2994 4994 lncorruptcla
3019 4929 3306 4980 circumdat
3334 4931 3538 4994 plasma
3560 4926 3839 4999 s_uum._ita
3865 4927 3990 4982 Cla-

2419 4996 2558 5053 ront.
2593 5002 2681 5052 ubi
2719 5009 2893 5050 tanien
2919 5014 3013 5048 ειιο
3035 5000 3224 5051 vitiose
3251 5001 3532 5064 scriptum.
3563 4996 3782 5061 (Sceleri,
3813 4998 3986 5050 incor-

2422 5070 2676 5134 rttptcinm
2715 5069 3000 5119 circumdat
3029 5066 3274 5131 piasmati
3313 5084 3427 5118 suo.

2482 5139 2595 5203 (ῗιῖ)
2641 5138 2846 5189 Summi
2883 5137 3186 5187 sacerdotis.
3242 5136 3749 5203 Arcitisynagogum,
3785 5134 3984 5199 princi-

2409 5220 2522 5271 pem
2572 5195 2864 5273 Synagoga:
2897 5245 2910 5265 ,
2963 5205 3045 5255 vel
3088 5205 3411 5270 simpliciter
3431 5195 3752 5270 'pri'nc't'pcm
3785 5195 3985 5258 dicunt

2407 5281 2753 5342 evang-Mue
2776 5313 2789 5332 ,
2833 5289 2936 5325 non
2983 5289 3252 5326 summum
3284 5277 3642 5326 sacerdotem.

2483 5340 2593 5404 (iiii
2634 5344 3006 5410 .tpprchendit.
3041 5342 3169 5406 Quae
3226 5359 3252 5394 a
3294 5343 3508 5396 Christo
3544 5351 3691 5409 gesta
3726 5340 3981 5410 dictaque

2410 5424 2554 5476 sunt,
2585 5419 2706 5466 dum
2730 5415 2959 5481 pueilant
2986 5423 3036 5464 et
3061 5413 3458 5466 adolescentem
3472 5413 3756 5466 suscitavit
3779 5427 3808 5464 a
3836 5427 3983 5466 mor-

2411 5487 2532 5544 luis,
2564 5486 2721 5535 simul
2759 5483 3078 5534 commiscet
3103 5483 3352 5535 irenu’us.

2483 5553 2775 5621 (72.10am.
2813 5551 2903 5601 διο
2952 5551 3188 5621 Claront.
3225 5551 3378 5619 juxta
3428 5551 3570 5604 edita
3623 5548 3686 5602 Ν.
3734 5547 3979 5603 Testam.

2411 5620 2761 5682 exempiaria.
2789 5621 2913 5682 Alii,
2945 5620 3096 5673 dare.

2482 5640 2761 5674 solitaria.
2789 5640 2913 5682 mu,
2945 5640 3096 5673 aure.

2482 5640 2907 5814 iygéalgimittitc.
2942 5688 3078 5742 Eum
3097 5704 3376 5761 perperam
3401 5688 3599 5744 addunt
3624 5687 3802 5755 Eras.,
3834 5684 3977 5741 Gali.

2501 5776 2512 5792 ³
2663 5783 2713 5814 u.

2408 5773 2460 5817 et
2485 5762 2713 5815 l’euard.
