  <div class='ocr_page' id='page_1' title='image "/cluster/home/n/w/nwhite01/storage/ocr_20150623/7 pars.2/pst.000005711840/034.png"; bbox 0 0 4238 6316; ppageno 0'>
   <div class='ocr_carea' id='block_1_1' title="bbox 246 321 377 377">
    <p class='ocr_par' dir='ltr' id='par_1_1' title="bbox 246 321 377 377">
     <span class='ocr_line' id='line_1_1' title="bbox 246 321 377 377; baseline 0.023 -3"><span class='ocrx_word' id='word_1_1' title='bbox 246 321 377 377; x_wconf 64' lang='lat' dir='ltr'><strong>HO!</strong></span> 
     </span>
    </p>
   </div>
   <div class='ocr_carea' id='block_1_2' title="bbox 1400 322 2326 385">
    <p class='ocr_par' dir='ltr' id='par_1_2' title="bbox 1400 322 2326 385">
     <span class='ocr_line' id='line_1_2' title="bbox 1400 322 2326 385; baseline -0.002 0"><span class='ocrx_word' id='word_1_2' title='bbox 1400 323 1681 385; x_wconf 74' lang='lat' dir='ltr'><strong>CONTRA</strong></span> <span class='ocrx_word' id='word_1_3' title='bbox 1719 323 2060 383; x_wconf 59' lang='lat' dir='ltr'><strong>HERESES</strong></span> <span class='ocrx_word' id='word_1_4' title='bbox 2092 322 2221 383; x_wconf 77' lang='lat' dir='ltr'><strong>LIB.</strong></span> <span class='ocrx_word' id='word_1_5' title='bbox 2263 324 2326 383; x_wconf 88' lang='lat' dir='ltr'><strong>V.</strong></span> 
     </span>
    </p>
   </div>
   <div class='ocr_carea' id='block_1_3' title="bbox 3344 338 3480 393">
    <p class='ocr_par' dir='ltr' id='par_1_3' title="bbox 3344 338 3480 393">
     <span class='ocr_line' id='line_1_3' title="bbox 3344 338 3480 393; baseline 0.022 -3"><span class='ocrx_word' id='word_1_6' title='bbox 3344 338 3480 393; x_wconf 69' lang='grc'><strong>1162</strong></span> 
     </span>
    </p>
   </div>
   <div class='ocr_carea' id='block_1_4' title="bbox 246 428 3481 521">
    <p class='ocr_par' dir='ltr' id='par_1_4' title="bbox 246 428 3481 521">
     <span class='ocr_line' id='line_1_4' title="bbox 246 428 3481 521; baseline 0.004 -27"><span class='ocrx_word' id='word_1_7' title='bbox 246 438 473 495; x_wconf 90' lang='lat' dir='ltr'><strong>Domino</strong></span> <span class='ocrx_word' id='word_1_8' title='bbox 492 428 620 499; x_wconf 67' lang='lat' dir='ltr'><strong>Iesu</strong></span> <span class='ocrx_word' id='word_1_9' title='bbox 642 434 864 500; x_wconf 85' lang='lat' dir='ltr'><strong>Christo</strong></span> <span class='ocrx_word' id='word_1_10' title='bbox 895 433 1011 517; x_wconf 67' lang='grc' dir='ltr'><strong>(οδ)</strong></span> <span class='ocrx_word' id='word_1_11' title='bbox 1041 451 1172 503; x_wconf 74' lang='lat' dir='ltr'><strong>usus</strong></span> <span class='ocrx_word' id='word_1_12' title='bbox 1203 455 1287 503; x_wconf 87' lang='lat' dir='ltr'><strong>est</strong></span> <span class='ocrx_word' id='word_1_13' title='bbox 1313 448 1497 504; x_wconf 89' lang='lat' dir='ltr'><strong>carnis</strong></span> <span class='ocrx_word' id='word_1_14' title='bbox 1520 450 1817 521; x_wconf 87' lang='lat' dir='ltr'><strong>etsangui-</strong></span> <span class='ocrx_word' id='word_1_15' title='bbox 1844 456 1891 513; x_wconf 76' lang='grc' dir='ltr'><strong>Α</strong></span> <span class='ocrx_word' id='word_1_16' title='bbox 1921 450 2064 504; x_wconf 89' lang='lat' dir='ltr'><strong>latus</strong></span> <span class='ocrx_word' id='word_1_17' title='bbox 2087 460 2170 505; x_wconf 86' lang='lat' dir='ltr'><strong>est</strong></span> <span class='ocrx_word' id='word_1_18' title='bbox 2196 464 2256 505; x_wconf 90' lang='lat' dir='ltr'><strong>se</strong></span> <span class='ocrx_word' id='word_1_19' title='bbox 2302 448 2576 505; x_wconf 88' lang='lat' dir='ltr'><strong>hominem</strong></span> <span class='ocrx_word' id='word_1_20' title='bbox 2611 448 2713 521; x_wconf 77' lang='lat'>(5);</span> <span class='ocrx_word' id='word_1_21' title='bbox 2772 450 2950 506; x_wconf 90' lang='lat' dir='ltr'><strong>adhuc</strong></span> <span class='ocrx_word' id='word_1_22' title='bbox 2993 452 3158 521; x_wconf 87' lang='lat' dir='ltr'><strong>etiam</strong></span> <span class='ocrx_word' id='word_1_23' title='bbox 3203 467 3303 507; x_wconf 91' lang='lat' dir='ltr'><strong>nec</strong></span> <span class='ocrx_word' id='word_1_24' title='bbox 3350 469 3481 507; x_wconf 85' lang='lat' dir='ltr'><strong>caro</strong></span> 
     </span>
    </p>
   </div>
   <div class='ocr_carea' id='block_1_5' title="bbox 242 527 1809 607">
    <p class='ocr_par' dir='ltr' id='par_1_5' title="bbox 242 527 1809 607">
     <span class='ocr_line' id='line_1_5' title="bbox 242 527 1809 607; baseline 0.005 -22"><span class='ocrx_word' id='word_1_25' title='bbox 242 527 331 586; x_wconf 79' lang='lat' dir='ltr'><strong>nis</strong></span> <span class='ocrx_word' id='word_1_26' title='bbox 384 532 633 600; x_wconf 84' lang='lat' dir='ltr'><strong>nomine;</strong></span> <span class='ocrx_word' id='word_1_27' title='bbox 688 532 888 605; x_wconf 80' lang='lat' dir='ltr'><strong>aliquid</strong></span> <span class='ocrx_word' id='word_1_28' title='bbox 930 538 1147 606; x_wconf 85' lang='lat' dir='ltr'><strong>quidem</strong></span> <span class='ocrx_word' id='word_1_29' title='bbox 1183 537 1339 607; x_wconf 88' lang='lat'>(96),</span> <span class='ocrx_word' id='word_1_30' title='bbox 1399 539 1477 593; x_wconf 90' lang='lat' dir='ltr'><strong>uti</strong></span> <span class='ocrx_word' id='word_1_31' title='bbox 1526 540 1809 595; x_wconf 78' lang='lat' dir='ltr'><strong>hominem</strong></span> 
     </span>
    </p>
   </div>
   <div class='ocr_carea' id='block_1_6' title="bbox 242 618 1813 701">
    <p class='ocr_par' dir='ltr' id='par_1_6' title="bbox 242 618 1813 701">
     <span class='ocr_line' id='line_1_6' title="bbox 242 618 1813 701; baseline 0.007 -27"><span class='ocrx_word' id='word_1_32' title='bbox 242 618 365 689; x_wconf 80' lang='lat' dir='ltr'><strong>ejus</strong></span> <span class='ocrx_word' id='word_1_33' title='bbox 393 630 656 701; x_wconf 86' lang='lat' dir='ltr'><strong>statueret</strong></span> <span class='ocrx_word' id='word_1_34' title='bbox 679 626 904 694; x_wconf 86' lang='lat' dir='ltr'><strong>(etenim</strong></span> <span class='ocrx_word' id='word_1_35' title='bbox 934 627 1050 697; x_wconf 84' lang='lat' dir='ltr'><strong>ipse</strong></span> <span class='ocrx_word' id='word_1_36' title='bbox 1076 628 1192 698; x_wconf 75' lang='lat'>(97)</span> <span class='ocrx_word' id='word_1_37' title='bbox 1232 630 1583 699; x_wconf 71' lang='lat' dir='ltr'><strong>semetipsum</strong></span> <span class='ocrx_word' id='word_1_38' title='bbox 1615 629 1813 685; x_wconf 83' lang='lat' dir='ltr'><strong>Filium</strong></span> 
     </span>
    </p>
   </div>
   <div class='ocr_carea' id='block_1_7' title="bbox 242 710 1811 787">
    <p class='ocr_par' dir='ltr' id='par_1_7' title="bbox 242 710 1811 787">
     <span class='ocr_line' id='line_1_7' title="bbox 242 710 1811 787; baseline 0.006 -23"><span class='ocrx_word' id='word_1_39' title='bbox 242 710 459 766; x_wconf 75' lang='lat' dir='ltr'><strong>dicebat</strong></span> <span class='ocrx_word' id='word_1_40' title='bbox 501 712 792 787; x_wconf 80' lang='lat' dir='ltr'><strong>hominis);</strong></span> <span class='ocrx_word' id='word_1_41' title='bbox 834 715 1039 786; x_wconf 80' lang='lat' dir='ltr'><strong>aliquid</strong></span> <span class='ocrx_word' id='word_1_42' title='bbox 1091 727 1292 787; x_wconf 87' lang='lat' dir='ltr'><strong>autem,</strong></span> <span class='ocrx_word' id='word_1_43' title='bbox 1322 720 1399 774; x_wconf 90' lang='lat' dir='ltr'><strong>uti</strong></span> <span class='ocrx_word' id='word_1_44' title='bbox 1426 719 1657 776; x_wconf 76' lang='lat' dir='ltr'><strong>salutem</strong></span> <span class='ocrx_word' id='word_1_45' title='bbox 1693 735 1811 775; x_wconf 90' lang='lat' dir='ltr'><strong>car-</strong></span> 
     </span>
    </p>
   </div>
   <div class='ocr_carea' id='block_1_8' title="bbox 240 802 1813 865">
    <p class='ocr_par' dir='ltr' id='par_1_8' title="bbox 240 802 1813 865">
     <span class='ocr_line' id='line_1_8' title="bbox 240 802 1813 865; baseline 0.006 -11"><span class='ocrx_word' id='word_1_46' title='bbox 240 802 331 856; x_wconf 93' lang='lat' dir='ltr'><strong>nis</strong></span> <span class='ocrx_word' id='word_1_47' title='bbox 352 813 551 860; x_wconf 66' lang='lat' dir='ltr'><strong>nostra</strong></span> <span class='ocrx_word' id='word_1_48' title='bbox 591 806 968 862; x_wconf 81' lang='lat' dir='ltr'><strong>conﬁrmaret.</strong></span> <span class='ocrx_word' id='word_1_49' title='bbox 998 806 1055 863; x_wconf 92' lang='lat' dir='ltr'><strong>Si</strong></span> <span class='ocrx_word' id='word_1_50' title='bbox 1088 808 1235 863; x_wconf 90' lang='lat' dir='ltr'><strong>enim</strong></span> <span class='ocrx_word' id='word_1_51' title='bbox 1262 824 1373 865; x_wconf 89' lang='lat' dir='ltr'><strong>non</strong></span> <span class='ocrx_word' id='word_1_52' title='bbox 1413 811 1645 865; x_wconf 90' lang='lat' dir='ltr'><strong>haberet</strong></span> <span class='ocrx_word' id='word_1_53' title='bbox 1685 823 1813 864; x_wconf 89' lang='lat' dir='ltr'><strong>caro</strong></span> 
     </span>
    </p>
   </div>
   <div class='ocr_carea' id='block_1_9' title="bbox 240 891 1807 966">
    <p class='ocr_par' dir='ltr' id='par_1_9' title="bbox 240 891 1807 966">
     <span class='ocr_line' id='line_1_9' title="bbox 240 891 1807 966; baseline 0.005 -20"><span class='ocrx_word' id='word_1_54' title='bbox 240 891 463 959; x_wconf 76' lang='lat' dir='ltr'><strong>salvari,</strong></span> <span class='ocrx_word' id='word_1_55' title='bbox 490 908 839 966; x_wconf 74' lang='lat' dir='ltr'><strong>nequaquam</strong></span> <span class='ocrx_word' id='word_1_56' title='bbox 871 896 1111 956; x_wconf 90' lang='lat' dir='ltr'><strong>Verbum</strong></span> <span class='ocrx_word' id='word_1_57' title='bbox 1142 900 1236 956; x_wconf 88' lang='lat' dir='ltr'><strong>Dei</strong></span> <span class='ocrx_word' id='word_1_58' title='bbox 1267 916 1399 956; x_wconf 89' lang='lat' dir='ltr'><strong>caro</strong></span> <span class='ocrx_word' id='word_1_59' title='bbox 1420 901 1624 957; x_wconf 85' lang='lat' dir='ltr'><strong>factum</strong></span> <span class='ocrx_word' id='word_1_60' title='bbox 1646 909 1807 956; x_wconf 85' lang='lat' dir='ltr'><strong>esset.</strong></span> 
     </span>
    </p>
   </div>
   <div class='ocr_carea' id='block_1_10' title="bbox 240 979 1815 1061">
    <p class='ocr_par' dir='ltr' id='par_1_10' title="bbox 240 979 1815 1061">
     <span class='ocr_line' id='line_1_10' title="bbox 240 979 1815 1061; baseline 0.004 -22"><span class='ocrx_word' id='word_1_61' title='bbox 240 982 309 1039; x_wconf 82' lang='lat' dir='ltr'><strong>Et</strong></span> <span class='ocrx_word' id='word_1_62' title='bbox 342 986 519 1040; x_wconf 82' lang='lat' dir='ltr'><strong>sinon</strong></span> <span class='ocrx_word' id='word_1_63' title='bbox 544 979 778 1043; x_wconf 70' lang='lat' dir='ltr'><strong>haberet</strong></span> <span class='ocrx_word' id='word_1_64' title='bbox 799 992 1023 1060; x_wconf 75' lang='lat' dir='ltr'><strong>sanguis</strong></span> <span class='ocrx_word' id='word_1_65' title='bbox 1050 990 1313 1059; x_wconf 82' lang='lat' dir='ltr'><strong>iustorum</strong></span> <span class='ocrx_word' id='word_1_66' title='bbox 1349 994 1574 1061; x_wconf 90' lang='lat' dir='ltr'><strong>inquiri,</strong></span> <span class='ocrx_word' id='word_1_67' title='bbox 1606 1005 1815 1061; x_wconf 84' lang='lat' dir='ltr'><strong>nequa-</strong></span> 
     </span>
    </p>
   </div>
   <div class='ocr_carea' id='block_1_11' title="bbox 238 1078 1809 1152">
    <p class='ocr_par' dir='ltr' id='par_1_11' title="bbox 238 1078 1809 1152">
     <span class='ocr_line' id='line_1_11' title="bbox 238 1078 1809 1152; baseline 0.003 -23"><span class='ocrx_word' id='word_1_68' title='bbox 238 1089 405 1143; x_wconf 86' lang='lat' dir='ltr'><strong>quam</strong></span> <span class='ocrx_word' id='word_1_69' title='bbox 432 1078 762 1149; x_wconf 84' lang='lat' dir='ltr'><strong>sanguinem</strong></span> <span class='ocrx_word' id='word_1_70' title='bbox 788 1079 1070 1137; x_wconf 81' lang='lat' dir='ltr'><strong>habuisset</strong></span> <span class='ocrx_word' id='word_1_71' title='bbox 1099 1082 1380 1139; x_wconf 86' lang='lat' dir='ltr'><strong>Dominus.</strong></span> <span class='ocrx_word' id='word_1_72' title='bbox 1408 1083 1513 1138; x_wconf 87' lang='lat' dir='ltr'><strong>Sed</strong></span> <span class='ocrx_word' id='word_1_73' title='bbox 1553 1082 1809 1152; x_wconf 89' lang='lat' dir='ltr'><strong>quoniam</strong></span> 
     </span>
    </p>
   </div>
   <div class='ocr_carea' id='block_1_12' title="bbox 239 1167 1808 1243">
    <p class='ocr_par' dir='ltr' id='par_1_12' title="bbox 239 1167 1808 1243">
     <span class='ocr_line' id='line_1_12' title="bbox 239 1167 1808 1243; baseline 0.006 -23"><span class='ocrx_word' id='word_1_74' title='bbox 239 1167 310 1222; x_wconf 82' lang='lat' dir='ltr'><strong>ab</strong></span> <span class='ocrx_word' id='word_1_75' title='bbox 339 1167 498 1223; x_wconf 84' lang='lat' dir='ltr'><strong>initio</strong></span> <span class='ocrx_word' id='word_1_76' title='bbox 523 1169 739 1225; x_wconf 80' lang='lat' dir='ltr'><strong>vocalis</strong></span> <span class='ocrx_word' id='word_1_77' title='bbox 764 1179 848 1227; x_wconf 89' lang='lat' dir='ltr'><strong>est</strong></span> <span class='ocrx_word' id='word_1_78' title='bbox 896 1172 1146 1243; x_wconf 84' lang='lat' dir='ltr'><strong>sanguis,</strong></span> <span class='ocrx_word' id='word_1_79' title='bbox 1178 1173 1325 1230; x_wconf 82' lang='lat' dir='ltr'><strong>Deus</strong></span> <span class='ocrx_word' id='word_1_80' title='bbox 1366 1175 1435 1229; x_wconf 89' lang='lat' dir='ltr'><strong>ad</strong></span> <span class='ocrx_word' id='word_1_81' title='bbox 1479 1174 1615 1230; x_wconf 86' lang='lat' dir='ltr'><strong>Cain</strong></span> <span class='ocrx_word' id='word_1_82' title='bbox 1650 1175 1808 1243; x_wconf 89' lang='lat' dir='ltr'><strong>dixit,</strong></span> 
     </span>
    </p>
   </div>
   <div class='ocr_carea' id='block_1_13' title="bbox 238 1260 1812 1338">
    <p class='ocr_par' dir='ltr' id='par_1_13' title="bbox 238 1260 1812 1338">
     <span class='ocr_line' id='line_1_13' title="bbox 238 1260 1812 1338; baseline 0.006 -26"><span class='ocrx_word' id='word_1_83' title='bbox 238 1272 366 1312; x_wconf 78' lang='lat' dir='ltr'><strong>eum</strong></span> <span class='ocrx_word' id='word_1_84' title='bbox 387 1260 685 1317; x_wconf 86' lang='lat' dir='ltr'><strong>occidisset</strong></span> <span class='ocrx_word' id='word_1_85' title='bbox 707 1261 933 1320; x_wconf 76' lang='lat' dir='ltr'><strong>fratrem</strong></span> <span class='ocrx_word' id='word_1_86' title='bbox 967 1273 1125 1319; x_wconf 84' lang='lat' dir='ltr'><strong>suum</strong></span> <span class='ocrx_word' id='word_1_87' title='bbox 1162 1284 1177 1321; x_wconf 94' lang='lat'><strong>:</strong></span> <span class='ocrx_word' id='word_1_88' title='bbox 1211 1284 1230 1317; x_wconf 75' lang='grc' dir='ltr'>ι</span> <span class='ocrx_word' id='word_1_89' title='bbox 1254 1264 1368 1321; x_wconf 89' lang='lat' dir='ltr'><strong>Vox</strong></span> <span class='ocrx_word' id='word_1_90' title='bbox 1394 1268 1677 1338; x_wconf 73' lang='lat' dir='ltr'><strong>sanguinis</strong></span> <span class='ocrx_word' id='word_1_91' title='bbox 1706 1267 1812 1321; x_wconf 82' lang='lat' dir='ltr'><strong>fra-</strong></span> 
     </span>
    </p>
   </div>
   <div class='ocr_carea' id='block_1_14' title="bbox 238 1348 1811 1426">
    <p class='ocr_par' dir='ltr' id='par_1_14' title="bbox 238 1348 1811 1426">
     <span class='ocr_line' id='line_1_14' title="bbox 238 1348 1811 1426; baseline 0.006 -24"><span class='ocrx_word' id='word_1_92' title='bbox 238 1348 344 1405; x_wconf 81' lang='lat' dir='ltr'><strong>tris</strong></span> <span class='ocrx_word' id='word_1_93' title='bbox 375 1351 453 1404; x_wconf 91' lang='lat' dir='ltr'><strong>tui</strong></span> <span class='ocrx_word' id='word_1_94' title='bbox 486 1350 689 1407; x_wconf 88' lang='lat' dir='ltr'><strong>clamat</strong></span> <span class='ocrx_word' id='word_1_95' title='bbox 720 1355 788 1407; x_wconf 88' lang='lat' dir='ltr'><strong>ad</strong></span> <span class='ocrx_word' id='word_1_96' title='bbox 815 1368 899 1407; x_wconf 88' lang='lat' dir='ltr'><strong>me</strong></span> <span class='ocrx_word' id='word_1_97' title='bbox 925 1355 995 1409; x_wconf 57' lang='grc' dir='ltr'><strong>ιβ.</strong></span> <span class='ocrx_word' id='word_1_98' title='bbox 1023 1374 1042 1407; x_wconf 75' lang='grc' dir='ltr'><strong><em>ι</em></strong></span> <span class='ocrx_word' id='word_1_99' title='bbox 1078 1356 1146 1410; x_wconf 82' lang='lat' dir='ltr'><strong>Et</strong></span> <span class='ocrx_word' id='word_1_100' title='bbox 1172 1356 1431 1426; x_wconf 89' lang='lat' dir='ltr'><strong>quoniam</strong></span> <span class='ocrx_word' id='word_1_101' title='bbox 1466 1356 1690 1413; x_wconf 85' lang='lat' dir='ltr'><strong>haberet</strong></span> <span class='ocrx_word' id='word_1_102' title='bbox 1717 1373 1811 1412; x_wconf 80' lang='lat' dir='ltr'><strong>ex-</strong></span> 
     </span>
    </p>
   </div>
   <div class='ocr_carea' id='block_1_15' title="bbox 236 1441 1812 1517">
    <p class='ocr_par' dir='ltr' id='par_1_15' title="bbox 236 1441 1812 1517">
     <span class='ocr_line' id='line_1_15' title="bbox 236 1441 1812 1517; baseline 0.006 -22"><span class='ocrx_word' id='word_1_103' title='bbox 236 1441 385 1508; x_wconf 73' lang='lat' dir='ltr'><strong>quiri</strong></span> <span class='ocrx_word' id='word_1_104' title='bbox 433 1444 658 1513; x_wconf 83' lang='lat' dir='ltr'><strong>sanguis</strong></span> <span class='ocrx_word' id='word_1_105' title='bbox 690 1446 956 1513; x_wconf 83' lang='lat' dir='ltr'><strong>ipsorum,</strong></span> <span class='ocrx_word' id='word_1_106' title='bbox 1011 1446 1150 1500; x_wconf 80' lang='lat' dir='ltr'><strong>dixit</strong></span> <span class='ocrx_word' id='word_1_107' title='bbox 1184 1447 1251 1503; x_wconf 82' lang='lat' dir='ltr'><strong>ad</strong></span> <span class='ocrx_word' id='word_1_108' title='bbox 1279 1461 1373 1503; x_wconf 90' lang='lat' dir='ltr'><strong>eos</strong></span> <span class='ocrx_word' id='word_1_109' title='bbox 1405 1450 1494 1517; x_wconf 90' lang='lat' dir='ltr'><strong>qui</strong></span> <span class='ocrx_word' id='word_1_110' title='bbox 1523 1449 1667 1505; x_wconf 89' lang='lat' dir='ltr'><strong>circa</strong></span> <span class='ocrx_word' id='word_1_111' title='bbox 1699 1447 1812 1504; x_wconf 82' lang='lat' dir='ltr'><strong>Noe</strong></span> 
     </span>
    </p>
   </div>
   <div class='ocr_carea' id='block_1_16' title="bbox 236 1519 1811 1609">
    <p class='ocr_par' dir='ltr' id='par_1_16' title="bbox 236 1519 1811 1609">
     <span class='ocr_line' id='line_1_16' title="bbox 236 1519 1811 1609; baseline 0.004 -20"><span class='ocrx_word' id='word_1_112' title='bbox 236 1531 355 1604; x_wconf 73' lang='lat'>(38)</span> <span class='ocrx_word' id='word_1_113' title='bbox 384 1544 584 1589; x_wconf 88' lang='lat' dir='ltr'><strong>erant:</strong></span> <span class='ocrx_word' id='word_1_114' title='bbox 620 1552 641 1588; x_wconf 79' lang='grc' dir='ltr'><strong><em>ι</em></strong></span> <span class='ocrx_word' id='word_1_115' title='bbox 680 1519 895 1591; x_wconf 72' lang='lat' dir='ltr'><strong>Etenim</strong></span> <span class='ocrx_word' id='word_1_116' title='bbox 929 1546 1167 1592; x_wconf 85' lang='lat' dir='ltr'><strong>vestrum</strong></span> <span class='ocrx_word' id='word_1_117' title='bbox 1191 1539 1507 1609; x_wconf 88' lang='lat' dir='ltr'><strong>sanguinem</strong></span> <span class='ocrx_word' id='word_1_118' title='bbox 1541 1539 1655 1609; x_wconf 83' lang='lat'>(99)</span> <span class='ocrx_word' id='word_1_119' title='bbox 1687 1539 1811 1595; x_wconf 85' lang='lat' dir='ltr'><strong>sni-</strong></span> 
     </span>
    </p>
   </div>
   <div class='ocr_carea' id='block_1_17' title="bbox 237 1627 1812 1697">
    <p class='ocr_par' dir='ltr' id='par_1_17' title="bbox 237 1627 1812 1697">
     <span class='ocr_line' id='line_1_17' title="bbox 237 1627 1812 1697; baseline 0.005 -19"><span class='ocrx_word' id='word_1_120' title='bbox 237 1636 456 1680; x_wconf 77' lang='lat' dir='ltr'><strong>narum</strong></span> <span class='ocrx_word' id='word_1_121' title='bbox 492 1634 800 1682; x_wconf 83' lang='lat' dir='ltr'><strong>vestrarum</strong></span> <span class='ocrx_word' id='word_1_122' title='bbox 851 1627 1139 1697; x_wconf 80' lang='lat' dir='ltr'><strong>exquiram</strong></span> <span class='ocrx_word' id='word_1_123' title='bbox 1186 1628 1337 1683; x_wconf 75' lang='lat' dir='ltr'><strong>iitum</strong></span> <span class='ocrx_word' id='word_1_124' title='bbox 1389 1633 1455 1686; x_wconf 87' lang='lat' dir='ltr'><strong>de</strong></span> <span class='ocrx_word' id='word_1_125' title='bbox 1505 1646 1668 1685; x_wconf 89' lang='lat' dir='ltr'><strong>manu</strong></span> <span class='ocrx_word' id='word_1_126' title='bbox 1699 1646 1812 1686; x_wconf 65' lang='lat' dir='ltr'><strong>omo</strong></span> 
     </span>
    </p>
   </div>
   <div class='ocr_carea' id='block_1_18' title="bbox 235 1715 1811 1787">
    <p class='ocr_par' dir='ltr' id='par_1_18' title="bbox 235 1715 1811 1787">
     <span class='ocr_line' id='line_1_18' title="bbox 235 1715 1811 1787; baseline 0.003 -16"><span class='ocrx_word' id='word_1_127' title='bbox 235 1716 394 1771; x_wconf 75' lang='lat' dir='ltr'><strong>nium</strong></span> <span class='ocrx_word' id='word_1_128' title='bbox 430 1715 753 1773; x_wconf 77' lang='lat' dir='ltr'><strong>bestiarum.</strong></span> <span class='ocrx_word' id='word_1_129' title='bbox 792 1737 813 1770; x_wconf 76' lang='grc' dir='ltr'><strong><em>ι</em></strong></span> <span class='ocrx_word' id='word_1_130' title='bbox 841 1718 910 1773; x_wconf 80' lang='lat' dir='ltr'><strong>Et</strong></span> <span class='ocrx_word' id='word_1_131' title='bbox 936 1719 1135 1774; x_wconf 89' lang='lat' dir='ltr'><strong>iterum</strong></span> <span class='ocrx_word' id='word_1_132' title='bbox 1169 1737 1185 1773; x_wconf 89' lang='lat'><strong>:</strong></span> <span class='ocrx_word' id='word_1_133' title='bbox 1224 1738 1243 1771; x_wconf 76' lang='grc' dir='ltr'>ι</span> <span class='ocrx_word' id='word_1_134' title='bbox 1282 1720 1383 1787; x_wconf 81' lang='lat' dir='ltr'><strong>Qui</strong></span> <span class='ocrx_word' id='word_1_135' title='bbox 1413 1719 1651 1775; x_wconf 70' lang='lat' dir='ltr'><strong>edundet</strong></span> <span class='ocrx_word' id='word_1_136' title='bbox 1684 1735 1811 1775; x_wconf 89' lang='lat' dir='ltr'><strong>san-</strong></span> 
     </span>
    </p>
   </div>
   <div class='ocr_carea' id='block_1_19' title="bbox 237 1808 1889 1884">
    <p class='ocr_par' dir='ltr' id='par_1_19' title="bbox 237 1808 1889 1884">
     <span class='ocr_line' id='line_1_19' title="bbox 237 1808 1889 1884; baseline 0.001 -21"><span class='ocrx_word' id='word_1_137' title='bbox 237 1808 457 1879; x_wconf 71' lang='lat' dir='ltr'><strong>guinem</strong></span> <span class='ocrx_word' id='word_1_138' title='bbox 475 1808 732 1877; x_wconf 88' lang='lat' dir='ltr'><strong>hominis,</strong></span> <span class='ocrx_word' id='word_1_139' title='bbox 751 1824 850 1879; x_wconf 80' lang='lat' dir='ltr'><strong>pro</strong></span> <span class='ocrx_word' id='word_1_140' title='bbox 866 1812 1131 1881; x_wconf 87' lang='lat' dir='ltr'><strong>sanguine</strong></span> <span class='ocrx_word' id='word_1_141' title='bbox 1144 1811 1220 1884; x_wconf 89' lang='grc'><strong>(1)</strong></span> <span class='ocrx_word' id='word_1_142' title='bbox 1238 1811 1358 1882; x_wconf 85' lang='lat' dir='ltr'><strong>ejus</strong></span> <span class='ocrx_word' id='word_1_143' title='bbox 1390 1811 1810 1868; x_wconf 68' lang='lat' dir='ltr'><strong>ei!undetur&quot;.»</strong></span> <span class='ocrx_word' id='word_1_144' title='bbox 1846 1809 1889 1864; x_wconf 89' lang='lat' dir='ltr'><strong>B</strong></span> 
     </span>
    </p>
   </div>
   <div class='ocr_carea' id='block_1_20' title="bbox 238 1900 1811 1974">
    <p class='ocr_par' dir='ltr' id='par_1_20' title="bbox 238 1900 1811 1974">
     <span class='ocr_line' id='line_1_20' title="bbox 238 1900 1811 1974; baseline 0.003 -17"><span class='ocrx_word' id='word_1_145' title='bbox 238 1900 509 1957; x_wconf 85' lang='lat' dir='ltr'><strong>Similiter</strong></span> <span class='ocrx_word' id='word_1_146' title='bbox 537 1909 718 1956; x_wconf 90' lang='lat' dir='ltr'><strong>autem</strong></span> <span class='ocrx_word' id='word_1_147' title='bbox 751 1910 806 1957; x_wconf 90' lang='lat' dir='ltr'><strong>et</strong></span> <span class='ocrx_word' id='word_1_148' title='bbox 829 1900 1092 1958; x_wconf 80' lang='lat' dir='ltr'><strong>Dominus</strong></span> <span class='ocrx_word' id='word_1_149' title='bbox 1124 1902 1234 1967; x_wconf 88' lang='lat' dir='ltr'><strong>bis,</strong></span> <span class='ocrx_word' id='word_1_150' title='bbox 1264 1904 1354 1972; x_wconf 93' lang='lat' dir='ltr'><strong>qui</strong></span> <span class='ocrx_word' id='word_1_151' title='bbox 1386 1904 1661 1960; x_wconf 83' lang='lat' dir='ltr'><strong>habebant</strong></span> <span class='ocrx_word' id='word_1_152' title='bbox 1692 1904 1811 1974; x_wconf 90' lang='lat' dir='ltr'><strong>ejus</strong></span> 
     </span>
    </p>
   </div>
   <div class='ocr_carea' id='block_1_21' title="bbox 236 1992 1812 2064">
    <p class='ocr_par' dir='ltr' id='par_1_21' title="bbox 236 1992 1812 2064">
     <span class='ocr_line' id='line_1_21' title="bbox 236 1992 1812 2064; baseline 0.002 -14"><span class='ocrx_word' id='word_1_153' title='bbox 236 1994 558 2064; x_wconf 76' lang='lat' dir='ltr'><strong>sanguinem</strong></span> <span class='ocrx_word' id='word_1_154' title='bbox 580 1992 878 2059; x_wconf 76' lang='lat' dir='ltr'><strong>effundere,</strong></span> <span class='ocrx_word' id='word_1_155' title='bbox 915 1993 1131 2049; x_wconf 87' lang='lat' dir='ltr'><strong>dicebat</strong></span> <span class='ocrx_word' id='word_1_156' title='bbox 1165 2010 1179 2046; x_wconf 88' lang='lat'><strong>:</strong></span> <span class='ocrx_word' id='word_1_157' title='bbox 1220 2013 1238 2046; x_wconf 77' lang='grc' dir='ltr'>ι</span> <span class='ocrx_word' id='word_1_158' title='bbox 1278 1994 1607 2064; x_wconf 87' lang='lat' dir='ltr'><strong>Exquiretur</strong></span> <span class='ocrx_word' id='word_1_159' title='bbox 1635 1997 1812 2053; x_wconf 89' lang='lat' dir='ltr'><strong>omnis</strong></span> 
     </span>
    </p>
   </div>
   <div class='ocr_carea' id='block_1_22' title="bbox 237 2083 1808 2157">
    <p class='ocr_par' dir='ltr' id='par_1_22' title="bbox 237 2083 1808 2157">
     <span class='ocr_line' id='line_1_22' title="bbox 237 2083 1808 2157; baseline 0.001 -15"><span class='ocrx_word' id='word_1_160' title='bbox 237 2085 465 2156; x_wconf 78' lang='lat' dir='ltr'><strong>sanguis</strong></span> <span class='ocrx_word' id='word_1_161' title='bbox 488 2083 687 2153; x_wconf 89' lang='lat' dir='ltr'><strong>justus,</strong></span> <span class='ocrx_word' id='word_1_162' title='bbox 712 2085 807 2155; x_wconf 87' lang='lat' dir='ltr'><strong>qui</strong></span> <span class='ocrx_word' id='word_1_163' title='bbox 846 2084 1142 2140; x_wconf 65' lang='lat' dir='ltr'><strong>edunditur</strong></span> <span class='ocrx_word' id='word_1_164' title='bbox 1175 2100 1349 2157; x_wconf 81' lang='lat' dir='ltr'><strong>super</strong></span> <span class='ocrx_word' id='word_1_165' title='bbox 1373 2096 1597 2153; x_wconf 89' lang='lat' dir='ltr'><strong>terram,</strong></span> <span class='ocrx_word' id='word_1_166' title='bbox 1626 2103 1656 2142; x_wconf 91' lang='lat' dir='ltr'><strong>a</strong></span> <span class='ocrx_word' id='word_1_167' title='bbox 1683 2104 1808 2144; x_wconf 85' lang='lat' dir='ltr'><strong>san-</strong></span> 
     </span>
    </p>
   </div>
   <div class='ocr_carea' id='block_1_23' title="bbox 239 2176 1810 2250">
    <p class='ocr_par' dir='ltr' id='par_1_23' title="bbox 239 2176 1810 2250">
     <span class='ocr_line' id='line_1_23' title="bbox 239 2176 1810 2250; baseline 0.004 -19"><span class='ocrx_word' id='word_1_168' title='bbox 239 2178 407 2250; x_wconf 75' lang='lat' dir='ltr'><strong>guine</strong></span> <span class='ocrx_word' id='word_1_169' title='bbox 426 2176 569 2232; x_wconf 63' lang='lat' dir='ltr'><strong>Abel</strong></span> <span class='ocrx_word' id='word_1_170' title='bbox 588 2176 753 2245; x_wconf 80' lang='lat' dir='ltr'><strong>justi,</strong></span> <span class='ocrx_word' id='word_1_171' title='bbox 789 2191 962 2247; x_wconf 86' lang='lat' dir='ltr'><strong>usque</strong></span> <span class='ocrx_word' id='word_1_172' title='bbox 993 2177 1061 2232; x_wconf 86' lang='lat' dir='ltr'><strong>ad</strong></span> <span class='ocrx_word' id='word_1_173' title='bbox 1083 2178 1402 2247; x_wconf 82' lang='lat' dir='ltr'><strong>sanguinem</strong></span> <span class='ocrx_word' id='word_1_174' title='bbox 1430 2178 1719 2236; x_wconf 65' lang='lat' dir='ltr'><strong>Zachariae</strong></span> <span class='ocrx_word' id='word_1_175' title='bbox 1744 2180 1810 2237; x_wconf 83' lang='lat' dir='ltr'><strong>ﬁ-</strong></span> 
     </span>
    </p>
   </div>
   <div class='ocr_carea' id='block_1_24' title="bbox 239 2268 1814 2341">
    <p class='ocr_par' dir='ltr' id='par_1_24' title="bbox 239 2268 1814 2341">
     <span class='ocr_line' id='line_1_24' title="bbox 239 2268 1814 2341; baseline 0.003 -18"><span class='ocrx_word' id='word_1_176' title='bbox 239 2269 298 2325; x_wconf 90' lang='lat' dir='ltr'><strong>lii</strong></span> <span class='ocrx_word' id='word_1_177' title='bbox 323 2269 631 2333; x_wconf 72' lang='lat' dir='ltr'><strong>Barachite,</strong></span> <span class='ocrx_word' id='word_1_178' title='bbox 668 2284 831 2339; x_wconf 86' lang='lat' dir='ltr'><strong>quem</strong></span> <span class='ocrx_word' id='word_1_179' title='bbox 871 2268 1153 2325; x_wconf 83' lang='lat' dir='ltr'><strong>occidistis</strong></span> <span class='ocrx_word' id='word_1_180' title='bbox 1195 2270 1337 2324; x_wconf 88' lang='lat' dir='ltr'><strong>inter</strong></span> <span class='ocrx_word' id='word_1_181' title='bbox 1366 2270 1624 2341; x_wconf 87' lang='lat' dir='ltr'><strong>templum</strong></span> <span class='ocrx_word' id='word_1_182' title='bbox 1657 2279 1711 2327; x_wconf 82' lang='lat' dir='ltr'><strong>et</strong></span> <span class='ocrx_word' id='word_1_183' title='bbox 1742 2272 1814 2327; x_wconf 86' lang='lat' dir='ltr'><strong>al-</strong></span> 
     </span>
    </p>
   </div>
   <div class='ocr_carea' id='block_1_25' title="bbox 240 2360 1812 2433">
    <p class='ocr_par' dir='ltr' id='par_1_25' title="bbox 240 2360 1812 2433">
     <span class='ocr_line' id='line_1_25' title="bbox 240 2360 1812 2433; baseline 0.003 -18"><span class='ocrx_word' id='word_1_184' title='bbox 240 2370 399 2425; x_wconf 84' lang='lat' dir='ltr'><strong>tare;</strong></span> <span class='ocrx_word' id='word_1_185' title='bbox 453 2362 619 2416; x_wconf 89' lang='lat' dir='ltr'><strong>etiam</strong></span> <span class='ocrx_word' id='word_1_186' title='bbox 664 2361 787 2417; x_wconf 86' lang='lat' dir='ltr'><strong>dico</strong></span> <span class='ocrx_word' id='word_1_187' title='bbox 816 2360 1000 2427; x_wconf 89' lang='lat' dir='ltr'><strong>vobis,</strong></span> <span class='ocrx_word' id='word_1_188' title='bbox 1031 2360 1259 2416; x_wconf 77' lang='lat' dir='ltr'><strong>venient</strong></span> <span class='ocrx_word' id='word_1_189' title='bbox 1290 2362 1469 2417; x_wconf 85' lang='lat' dir='ltr'><strong>omnia</strong></span> <span class='ocrx_word' id='word_1_190' title='bbox 1512 2363 1614 2417; x_wconf 85' lang='lat' dir='ltr'><strong>ista</strong></span> <span class='ocrx_word' id='word_1_191' title='bbox 1654 2375 1812 2433; x_wconf 86' lang='lat' dir='ltr'><strong>super</strong></span> 
     </span>
    </p>
   </div>
   <div class='ocr_carea' id='block_1_26' title="bbox 239 2447 1811 2523">
    <p class='ocr_par' dir='ltr' id='par_1_26' title="bbox 239 2447 1811 2523">
     <span class='ocr_line' id='line_1_26' title="bbox 239 2447 1811 2523; baseline -0.001 -15"><span class='ocrx_word' id='word_1_192' title='bbox 239 2453 660 2523; x_wconf 69' lang='lat' dir='ltr'><strong>generationem</strong></span> <span class='ocrx_word' id='word_1_193' title='bbox 696 2452 858 2507; x_wconf 87' lang='lat' dir='ltr'><strong>istam</strong></span> <span class='ocrx_word' id='word_1_194' title='bbox 898 2449 967 2504; x_wconf 88' lang='lat'><strong>&quot;.</strong></span> <span class='ocrx_word' id='word_1_195' title='bbox 1020 2468 1038 2501; x_wconf 77' lang='grc' dir='ltr'><strong>ι</strong></span> <span class='ocrx_word' id='word_1_196' title='bbox 1094 2447 1625 2521; x_wconf 78' lang='lat' dir='ltr'><strong>Recapitulationem</strong></span> <span class='ocrx_word' id='word_1_197' title='bbox 1678 2452 1811 2507; x_wconf 77' lang='lat' dir='ltr'><strong>emi-</strong></span> 
     </span>
    </p>
   </div>
   <div class='ocr_carea' id='block_1_27' title="bbox 238 2542 1812 2616">
    <p class='ocr_par' dir='ltr' id='par_1_27' title="bbox 238 2542 1812 2616">
     <span class='ocr_line' id='line_1_27' title="bbox 238 2542 1812 2616; baseline -0.001 -15"><span class='ocrx_word' id='word_1_198' title='bbox 238 2544 411 2601; x_wconf 81' lang='lat' dir='ltr'><strong>sionis</strong></span> <span class='ocrx_word' id='word_1_199' title='bbox 436 2542 719 2615; x_wconf 74' lang='lat' dir='ltr'><strong>sanguinis</strong></span> <span class='ocrx_word' id='word_1_200' title='bbox 744 2546 811 2601; x_wconf 84' lang='lat' dir='ltr'><strong>ab</strong></span> <span class='ocrx_word' id='word_1_201' title='bbox 840 2542 1011 2616; x_wconf 43' lang='lat' dir='ltr'><strong>initio,</strong></span> <span class='ocrx_word' id='word_1_202' title='bbox 1037 2542 1277 2600; x_wconf 90' lang='lat' dir='ltr'><strong>omnium</strong></span> <span class='ocrx_word' id='word_1_203' title='bbox 1301 2543 1577 2614; x_wconf 88' lang='lat' dir='ltr'><strong>justorum</strong></span> <span class='ocrx_word' id='word_1_204' title='bbox 1609 2553 1664 2601; x_wconf 92' lang='lat' dir='ltr'><strong>et</strong></span> <span class='ocrx_word' id='word_1_205' title='bbox 1689 2560 1812 2615; x_wconf 91' lang='lat' dir='ltr'><strong>pro-</strong></span> 
     </span>
    </p>
   </div>
   <div class='ocr_carea' id='block_1_28' title="bbox 236 2634 1814 2706">
    <p class='ocr_par' dir='ltr' id='par_1_28' title="bbox 236 2634 1814 2706">
     <span class='ocr_line' id='line_1_28' title="bbox 236 2634 1814 2706; baseline 0.001 -16"><span class='ocrx_word' id='word_1_206' title='bbox 236 2636 550 2705; x_wconf 80' lang='lat' dir='ltr'><strong>phetarum,</strong></span> <span class='ocrx_word' id='word_1_207' title='bbox 578 2636 631 2690; x_wconf 91' lang='lat' dir='ltr'><strong>in</strong></span> <span class='ocrx_word' id='word_1_208' title='bbox 664 2636 1019 2706; x_wconf 87' lang='lat' dir='ltr'><strong>semetipsum</strong></span> <span class='ocrx_word' id='word_1_209' title='bbox 1040 2634 1289 2691; x_wconf 65' lang='lat' dir='ltr'><strong>futuram</strong></span> <span class='ocrx_word' id='word_1_210' title='bbox 1328 2637 1604 2704; x_wconf 80' lang='lat' dir='ltr'><strong>indicans,</strong></span> <span class='ocrx_word' id='word_1_211' title='bbox 1637 2646 1691 2692; x_wconf 90' lang='lat' dir='ltr'><strong>et</strong></span> <span class='ocrx_word' id='word_1_212' title='bbox 1720 2652 1814 2693; x_wconf 86' lang='lat' dir='ltr'><strong>ex-</strong></span> 
     </span>
    </p>
   </div>
   <div class='ocr_carea' id='block_1_29' title="bbox 238 2728 1811 2799">
    <p class='ocr_par' dir='ltr' id='par_1_29' title="bbox 238 2728 1811 2799">
     <span class='ocr_line' id='line_1_29' title="bbox 238 2728 1811 2799; baseline -0.001 -16"><span class='ocrx_word' id='word_1_213' title='bbox 238 2728 593 2798; x_wconf 91' lang='lat' dir='ltr'><strong>quisitionem</strong></span> <span class='ocrx_word' id='word_1_214' title='bbox 608 2728 889 2799; x_wconf 70' lang='lat' dir='ltr'><strong>sanguinis</strong></span> <span class='ocrx_word' id='word_1_215' title='bbox 914 2728 1158 2798; x_wconf 89' lang='lat' dir='ltr'><strong>ipsorum</strong></span> <span class='ocrx_word' id='word_1_216' title='bbox 1180 2741 1278 2796; x_wconf 86' lang='lat' dir='ltr'><strong>per</strong></span> <span class='ocrx_word' id='word_1_217' title='bbox 1302 2729 1674 2798; x_wconf 82' lang='lat' dir='ltr'><strong>semetipsum.</strong></span> <span class='ocrx_word' id='word_1_218' title='bbox 1695 2728 1811 2782; x_wconf 78' lang='lat' dir='ltr'><strong>Non</strong></span> 
     </span>
    </p>
   </div>
   <div class='ocr_carea' id='block_1_30' title="bbox 240 2820 1811 2892">
    <p class='ocr_par' dir='ltr' id='par_1_30' title="bbox 240 2820 1811 2892">
     <span class='ocr_line' id='line_1_30' title="bbox 240 2820 1811 2892; baseline -0.003 -14"><span class='ocrx_word' id='word_1_219' title='bbox 240 2830 427 2878; x_wconf 73' lang='lat' dir='ltr'><strong>autem</strong></span> <span class='ocrx_word' id='word_1_220' title='bbox 455 2822 837 2892; x_wconf 79' lang='lat' dir='ltr'><strong>exquireretur</strong></span> <span class='ocrx_word' id='word_1_221' title='bbox 869 2821 995 2887; x_wconf 90' lang='lat' dir='ltr'><strong>hoc,</strong></span> <span class='ocrx_word' id='word_1_222' title='bbox 1026 2820 1134 2875; x_wconf 88' lang='lat' dir='ltr'><strong>nisi</strong></span> <span class='ocrx_word' id='word_1_223' title='bbox 1188 2828 1243 2877; x_wconf 90' lang='lat' dir='ltr'><strong>et</strong></span> <span class='ocrx_word' id='word_1_224' title='bbox 1291 2820 1493 2875; x_wconf 85' lang='lat' dir='ltr'><strong>salvari</strong></span> <span class='ocrx_word' id='word_1_225' title='bbox 1548 2822 1811 2887; x_wconf 81' lang='lat' dir='ltr'><strong>haberet;</strong></span> 
     </span>
    </p>
   </div>
   <div class='ocr_carea' id='block_1_31' title="bbox 236 2912 1812 2985">
    <p class='ocr_par' dir='ltr' id='par_1_31' title="bbox 236 2912 1812 2985">
     <span class='ocr_line' id='line_1_31' title="bbox 236 2912 1812 2985; baseline 0 -17"><span class='ocrx_word' id='word_1_226' title='bbox 236 2929 343 2970; x_wconf 87' lang='lat' dir='ltr'><strong>nec</strong></span> <span class='ocrx_word' id='word_1_227' title='bbox 378 2916 429 2969; x_wconf 94' lang='lat' dir='ltr'><strong>in</strong></span> <span class='ocrx_word' id='word_1_228' title='bbox 465 2912 819 2983; x_wconf 87' lang='lat' dir='ltr'><strong>semetipsum</strong></span> <span class='ocrx_word' id='word_1_229' title='bbox 872 2914 1263 2985; x_wconf 88' lang='lat' dir='ltr'><strong>recapitulatus</strong></span> <span class='ocrx_word' id='word_1_230' title='bbox 1312 2922 1452 2971; x_wconf 90' lang='lat' dir='ltr'><strong>esset</strong></span> <span class='ocrx_word' id='word_1_231' title='bbox 1480 2913 1595 2968; x_wconf 61' lang='lat' dir='ltr'><strong>haec</strong></span> <span class='ocrx_word' id='word_1_232' title='bbox 1630 2912 1812 2968; x_wconf 81' lang='lat' dir='ltr'><strong>Domi-</strong></span> 
     </span>
    </p>
   </div>
   <div class='ocr_carea' id='block_1_32' title="bbox 238 3003 1810 3076">
    <p class='ocr_par' dir='ltr' id='par_1_32' title="bbox 238 3003 1810 3076">
     <span class='ocr_line' id='line_1_32' title="bbox 238 3003 1810 3076; baseline 0.001 -19"><span class='ocrx_word' id='word_1_233' title='bbox 238 3020 367 3072; x_wconf 72' lang='lat' dir='ltr'><strong>nus,</strong></span> <span class='ocrx_word' id='word_1_234' title='bbox 392 3004 497 3059; x_wconf 89' lang='lat' dir='ltr'><strong>nisi</strong></span> <span class='ocrx_word' id='word_1_235' title='bbox 530 3014 585 3059; x_wconf 92' lang='lat' dir='ltr'><strong>et</strong></span> <span class='ocrx_word' id='word_1_236' title='bbox 608 3004 726 3076; x_wconf 85' lang='lat' dir='ltr'><strong>ipse</strong></span> <span class='ocrx_word' id='word_1_237' title='bbox 752 3018 883 3059; x_wconf 86' lang='lat' dir='ltr'><strong>caro</strong></span> <span class='ocrx_word' id='word_1_238' title='bbox 907 3012 962 3059; x_wconf 84' lang='lat' dir='ltr'><strong>et</strong></span> <span class='ocrx_word' id='word_1_239' title='bbox 1009 3005 1227 3074; x_wconf 77' lang='lat' dir='ltr'><strong>sanguis</strong></span> <span class='ocrx_word' id='word_1_240' title='bbox 1256 3003 1554 3059; x_wconf 86' lang='lat' dir='ltr'><strong>secundum</strong></span> <span class='ocrx_word' id='word_1_241' title='bbox 1606 3004 1810 3073; x_wconf 89' lang='lat' dir='ltr'><strong>princi-</strong></span> 
     </span>
    </p>
   </div>
   <div class='ocr_carea' id='block_1_33' title="bbox 1914 543 3480 616">
    <p class='ocr_par' dir='ltr' id='par_1_33' title="bbox 1914 543 3480 616">
     <span class='ocr_line' id='line_1_33' title="bbox 1914 543 3480 616; baseline 0.003 -18"><span class='ocrx_word' id='word_1_242' title='bbox 1914 544 2129 613; x_wconf 87' lang='lat' dir='ltr'><strong>qnidem</strong></span> <span class='ocrx_word' id='word_1_243' title='bbox 2162 544 2269 598; x_wconf 90' lang='lat' dir='ltr'><strong>dici</strong></span> <span class='ocrx_word' id='word_1_244' title='bbox 2308 550 2505 612; x_wconf 87' lang='lat' dir='ltr'><strong>potest.</strong></span> <span class='ocrx_word' id='word_1_245' title='bbox 2532 543 2670 599; x_wconf 91' lang='lat' dir='ltr'><strong>Caro</strong></span> <span class='ocrx_word' id='word_1_246' title='bbox 2696 546 2839 600; x_wconf 92' lang='lat' dir='ltr'><strong>enim</strong></span> <span class='ocrx_word' id='word_1_247' title='bbox 2871 560 3000 599; x_wconf 90' lang='lat' dir='ltr'><strong>vere</strong></span> <span class='ocrx_word' id='word_1_248' title='bbox 3028 546 3211 615; x_wconf 70' lang='lat' dir='ltr'><strong>prima:</strong></span> <span class='ocrx_word' id='word_1_249' title='bbox 3243 546 3480 616; x_wconf 84' lang='lat' dir='ltr'><strong>plasma-</strong></span> 
     </span>
    </p>
   </div>
   <div class='ocr_carea' id='block_1_34' title="bbox 1912 634 3480 707">
    <p class='ocr_par' dir='ltr' id='par_1_34' title="bbox 1912 634 3480 707">
     <span class='ocr_line' id='line_1_34' title="bbox 1912 634 3480 707; baseline 0.004 -19"><span class='ocrx_word' id='word_1_250' title='bbox 1912 635 2081 689; x_wconf 83' lang='lat' dir='ltr'><strong>tionis</strong></span> <span class='ocrx_word' id='word_1_251' title='bbox 2110 649 2141 690; x_wconf 92' lang='lat' dir='ltr'><strong>e</strong></span> <span class='ocrx_word' id='word_1_252' title='bbox 2178 634 2309 689; x_wconf 92' lang='lat' dir='ltr'><strong>limo</strong></span> <span class='ocrx_word' id='word_1_253' title='bbox 2356 634 2496 690; x_wconf 80' lang='lat' dir='ltr'><strong>facta</strong></span> <span class='ocrx_word' id='word_1_254' title='bbox 2524 646 2608 690; x_wconf 90' lang='lat' dir='ltr'><strong>est</strong></span> <span class='ocrx_word' id='word_1_255' title='bbox 2647 638 2920 692; x_wconf 87' lang='lat' dir='ltr'><strong>successio</strong></span> <span class='ocrx_word' id='word_1_256' title='bbox 2955 638 3052 707; x_wconf 72' lang='grc'><strong>(4).</strong></span> <span class='ocrx_word' id='word_1_257' title='bbox 3108 636 3166 692; x_wconf 92' lang='lat' dir='ltr'><strong>Si</strong></span> <span class='ocrx_word' id='word_1_258' title='bbox 3196 647 3378 694; x_wconf 88' lang='lat' dir='ltr'><strong>autem</strong></span> <span class='ocrx_word' id='word_1_259' title='bbox 3412 655 3480 694; x_wconf 84' lang='lat' dir='ltr'><strong>ex</strong></span> 
     </span>
    </p>
   </div>
   <div class='ocr_carea' id='block_1_35' title="bbox 1912 725 3481 797">
    <p class='ocr_par' dir='ltr' id='par_1_35' title="bbox 1912 725 3481 797">
     <span class='ocr_line' id='line_1_35' title="bbox 1912 725 3481 797; baseline 0.007 -19"><span class='ocrx_word' id='word_1_260' title='bbox 1912 725 2018 779; x_wconf 85' lang='lat' dir='ltr'><strong>alia</strong></span> <span class='ocrx_word' id='word_1_261' title='bbox 2062 726 2365 780; x_wconf 84' lang='lat' dir='ltr'><strong>substantia</strong></span> <span class='ocrx_word' id='word_1_262' title='bbox 2415 727 2615 783; x_wconf 90' lang='lat' dir='ltr'><strong>habere</strong></span> <span class='ocrx_word' id='word_1_263' title='bbox 2647 744 2770 783; x_wconf 90' lang='lat' dir='ltr'><strong>eum</strong></span> <span class='ocrx_word' id='word_1_264' title='bbox 2805 732 3044 797; x_wconf 88' lang='lat' dir='ltr'><strong>oportuit</strong></span> <span class='ocrx_word' id='word_1_265' title='bbox 3071 734 3380 797; x_wconf 86' lang='lat' dir='ltr'><strong>materiam,</strong></span> <span class='ocrx_word' id='word_1_266' title='bbox 3412 735 3481 789; x_wconf 88' lang='lat' dir='ltr'><strong>ab</strong></span> 
     </span>
    </p>
   </div>
   <div class='ocr_carea' id='block_1_36' title="bbox 1914 818 3479 895">
    <p class='ocr_par' dir='ltr' id='par_1_36' title="bbox 1914 818 3479 895">
     <span class='ocr_line' id='line_1_36' title="bbox 1914 818 3479 895; baseline 0.003 -22"><span class='ocrx_word' id='word_1_267' title='bbox 1914 818 2071 873; x_wconf 89' lang='lat' dir='ltr'><strong>initio</strong></span> <span class='ocrx_word' id='word_1_268' title='bbox 2109 833 2173 873; x_wconf 91' lang='lat' dir='ltr'><strong>ex</strong></span> <span class='ocrx_word' id='word_1_269' title='bbox 2203 819 2377 873; x_wconf 89' lang='lat' dir='ltr'><strong>altera</strong></span> <span class='ocrx_word' id='word_1_270' title='bbox 2416 819 2721 874; x_wconf 89' lang='lat' dir='ltr'><strong>substantia</strong></span> <span class='ocrx_word' id='word_1_271' title='bbox 2753 820 2918 876; x_wconf 88' lang='lat' dir='ltr'><strong>Pater</strong></span> <span class='ocrx_word' id='word_1_272' title='bbox 2954 821 3031 895; x_wconf 85' lang='lat'>(5)</span> <span class='ocrx_word' id='word_1_273' title='bbox 3052 832 3305 892; x_wconf 89' lang='lat' dir='ltr'><strong>operatus</strong></span> <span class='ocrx_word' id='word_1_274' title='bbox 3345 825 3479 878; x_wconf 82' lang='lat' dir='ltr'><strong>fuis-</strong></span> 
     </span>
    </p>
   </div>
   <div class='ocr_carea' id='block_1_37' title="bbox 1913 908 3481 982">
    <p class='ocr_par' dir='ltr' id='par_1_37' title="bbox 1913 908 3481 982">
     <span class='ocr_line' id='line_1_37' title="bbox 1913 908 3481 982; baseline 0.004 -21"><span class='ocrx_word' id='word_1_275' title='bbox 1913 918 1994 961; x_wconf 83' lang='lat' dir='ltr'><strong>set</strong></span> <span class='ocrx_word' id='word_1_276' title='bbox 2028 908 2142 961; x_wconf 84' lang='lat' dir='ltr'><strong>ﬁeri</strong></span> <span class='ocrx_word' id='word_1_277' title='bbox 2174 908 2623 977; x_wconf 86' lang='lat' dir='ltr'><strong>conspersionem</strong></span> <span class='ocrx_word' id='word_1_278' title='bbox 2660 908 2781 978; x_wconf 88' lang='lat' dir='ltr'><strong>ejus</strong></span> <span class='ocrx_word' id='word_1_279' title='bbox 2809 910 2908 980; x_wconf 88' lang='lat'><strong>(6).</strong></span> <span class='ocrx_word' id='word_1_280' title='bbox 2944 909 3097 965; x_wconf 85' lang='lat' dir='ltr'><strong>Nunc</strong></span> <span class='ocrx_word' id='word_1_281' title='bbox 3128 919 3310 967; x_wconf 89' lang='lat' dir='ltr'><strong>autem</strong></span> <span class='ocrx_word' id='word_1_282' title='bbox 3333 912 3481 982; x_wconf 84' lang='lat' dir='ltr'><strong>quod</strong></span> 
     </span>
    </p>
   </div>
   <div class='ocr_carea' id='block_1_38' title="bbox 1914 998 3485 1068">
    <p class='ocr_par' dir='ltr' id='par_1_38' title="bbox 1914 998 3485 1068">
     <span class='ocr_line' id='line_1_38' title="bbox 1914 998 3485 1068; baseline 0.008 -18"><span class='ocrx_word' id='word_1_283' title='bbox 1914 998 2032 1062; x_wconf 77' lang='lat' dir='ltr'><strong>fuit,</strong></span> <span class='ocrx_word' id='word_1_284' title='bbox 2060 999 2151 1068; x_wconf 88' lang='lat' dir='ltr'><strong>qui</strong></span> <span class='ocrx_word' id='word_1_285' title='bbox 2199 1001 2454 1067; x_wconf 83' lang='lat' dir='ltr'><strong>perierat,</strong></span> <span class='ocrx_word' id='word_1_286' title='bbox 2510 1002 2693 1063; x_wconf 86' lang='lat' dir='ltr'><strong>homo,</strong></span> <span class='ocrx_word' id='word_1_287' title='bbox 2726 1002 2827 1056; x_wconf 89' lang='lat' dir='ltr'><strong>hoc</strong></span> <span class='ocrx_word' id='word_1_288' title='bbox 2889 1004 3129 1061; x_wconf 89' lang='lat' dir='ltr'><strong>salutare</strong></span> <span class='ocrx_word' id='word_1_289' title='bbox 3162 1005 3363 1061; x_wconf 80' lang='lat' dir='ltr'><strong>factum</strong></span> <span class='ocrx_word' id='word_1_290' title='bbox 3397 1014 3485 1063; x_wconf 81' lang='lat' dir='ltr'><strong>est</strong></span> 
     </span>
    </p>
   </div>
   <div class='ocr_carea' id='block_1_39' title="bbox 1915 1091 3479 1164">
    <p class='ocr_par' dir='ltr' id='par_1_39' title="bbox 1915 1091 3479 1164">
     <span class='ocr_line' id='line_1_39' title="bbox 1915 1091 3479 1164; baseline 0.006 -19"><span class='ocrx_word' id='word_1_291' title='bbox 1915 1091 2147 1145; x_wconf 89' lang='lat' dir='ltr'><strong>Verbum</strong></span> <span class='ocrx_word' id='word_1_292' title='bbox 2171 1108 2185 1155; x_wconf 89' lang='lat'><strong>;</strong></span> <span class='ocrx_word' id='word_1_293' title='bbox 2220 1107 2316 1161; x_wconf 84' lang='lat' dir='ltr'><strong>per</strong></span> <span class='ocrx_word' id='word_1_294' title='bbox 2348 1093 2702 1161; x_wconf 88' lang='lat' dir='ltr'><strong>semetipsum</strong></span> <span class='ocrx_word' id='word_1_295' title='bbox 2748 1108 2887 1158; x_wconf 87' lang='lat' dir='ltr'><strong>eam,</strong></span> <span class='ocrx_word' id='word_1_296' title='bbox 2914 1110 3033 1163; x_wconf 64' lang='lat' dir='ltr'><strong>qua</strong></span> <span class='ocrx_word' id='word_1_297' title='bbox 3059 1106 3205 1151; x_wconf 86' lang='lat' dir='ltr'><strong>esset</strong></span> <span class='ocrx_word' id='word_1_298' title='bbox 3230 1100 3298 1151; x_wconf 89' lang='lat' dir='ltr'><strong>ad</strong></span> <span class='ocrx_word' id='word_1_299' title='bbox 3326 1112 3479 1164; x_wconf 89' lang='lat' dir='ltr'><strong>eum,</strong></span> 
     </span>
    </p>
   </div>
   <div class='ocr_carea' id='block_1_40' title="bbox 1913 1184 3483 1257">
    <p class='ocr_par' dir='ltr' id='par_1_40' title="bbox 1913 1184 3483 1257">
     <span class='ocr_line' id='line_1_40' title="bbox 1913 1184 3483 1257; baseline 0.005 -23"><span class='ocrx_word' id='word_1_300' title='bbox 1913 1186 2369 1244; x_wconf 87' lang='lat' dir='ltr'><strong>communionem,</strong></span> <span class='ocrx_word' id='word_1_301' title='bbox 2423 1193 2477 1238; x_wconf 92' lang='lat' dir='ltr'><strong>et</strong></span> <span class='ocrx_word' id='word_1_302' title='bbox 2523 1184 2942 1253; x_wconf 83' lang='lat' dir='ltr'><strong>exquisitionem</strong></span> <span class='ocrx_word' id='word_1_303' title='bbox 2988 1186 3185 1243; x_wconf 89' lang='lat' dir='ltr'><strong>salutis</strong></span> <span class='ocrx_word' id='word_1_304' title='bbox 3222 1186 3338 1257; x_wconf 88' lang='lat' dir='ltr'><strong>ejus</strong></span> <span class='ocrx_word' id='word_1_305' title='bbox 3368 1189 3483 1245; x_wconf 82' lang='lat' dir='ltr'><strong>eiii-</strong></span> 
     </span>
    </p>
   </div>
   <div class='ocr_carea' id='block_1_41' title="bbox 1921 1274 3485 1349">
    <p class='ocr_par' dir='ltr' id='par_1_41' title="bbox 1921 1274 3485 1349">
     <span class='ocr_line' id='line_1_41' title="bbox 1921 1274 3485 1349; baseline 0.006 -23"><span class='ocrx_word' id='word_1_306' title='bbox 1921 1274 2091 1328; x_wconf 86' lang='lat' dir='ltr'><strong>ciens.</strong></span> <span class='ocrx_word' id='word_1_307' title='bbox 2119 1274 2271 1340; x_wconf 80' lang='lat' dir='ltr'><strong>Quod</strong></span> <span class='ocrx_word' id='word_1_308' title='bbox 2301 1284 2477 1328; x_wconf 87' lang='lat' dir='ltr'><strong>autem</strong></span> <span class='ocrx_word' id='word_1_309' title='bbox 2506 1276 2744 1342; x_wconf 89' lang='lat' dir='ltr'><strong>perierat</strong></span> <span class='ocrx_word' id='word_1_310' title='bbox 2771 1276 2875 1347; x_wconf 88' lang='lat'>(7),</span> <span class='ocrx_word' id='word_1_311' title='bbox 2913 1279 3231 1349; x_wconf 84' lang='lat' dir='ltr'><strong>sanguinem</strong></span> <span class='ocrx_word' id='word_1_312' title='bbox 3262 1289 3316 1335; x_wconf 94' lang='lat' dir='ltr'><strong>et</strong></span> <span class='ocrx_word' id='word_1_313' title='bbox 3362 1296 3485 1335; x_wconf 84' lang='lat' dir='ltr'><strong>car-</strong></span> 
     </span>
    </p>
   </div>
   <div class='ocr_carea' id='block_1_42' title="bbox 1912 1363 3482 1438">
    <p class='ocr_par' dir='ltr' id='par_1_42' title="bbox 1912 1363 3482 1438">
     <span class='ocr_line' id='line_1_42' title="bbox 1912 1363 3482 1438; baseline 0.004 -21"><span class='ocrx_word' id='word_1_314' title='bbox 1912 1378 2036 1418; x_wconf 88' lang='lat' dir='ltr'><strong>nem</strong></span> <span class='ocrx_word' id='word_1_315' title='bbox 2073 1366 2327 1419; x_wconf 85' lang='lat' dir='ltr'><strong>habebat.</strong></span> <span class='ocrx_word' id='word_1_316' title='bbox 2365 1363 2575 1417; x_wconf 87' lang='lat' dir='ltr'><strong>Limum</strong></span> <span class='ocrx_word' id='word_1_317' title='bbox 2618 1365 2763 1419; x_wconf 91' lang='lat' dir='ltr'><strong>enim</strong></span> <span class='ocrx_word' id='word_1_318' title='bbox 2802 1367 2866 1421; x_wconf 89' lang='lat' dir='ltr'><strong>de</strong></span> <span class='ocrx_word' id='word_1_319' title='bbox 2893 1378 3035 1422; x_wconf 91' lang='lat' dir='ltr'><strong>terra</strong></span> <span class='ocrx_word' id='word_1_320' title='bbox 3065 1370 3338 1438; x_wconf 88' lang='lat' dir='ltr'><strong>accipiens</strong></span> <span class='ocrx_word' id='word_1_321' title='bbox 3378 1370 3482 1424; x_wconf 91' lang='lat' dir='ltr'><strong>Do-</strong></span> 
     </span>
    </p>
   </div>
   <div class='ocr_carea' id='block_1_43' title="bbox 1913 1458 3485 1532">
    <p class='ocr_par' dir='ltr' id='par_1_43' title="bbox 1913 1458 3485 1532">
     <span class='ocr_line' id='line_1_43' title="bbox 1913 1458 3485 1532; baseline 0.005 -21"><span class='ocrx_word' id='word_1_322' title='bbox 1913 1460 2114 1520; x_wconf 86' lang='lat' dir='ltr'><strong>minus.</strong></span> <span class='ocrx_word' id='word_1_323' title='bbox 2141 1458 2429 1528; x_wconf 87' lang='lat' dir='ltr'><strong>plasmavit</strong></span> <span class='ocrx_word' id='word_1_324' title='bbox 2457 1458 2769 1523; x_wconf 87' lang='lat' dir='ltr'><strong>hominem;</strong></span> <span class='ocrx_word' id='word_1_325' title='bbox 2802 1470 2855 1515; x_wconf 88' lang='lat' dir='ltr'><strong>et</strong></span> <span class='ocrx_word' id='word_1_326' title='bbox 2887 1474 3110 1532; x_wconf 90' lang='lat' dir='ltr'><strong>propter</strong></span> <span class='ocrx_word' id='word_1_327' title='bbox 3137 1463 3281 1517; x_wconf 91' lang='lat' dir='ltr'><strong>hunc</strong></span> <span class='ocrx_word' id='word_1_328' title='bbox 3306 1465 3485 1519; x_wconf 89' lang='lat' dir='ltr'><strong>omnis</strong></span> 
     </span>
    </p>
   </div>
   <div class='ocr_carea' id='block_1_44' title="bbox 1914 1549 3485 1625">
    <p class='ocr_par' dir='ltr' id='par_1_44' title="bbox 1914 1549 3485 1625">
     <span class='ocr_line' id='line_1_44' title="bbox 1914 1549 3485 1625; baseline 0.003 -20"><span class='ocrx_word' id='word_1_329' title='bbox 1914 1551 2205 1621; x_wconf 81' lang='lat' dir='ltr'><strong>dispositio</strong></span> <span class='ocrx_word' id='word_1_330' title='bbox 2246 1552 2516 1605; x_wconf 87' lang='lat' dir='ltr'><strong>adventus</strong></span> <span class='ocrx_word' id='word_1_331' title='bbox 2563 1549 2800 1604; x_wconf 91' lang='lat' dir='ltr'><strong>Domini.</strong></span> <span class='ocrx_word' id='word_1_332' title='bbox 2860 1552 3059 1609; x_wconf 88' lang='lat' dir='ltr'><strong>Habuit</strong></span> <span class='ocrx_word' id='word_1_333' title='bbox 3105 1569 3233 1625; x_wconf 84' lang='lat' dir='ltr'><strong>ergo</strong></span> <span class='ocrx_word' id='word_1_334' title='bbox 3268 1566 3321 1609; x_wconf 86' lang='lat' dir='ltr'><strong>et</strong></span> <span class='ocrx_word' id='word_1_335' title='bbox 3372 1558 3485 1625; x_wconf 84' lang='lat' dir='ltr'><strong>ipso</strong></span> 
     </span>
    </p>
   </div>
   <div class='ocr_carea' id='block_1_45' title="bbox 1912 1644 3482 1715">
    <p class='ocr_par' dir='ltr' id='par_1_45' title="bbox 1912 1644 3482 1715">
     <span class='ocr_line' id='line_1_45' title="bbox 1912 1644 3482 1715; baseline 0.003 -16"><span class='ocrx_word' id='word_1_336' title='bbox 1912 1659 2131 1699; x_wconf 88' lang='lat' dir='ltr'><strong>carnem</strong></span> <span class='ocrx_word' id='word_1_337' title='bbox 2161 1656 2214 1699; x_wconf 94' lang='lat' dir='ltr'><strong>et</strong></span> <span class='ocrx_word' id='word_1_338' title='bbox 2246 1645 2606 1714; x_wconf 86' lang='lat' dir='ltr'><strong>sanguinem;</strong></span> <span class='ocrx_word' id='word_1_339' title='bbox 2646 1662 2749 1701; x_wconf 93' lang='lat' dir='ltr'><strong>non</strong></span> <span class='ocrx_word' id='word_1_340' title='bbox 2786 1644 3014 1699; x_wconf 89' lang='lat' dir='ltr'><strong>alteram</strong></span> <span class='ocrx_word' id='word_1_341' title='bbox 3046 1648 3360 1715; x_wconf 86' lang='lat' dir='ltr'><strong>quamdam,</strong></span> <span class='ocrx_word' id='word_1_342' title='bbox 3388 1652 3482 1704; x_wconf 91' lang='lat' dir='ltr'><strong>sed</strong></span> 
     </span>
    </p>
   </div>
   <div class='ocr_carea' id='block_1_46' title="bbox 1914 1732 3483 1805">
    <p class='ocr_par' dir='ltr' id='par_1_46' title="bbox 1914 1732 3483 1805">
     <span class='ocr_line' id='line_1_46' title="bbox 1914 1732 3483 1805; baseline 0.004 -17"><span class='ocrx_word' id='word_1_343' title='bbox 1914 1732 2061 1788; x_wconf 84' lang='lat' dir='ltr'><strong>illam</strong></span> <span class='ocrx_word' id='word_1_344' title='bbox 2090 1734 2445 1804; x_wconf 87' lang='lat' dir='ltr'><strong>principalem</strong></span> <span class='ocrx_word' id='word_1_345' title='bbox 2472 1734 2677 1803; x_wconf 66' lang='lat' dir='ltr'><strong>Patris!</strong></span> <span class='ocrx_word' id='word_1_346' title='bbox 2700 1734 3114 1805; x_wconf 87' lang='lat' dir='ltr'><strong>plasmationem</strong></span> <span class='ocrx_word' id='word_1_347' title='bbox 3148 1738 3201 1791; x_wconf 93' lang='lat' dir='ltr'><strong>in</strong></span> <span class='ocrx_word' id='word_1_348' title='bbox 3231 1753 3288 1793; x_wconf 89' lang='lat' dir='ltr'><strong>se</strong></span> <span class='ocrx_word' id='word_1_349' title='bbox 3332 1754 3483 1794; x_wconf 86' lang='lat' dir='ltr'><strong>reca-</strong></span> 
     </span>
    </p>
   </div>
   <div class='ocr_carea' id='block_1_47' title="bbox 1914 1826 3483 1901">
    <p class='ocr_par' dir='ltr' id='par_1_47' title="bbox 1914 1826 3483 1901">
     <span class='ocr_line' id='line_1_47' title="bbox 1914 1826 3483 1901; baseline 0.003 -21"><span class='ocrx_word' id='word_1_350' title='bbox 1914 1826 2177 1897; x_wconf 85' lang='lat' dir='ltr'><strong>pitulans,</strong></span> <span class='ocrx_word' id='word_1_351' title='bbox 2213 1826 2509 1895; x_wconf 85' lang='lat' dir='ltr'><strong>exquirens</strong></span> <span class='ocrx_word' id='word_1_352' title='bbox 2554 1828 2608 1882; x_wconf 92' lang='lat' dir='ltr'><strong>id</strong></span> <span class='ocrx_word' id='word_1_353' title='bbox 2658 1828 2801 1897; x_wconf 90' lang='lat' dir='ltr'><strong>quod</strong></span> <span class='ocrx_word' id='word_1_354' title='bbox 2848 1828 3103 1896; x_wconf 86' lang='lat' dir='ltr'><strong>perierat.</strong></span> <span class='ocrx_word' id='word_1_355' title='bbox 3150 1829 3217 1883; x_wconf 83' lang='lat' dir='ltr'><strong>Et</strong></span> <span class='ocrx_word' id='word_1_356' title='bbox 3264 1841 3483 1901; x_wconf 86' lang='lat' dir='ltr'><strong>propter</strong></span> 
     </span>
    </p>
   </div>
   <div class='ocr_carea' id='block_1_48' title="bbox 1914 1916 3483 1990">
    <p class='ocr_par' dir='ltr' id='par_1_48' title="bbox 1914 1916 3483 1990">
     <span class='ocr_line' id='line_1_48' title="bbox 1914 1916 3483 1990; baseline 0.005 -19"><span class='ocrx_word' id='word_1_357' title='bbox 1914 1916 2019 1971; x_wconf 88' lang='lat' dir='ltr'><strong>hoc</strong></span> <span class='ocrx_word' id='word_1_358' title='bbox 2044 1918 2336 1988; x_wconf 80' lang='lat' dir='ltr'><strong>Apostolus</strong></span> <span class='ocrx_word' id='word_1_359' title='bbox 2368 1920 2421 1973; x_wconf 90' lang='lat' dir='ltr'><strong>in</strong></span> <span class='ocrx_word' id='word_1_360' title='bbox 2449 1918 2691 1990; x_wconf 82' lang='lat' dir='ltr'><strong>Epistola</strong></span> <span class='ocrx_word' id='word_1_361' title='bbox 2735 1935 2858 1989; x_wconf 71' lang='lat' dir='ltr'><strong>qua:</strong></span> <span class='ocrx_word' id='word_1_362' title='bbox 2891 1930 2974 1974; x_wconf 87' lang='lat' dir='ltr'><strong>est</strong></span> <span class='ocrx_word' id='word_1_363' title='bbox 3022 1921 3087 1974; x_wconf 88' lang='lat' dir='ltr'><strong>ad</strong></span> <span class='ocrx_word' id='word_1_364' title='bbox 3132 1921 3483 1979; x_wconf 68' lang='lat' dir='ltr'><strong>ColossenSrs</strong></span> 
     </span>
    </p>
   </div>
   <div class='ocr_carea' id='block_1_49' title="bbox 1915 2010 3487 2081">
    <p class='ocr_par' dir='ltr' id='par_1_49' title="bbox 1915 2010 3487 2081">
     <span class='ocr_line' id='line_1_49' title="bbox 1915 2010 3487 2081; baseline 0.004 -17"><span class='ocrx_word' id='word_1_365' title='bbox 1915 2010 1991 2064; x_wconf 89' lang='lat' dir='ltr'><strong>ait</strong></span> <span class='ocrx_word' id='word_1_366' title='bbox 2036 2027 2051 2062; x_wconf 89' lang='lat'><strong>:</strong></span> <span class='ocrx_word' id='word_1_367' title='bbox 2091 2026 2111 2062; x_wconf 74' lang='lat' dir='ltr'><strong>t</strong></span> <span class='ocrx_word' id='word_1_368' title='bbox 2157 2012 2221 2065; x_wconf 86' lang='lat' dir='ltr'><strong>Et</strong></span> <span class='ocrx_word' id='word_1_369' title='bbox 2261 2027 2358 2067; x_wconf 90' lang='lat' dir='ltr'><strong>vos</strong></span> <span class='ocrx_word' id='word_1_370' title='bbox 2394 2027 2516 2067; x_wconf 89' lang='lat' dir='ltr'><strong>cum</strong></span> <span class='ocrx_word' id='word_1_371' title='bbox 2568 2013 2758 2067; x_wconf 86' lang='lat' dir='ltr'><strong>essetis</strong></span> <span class='ocrx_word' id='word_1_372' title='bbox 2801 2012 3094 2081; x_wconf 85' lang='lat' dir='ltr'><strong>aliquando</strong></span> <span class='ocrx_word' id='word_1_373' title='bbox 3139 2014 3384 2081; x_wconf 86' lang='lat' dir='ltr'><strong>alienati,</strong></span> <span class='ocrx_word' id='word_1_374' title='bbox 3428 2028 3487 2071; x_wconf 89' lang='lat' dir='ltr'><strong>et</strong></span> 
     </span>
    </p>
   </div>
   <div class='ocr_carea' id='block_1_50' title="bbox 1913 2100 3484 2174">
    <p class='ocr_par' dir='ltr' id='par_1_50' title="bbox 1913 2100 3484 2174">
     <span class='ocr_line' id='line_1_50' title="bbox 1913 2100 3484 2174; baseline 0.006 -19"><span class='ocrx_word' id='word_1_375' title='bbox 1913 2100 2122 2156; x_wconf 85' lang='lat' dir='ltr'><strong>inimici</strong></span> <span class='ocrx_word' id='word_1_376' title='bbox 2152 2103 2464 2173; x_wconf 82' lang='lat' dir='ltr'><strong>cogitationi</strong></span> <span class='ocrx_word' id='word_1_377' title='bbox 2492 2103 2608 2174; x_wconf 88' lang='lat' dir='ltr'><strong>ejus</strong></span> <span class='ocrx_word' id='word_1_378' title='bbox 2634 2103 2711 2173; x_wconf 83' lang='lat'>(8)</span> <span class='ocrx_word' id='word_1_379' title='bbox 2744 2104 2795 2157; x_wconf 92' lang='lat' dir='ltr'><strong>in</strong></span> <span class='ocrx_word' id='word_1_380' title='bbox 2833 2105 3091 2174; x_wconf 82' lang='lat' dir='ltr'><strong>Operibus</strong></span> <span class='ocrx_word' id='word_1_381' title='bbox 3118 2106 3299 2171; x_wconf 87' lang='lat' dir='ltr'><strong>malis,</strong></span> <span class='ocrx_word' id='word_1_382' title='bbox 3341 2124 3484 2164; x_wconf 90' lang='lat' dir='ltr'><strong>nune</strong></span> 
     </span>
    </p>
   </div>
   <div class='ocr_carea' id='block_1_51' title="bbox 1913 2194 3485 2268">
    <p class='ocr_par' dir='ltr' id='par_1_51' title="bbox 1913 2194 3485 2268">
     <span class='ocr_line' id='line_1_51' title="bbox 1913 2194 3485 2268; baseline 0.003 -22"><span class='ocrx_word' id='word_1_383' title='bbox 1913 2202 2091 2247; x_wconf 88' lang='lat' dir='ltr'><strong>autem</strong></span> <span class='ocrx_word' id='word_1_384' title='bbox 2123 2194 2461 2249; x_wconf 86' lang='lat' dir='ltr'><strong>reconciliati</strong></span> <span class='ocrx_word' id='word_1_385' title='bbox 2512 2195 2589 2266; x_wconf 81' lang='lat'>(9)</span> <span class='ocrx_word' id='word_1_386' title='bbox 2634 2195 2689 2249; x_wconf 92' lang='lat' dir='ltr'><strong>in</strong></span> <span class='ocrx_word' id='word_1_387' title='bbox 2738 2210 2969 2265; x_wconf 90' lang='lat' dir='ltr'><strong>corpore</strong></span> <span class='ocrx_word' id='word_1_388' title='bbox 2998 2198 3182 2252; x_wconf 85' lang='lat' dir='ltr'><strong>carnis</strong></span> <span class='ocrx_word' id='word_1_389' title='bbox 3216 2196 3355 2265; x_wconf 89' lang='lat' dir='ltr'><strong>ejus,</strong></span> <span class='ocrx_word' id='word_1_390' title='bbox 3389 2214 3485 2268; x_wconf 82' lang='lat' dir='ltr'><strong>per</strong></span> 
     </span>
    </p>
   </div>
   <div class='ocr_carea' id='block_1_52' title="bbox 1912 2284 3486 2352">
    <p class='ocr_par' dir='ltr' id='par_1_52' title="bbox 1912 2284 3486 2352">
     <span class='ocr_line' id='line_1_52' title="bbox 1912 2284 3486 2352; baseline 0.004 -15"><span class='ocrx_word' id='word_1_391' title='bbox 1912 2294 2143 2337; x_wconf 88' lang='lat' dir='ltr'><strong>mortem</strong></span> <span class='ocrx_word' id='word_1_392' title='bbox 2196 2284 2336 2352; x_wconf 81' lang='lat' dir='ltr'><strong>ejus,</strong></span> <span class='ocrx_word' id='word_1_393' title='bbox 2364 2284 2629 2339; x_wconf 82' lang='lat' dir='ltr'><strong>exhibere</strong></span> <span class='ocrx_word' id='word_1_394' title='bbox 2671 2300 2766 2340; x_wconf 92' lang='lat' dir='ltr'><strong>vos</strong></span> <span class='ocrx_word' id='word_1_395' title='bbox 2813 2296 3056 2349; x_wconf 90' lang='lat' dir='ltr'><strong>sanctos,</strong></span> <span class='ocrx_word' id='word_1_396' title='bbox 3103 2297 3157 2340; x_wconf 88' lang='lat' dir='ltr'><strong>et</strong></span> <span class='ocrx_word' id='word_1_397' title='bbox 3198 2298 3403 2352; x_wconf 89' lang='lat' dir='ltr'><strong>castos,</strong></span> <span class='ocrx_word' id='word_1_398' title='bbox 3429 2297 3486 2343; x_wconf 85' lang='lat' dir='ltr'><strong>et</strong></span> 
     </span>
    </p>
   </div>
   <div class='ocr_carea' id='block_1_53' title="bbox 1912 2376 3483 2449">
    <p class='ocr_par' dir='ltr' id='par_1_53' title="bbox 1912 2376 3483 2449">
     <span class='ocr_line' id='line_1_53' title="bbox 1912 2376 3483 2449; baseline 0.003 -18"><span class='ocrx_word' id='word_1_399' title='bbox 1912 2377 2030 2431; x_wconf 91' lang='lat' dir='ltr'><strong>sine</strong></span> <span class='ocrx_word' id='word_1_400' title='bbox 2052 2376 2281 2431; x_wconf 89' lang='lat' dir='ltr'><strong>crimine</strong></span> <span class='ocrx_word' id='word_1_401' title='bbox 2312 2376 2424 2447; x_wconf 89' lang='grc'><strong>(10)</strong></span> <span class='ocrx_word' id='word_1_402' title='bbox 2461 2378 2511 2429; x_wconf 89' lang='lat' dir='ltr'><strong>in</strong></span> <span class='ocrx_word' id='word_1_403' title='bbox 2546 2389 2837 2445; x_wconf 89' lang='lat' dir='ltr'><strong>conspectu</strong></span> <span class='ocrx_word' id='word_1_404' title='bbox 2868 2378 2985 2446; x_wconf 90' lang='lat' dir='ltr'><strong>ejus</strong></span> <span class='ocrx_word' id='word_1_405' title='bbox 3023 2378 3087 2431; x_wconf 77' lang='grc'><strong>⁸⁸.</strong></span> <span class='ocrx_word' id='word_1_406' title='bbox 3124 2378 3179 2431; x_wconf 88' lang='grc' dir='ltr'><strong>1η</strong></span> <span class='ocrx_word' id='word_1_407' title='bbox 3229 2394 3483 2449; x_wconf 85' lang='lat' dir='ltr'><strong>corpore,</strong></span> 
     </span>
    </p>
   </div>
   <div class='ocr_carea' id='block_1_54' title="bbox 1912 2466 3485 2546">
    <p class='ocr_par' dir='ltr' id='par_1_54' title="bbox 1912 2466 3485 2546">
     <span class='ocr_line' id='line_1_54' title="bbox 1912 2466 3485 2546; baseline 0.006 -25"><span class='ocrx_word' id='word_1_408' title='bbox 1912 2468 2011 2533; x_wconf 86' lang='lat' dir='ltr'><strong>ait,</strong></span> <span class='ocrx_word' id='word_1_409' title='bbox 2046 2466 2381 2523; x_wconf 84' lang='lat' dir='ltr'><strong>reconciliati</strong></span> <span class='ocrx_word' id='word_1_410' title='bbox 2432 2468 2618 2521; x_wconf 88' lang='lat' dir='ltr'><strong>carnis</strong></span> <span class='ocrx_word' id='word_1_411' title='bbox 2652 2468 2799 2538; x_wconf 91' lang='lat' dir='ltr'><strong>ejus;</strong></span> <span class='ocrx_word' id='word_1_412' title='bbox 2852 2487 2870 2520; x_wconf 76' lang='grc' dir='ltr'><strong><em>ι</em></strong></span> <span class='ocrx_word' id='word_1_413' title='bbox 2926 2471 3031 2524; x_wconf 91' lang='lat' dir='ltr'><strong>hoc</strong></span> <span class='ocrx_word' id='word_1_414' title='bbox 3078 2471 3333 2539; x_wconf 90' lang='lat' dir='ltr'><strong>quoniam</strong></span> <span class='ocrx_word' id='word_1_415' title='bbox 3372 2472 3485 2546; x_wconf 86' lang='grc'><strong>(11)</strong></span> 
     </span>
    </p>
   </div>
   <div class='ocr_carea' id='block_1_55' title="bbox 1906 2559 3483 2631">
    <p class='ocr_par' dir='ltr' id='par_1_55' title="bbox 1906 2559 3483 2631">
     <span class='ocr_line' id='line_1_55' title="bbox 1906 2559 3483 2631; baseline 0.003 -16"><span class='ocrx_word' id='word_1_416' title='bbox 1906 2560 2054 2631; x_wconf 88' lang='lat' dir='ltr'><strong>justa</strong></span> <span class='ocrx_word' id='word_1_417' title='bbox 2105 2574 2233 2617; x_wconf 89' lang='lat' dir='ltr'><strong>caro</strong></span> <span class='ocrx_word' id='word_1_418' title='bbox 2298 2559 2674 2615; x_wconf 82' lang='lat' dir='ltr'><strong>reconciliavit</strong></span> <span class='ocrx_word' id='word_1_419' title='bbox 2740 2575 2860 2616; x_wconf 88' lang='lat' dir='ltr'><strong>eam</strong></span> <span class='ocrx_word' id='word_1_420' title='bbox 2929 2568 3169 2628; x_wconf 73' lang='lat' dir='ltr'><strong>cantem,</strong></span> <span class='ocrx_word' id='word_1_421' title='bbox 3249 2580 3368 2631; x_wconf 75' lang='lat' dir='ltr'><strong>qua:</strong></span> <span class='ocrx_word' id='word_1_422' title='bbox 3430 2566 3483 2620; x_wconf 82' lang='lat' dir='ltr'><strong>in</strong></span> 
     </span>
    </p>
   </div>
   <div class='ocr_carea' id='block_1_56' title="bbox 1912 2652 3486 2723">
    <p class='ocr_par' dir='ltr' id='par_1_56' title="bbox 1912 2652 3486 2723">
     <span class='ocr_line' id='line_1_56' title="bbox 1912 2652 3486 2723; baseline 0.003 -14"><span class='ocrx_word' id='word_1_423' title='bbox 1912 2662 2138 2723; x_wconf 86' lang='lat' dir='ltr'><strong>peccato</strong></span> <span class='ocrx_word' id='word_1_424' title='bbox 2196 2652 2588 2719; x_wconf 85' lang='lat' dir='ltr'><strong>detinebatur,</strong></span> <span class='ocrx_word' id='word_1_425' title='bbox 2660 2662 2718 2707; x_wconf 92' lang='lat' dir='ltr'><strong>et</strong></span> <span class='ocrx_word' id='word_1_426' title='bbox 2785 2654 2838 2707; x_wconf 92' lang='lat' dir='ltr'><strong>in</strong></span> <span class='ocrx_word' id='word_1_427' title='bbox 2894 2655 3189 2709; x_wconf 82' lang='lat' dir='ltr'><strong>amicitiam</strong></span> <span class='ocrx_word' id='word_1_428' title='bbox 3259 2657 3486 2715; x_wconf 86' lang='lat' dir='ltr'><strong>adduxit</strong></span> 
     </span>
    </p>
   </div>
   <div class='ocr_carea' id='block_1_57' title="bbox 1911 2745 2041 2802">
    <p class='ocr_par' dir='ltr' id='par_1_57' title="bbox 1911 2745 2041 2802">
     <span class='ocr_line' id='line_1_57' title="bbox 1911 2745 2041 2802; baseline -0.023 0"><span class='ocrx_word' id='word_1_429' title='bbox 1911 2745 2041 2802; x_wconf 87' lang='lat' dir='ltr'><strong>Deo.</strong></span> 
     </span>
    </p>
   </div>
   <div class='ocr_carea' id='block_1_58' title="bbox 1981 2838 3486 2911">
    <p class='ocr_par' dir='ltr' id='par_1_58' title="bbox 1981 2838 3486 2911">
     <span class='ocr_line' id='line_1_58' title="bbox 1981 2838 3486 2911; baseline 0.003 -17"><span class='ocrx_word' id='word_1_430' title='bbox 1981 2842 2035 2911; x_wconf 75' lang='grc'><strong>5.</strong></span> <span class='ocrx_word' id='word_1_431' title='bbox 2070 2839 2126 2894; x_wconf 92' lang='lat' dir='ltr'><strong>Si</strong></span> <span class='ocrx_word' id='word_1_432' title='bbox 2153 2840 2276 2910; x_wconf 83' lang='lat' dir='ltr'><strong>quis</strong></span> <span class='ocrx_word' id='word_1_433' title='bbox 2308 2839 2472 2909; x_wconf 80' lang='lat' dir='ltr'><strong>igitur</strong></span> <span class='ocrx_word' id='word_1_434' title='bbox 2499 2838 2797 2893; x_wconf 90' lang='lat' dir='ltr'><strong>secundum</strong></span> <span class='ocrx_word' id='word_1_435' title='bbox 2830 2839 2931 2894; x_wconf 90' lang='lat' dir='ltr'><strong>hoc</strong></span> <span class='ocrx_word' id='word_1_436' title='bbox 2960 2841 3191 2898; x_wconf 83' lang='lat' dir='ltr'><strong>alteram</strong></span> <span class='ocrx_word' id='word_1_437' title='bbox 3217 2844 3346 2899; x_wconf 88' lang='lat' dir='ltr'><strong>dicit</strong></span> <span class='ocrx_word' id='word_1_438' title='bbox 3378 2845 3486 2899; x_wconf 91' lang='lat' dir='ltr'><strong>Do-</strong></span> 
     </span>
    </p>
   </div>
   <div class='ocr_carea' id='block_1_59' title="bbox 1912 2934 3483 3006">
    <p class='ocr_par' dir='ltr' id='par_1_59' title="bbox 1912 2934 3483 3006">
     <span class='ocr_line' id='line_1_59' title="bbox 1912 2934 3483 3006; baseline 0.002 -17"><span class='ocrx_word' id='word_1_439' title='bbox 1912 2934 2044 2989; x_wconf 88' lang='lat' dir='ltr'><strong>mini</strong></span> <span class='ocrx_word' id='word_1_440' title='bbox 2080 2950 2300 2989; x_wconf 91' lang='lat' dir='ltr'><strong>carnem</strong></span> <span class='ocrx_word' id='word_1_441' title='bbox 2336 2950 2365 2987; x_wconf 86' lang='lat' dir='ltr'><strong>a</strong></span> <span class='ocrx_word' id='word_1_442' title='bbox 2396 2942 2580 2987; x_wconf 92' lang='lat' dir='ltr'><strong>nostra</strong></span> <span class='ocrx_word' id='word_1_443' title='bbox 2625 2948 2809 2999; x_wconf 88' lang='lat' dir='ltr'><strong>carne,</strong></span> <span class='ocrx_word' id='word_1_444' title='bbox 2842 2935 3105 3001; x_wconf 86' lang='lat' dir='ltr'><strong>quoniam</strong></span> <span class='ocrx_word' id='word_1_445' title='bbox 3143 2937 3234 2989; x_wconf 91' lang='lat' dir='ltr'><strong>illa</strong></span> <span class='ocrx_word' id='word_1_446' title='bbox 3265 2938 3483 3006; x_wconf 87' lang='lat' dir='ltr'><strong>quidem</strong></span> 
     </span>
    </p>
   </div>
   <div class='ocr_carea' id='block_1_60' title="bbox 1914 3027 3480 3097">
    <p class='ocr_par' dir='ltr' id='par_1_60' title="bbox 1914 3027 3480 3097">
     <span class='ocr_line' id='line_1_60' title="bbox 1914 3027 3480 3097; baseline 0.003 -16"><span class='ocrx_word' id='word_1_447' title='bbox 1914 3044 2021 3083; x_wconf 88' lang='lat' dir='ltr'><strong>non</strong></span> <span class='ocrx_word' id='word_1_448' title='bbox 2079 3027 2348 3097; x_wconf 87' lang='lat' dir='ltr'><strong>peccavit,</strong></span> <span class='ocrx_word' id='word_1_449' title='bbox 2404 3040 2581 3095; x_wconf 87' lang='lat' dir='ltr'><strong>neque</strong></span> <span class='ocrx_word' id='word_1_450' title='bbox 2629 3027 2883 3080; x_wconf 89' lang='lat' dir='ltr'><strong>inventus</strong></span> <span class='ocrx_word' id='word_1_451' title='bbox 2918 3038 3000 3081; x_wconf 89' lang='lat' dir='ltr'><strong>est</strong></span> <span class='ocrx_word' id='word_1_452' title='bbox 3039 3028 3191 3083; x_wconf 86' lang='lat' dir='ltr'><strong>dolus</strong></span> <span class='ocrx_word' id='word_1_453' title='bbox 3222 3030 3274 3083; x_wconf 90' lang='lat' dir='ltr'><strong>in</strong></span> <span class='ocrx_word' id='word_1_454' title='bbox 3301 3032 3480 3085; x_wconf 87' lang='lat' dir='ltr'><strong>anima</strong></span> 
     </span>
    </p>
   </div>
   <div class='ocr_carea' id='block_1_61' title="bbox 236 3093 3483 3209">
    <p class='ocr_par' dir='ltr' id='par_1_61' title="bbox 236 3093 3483 3209">
     <span class='ocr_line' id='line_1_61' title="bbox 236 3093 3483 3209; baseline 0.008 -58"><span class='ocrx_word' id='word_1_455' title='bbox 236 3096 419 3165; x_wconf 85' lang='lat' dir='ltr'><strong>paletn</strong></span> <span class='ocrx_word' id='word_1_456' title='bbox 451 3095 528 3165; x_wconf 72' lang='lat'>(2)</span> <span class='ocrx_word' id='word_1_457' title='bbox 562 3095 976 3209; x_wconf 35' lang='lat' dir='ltr'><strong>plaslt‘natioottem</strong></span> <span class='ocrx_word' id='word_1_458' title='bbox 1007 3094 1190 3152; x_wconf 80' lang='lat' dir='ltr'><strong>factus</strong></span> <span class='ocrx_word' id='word_1_459' title='bbox 1242 3093 1461 3209; x_wconf 60' lang='lat' dir='ltr'><strong>inisset:</strong></span> <span class='ocrx_word' id='word_1_460' title='bbox 1490 3094 1714 3203; x_wconf 45' lang='lat' dir='ltr'><strong>salvans.</strong></span> <span class='ocrx_word' id='word_1_461' title='bbox 1754 3097 1808 3201; x_wconf 59' lang='grc' dir='ltr'><strong>ξπ</strong></span> <span class='ocrx_word' id='word_1_462' title='bbox 1836 3147 1883 3209; x_wconf 76' lang='lat' dir='ltr'><strong><em>C</em></strong></span> <span class='ocrx_word' id='word_1_463' title='bbox 1913 3118 2050 3188; x_wconf 86' lang='lat' dir='ltr'><strong>ejus,</strong></span> <span class='ocrx_word' id='word_1_464' title='bbox 2078 3093 2177 3172; x_wconf 79' lang='lat' dir='ltr'><strong>nos</strong></span> <span class='ocrx_word' id='word_1_465' title='bbox 2221 3128 2404 3171; x_wconf 85' lang='lat' dir='ltr'><strong>antem</strong></span> <span class='ocrx_word' id='word_1_466' title='bbox 2441 3093 2781 3186; x_wconf 77' lang='lat' dir='ltr'><strong>peccatores,</strong></span> <span class='ocrx_word' id='word_1_467' title='bbox 2814 3128 2962 3171; x_wconf 87' lang='lat' dir='ltr'><strong>recte</strong></span> <span class='ocrx_word' id='word_1_468' title='bbox 2984 3119 3137 3173; x_wconf 86' lang='lat' dir='ltr'><strong>dicit.</strong></span> <span class='ocrx_word' id='word_1_469' title='bbox 3194 3119 3250 3175; x_wconf 92' lang='lat' dir='ltr'><strong>Si</strong></span> <span class='ocrx_word' id='word_1_470' title='bbox 3301 3134 3483 3177; x_wconf 85' lang='lat' dir='ltr'><strong>autem</strong></span> 
     </span>
    </p>
   </div>
   <div class='ocr_carea' id='block_1_62' title="bbox 241 3190 1811 3261">
    <p class='ocr_par' dir='ltr' id='par_1_62' title="bbox 241 3190 1811 3261">
     <span class='ocr_line' id='line_1_62' title="bbox 241 3190 1811 3261; baseline -0.002 -15"><span class='ocrx_word' id='word_1_471' title='bbox 241 3193 537 3261; x_wconf 87' lang='lat' dir='ltr'><strong>semetipso</strong></span> <span class='ocrx_word' id='word_1_472' title='bbox 582 3192 639 3246; x_wconf 91' lang='lat' dir='ltr'><strong>in</strong></span> <span class='ocrx_word' id='word_1_473' title='bbox 670 3190 779 3247; x_wconf 86' lang='lat' dir='ltr'><strong>ilne</strong></span> <span class='ocrx_word' id='word_1_474' title='bbox 800 3190 961 3255; x_wconf 86' lang='lat' dir='ltr'><strong>illud,</strong></span> <span class='ocrx_word' id='word_1_475' title='bbox 984 3191 1127 3259; x_wconf 90' lang='lat' dir='ltr'><strong>quod</strong></span> <span class='ocrx_word' id='word_1_476' title='bbox 1156 3191 1397 3261; x_wconf 88' lang='lat' dir='ltr'><strong>perierat</strong></span> <span class='ocrx_word' id='word_1_477' title='bbox 1439 3190 1495 3245; x_wconf 89' lang='lat' dir='ltr'><strong>in</strong></span> <span class='ocrx_word' id='word_1_478' title='bbox 1542 3190 1811 3261; x_wconf 89' lang='lat' dir='ltr'><strong>principio</strong></span> 
     </span>
    </p>
   </div>
   <div class='ocr_carea' id='block_1_63' title="bbox 238 3283 511 3339">
    <p class='ocr_par' dir='ltr' id='par_1_63' title="bbox 238 3283 511 3339">
     <span class='ocr_line' id='line_1_63' title="bbox 238 3283 511 3339; baseline -0.007 0"><span class='ocrx_word' id='word_1_479' title='bbox 238 3285 296 3339; x_wconf 83' lang='lat' dir='ltr'><strong>in</strong></span> <span class='ocrx_word' id='word_1_480' title='bbox 318 3283 511 3338; x_wconf 81' lang='lat' dir='ltr'><strong>Adam.</strong></span> 
     </span>
    </p>
   </div>
   <div class='ocr_carea' id='block_1_64' title="bbox 311 3392 1806 3465">
    <p class='ocr_par' dir='ltr' id='par_1_64' title="bbox 311 3392 1806 3465">
     <span class='ocr_line' id='line_1_64' title="bbox 311 3392 1806 3465; baseline 0.001 -16"><span class='ocrx_word' id='word_1_481' title='bbox 311 3393 366 3449; x_wconf 77' lang='grc' dir='ltr'><strong>Ξ.</strong></span> <span class='ocrx_word' id='word_1_482' title='bbox 403 3392 462 3447; x_wconf 90' lang='lat' dir='ltr'><strong>Si</strong></span> <span class='ocrx_word' id='word_1_483' title='bbox 516 3402 696 3449; x_wconf 89' lang='lat' dir='ltr'><strong>autem</strong></span> <span class='ocrx_word' id='word_1_484' title='bbox 744 3393 814 3449; x_wconf 91' lang='lat' dir='ltr'><strong>ob</strong></span> <span class='ocrx_word' id='word_1_485' title='bbox 845 3393 1009 3449; x_wconf 82' lang='lat' dir='ltr'><strong>aliam</strong></span> <span class='ocrx_word' id='word_1_486' title='bbox 1054 3394 1347 3463; x_wconf 87' lang='lat' dir='ltr'><strong>quamdam</strong></span> <span class='ocrx_word' id='word_1_487' title='bbox 1400 3395 1806 3465; x_wconf 87' lang='lat' dir='ltr'><strong>dispositionem</strong></span> 
     </span>
    </p>
   </div>
   <div class='ocr_carea' id='block_1_65' title="bbox 236 3485 1810 3553">
    <p class='ocr_par' dir='ltr' id='par_1_65' title="bbox 236 3485 1810 3553">
     <span class='ocr_line' id='line_1_65' title="bbox 236 3485 1810 3553; baseline 0.001 -12"><span class='ocrx_word' id='word_1_488' title='bbox 236 3486 510 3541; x_wconf 85' lang='lat' dir='ltr'><strong>Dominus</strong></span> <span class='ocrx_word' id='word_1_489' title='bbox 564 3485 882 3541; x_wconf 85' lang='lat' dir='ltr'><strong>incarnatus</strong></span> <span class='ocrx_word' id='word_1_490' title='bbox 931 3494 1035 3553; x_wconf 90' lang='lat' dir='ltr'><strong>est,</strong></span> <span class='ocrx_word' id='word_1_491' title='bbox 1094 3496 1151 3540; x_wconf 89' lang='lat' dir='ltr'><strong>et</strong></span> <span class='ocrx_word' id='word_1_492' title='bbox 1187 3500 1254 3539; x_wconf 88' lang='lat' dir='ltr'><strong>ex</strong></span> <span class='ocrx_word' id='word_1_493' title='bbox 1306 3485 1475 3539; x_wconf 89' lang='lat' dir='ltr'><strong>altera</strong></span> <span class='ocrx_word' id='word_1_494' title='bbox 1511 3488 1810 3543; x_wconf 89' lang='lat' dir='ltr'><strong>substantia</strong></span> 
     </span>
    </p>
   </div>
   <div class='ocr_carea' id='block_1_66' title="bbox 241 3578 1807 3648">
    <p class='ocr_par' dir='ltr' id='par_1_66' title="bbox 241 3578 1807 3648">
     <span class='ocr_line' id='line_1_66' title="bbox 241 3578 1807 3648; baseline 0.003 -17"><span class='ocrx_word' id='word_1_495' title='bbox 241 3594 471 3633; x_wconf 87' lang='lat' dir='ltr'><strong>carnem</strong></span> <span class='ocrx_word' id='word_1_496' title='bbox 512 3580 713 3646; x_wconf 89' lang='lat' dir='ltr'><strong>attulit,</strong></span> <span class='ocrx_word' id='word_1_497' title='bbox 762 3592 871 3633; x_wconf 92' lang='lat' dir='ltr'><strong>non</strong></span> <span class='ocrx_word' id='word_1_498' title='bbox 906 3591 1035 3647; x_wconf 85' lang='lat' dir='ltr'><strong>ergo</strong></span> <span class='ocrx_word' id='word_1_499' title='bbox 1059 3578 1119 3631; x_wconf 83' lang='lat' dir='ltr'><strong>in</strong></span> <span class='ocrx_word' id='word_1_500' title='bbox 1151 3579 1501 3647; x_wconf 89' lang='lat' dir='ltr'><strong>semetipsum</strong></span> <span class='ocrx_word' id='word_1_501' title='bbox 1538 3582 1807 3648; x_wconf 78' lang='lat' dir='ltr'><strong>recapitu-</strong></span> 
     </span>
    </p>
   </div>
   <div class='ocr_carea' id='block_1_67' title="bbox 305 3667 1429 3735">
    <p class='ocr_par' dir='ltr' id='par_1_67' title="bbox 305 3667 1429 3735">
     <span class='ocr_line' id='line_1_67' title="bbox 305 3667 1429 3735; baseline -0.003 -9"><span class='ocrx_word' id='word_1_502' title='bbox 305 3674 349 3705; x_wconf 84' lang='grc'><strong><em>⁸⁸</em></strong></span> <span class='ocrx_word' id='word_1_503' title='bbox 390 3671 587 3726; x_wconf 89' lang='lat' dir='ltr'><strong>Genes.</strong></span> <span class='ocrx_word' id='word_1_504' title='bbox 623 3687 698 3735; x_wconf 87' lang='lat' dir='ltr'><strong>tv,</strong></span> <span class='ocrx_word' id='word_1_505' title='bbox 740 3670 829 3729; x_wconf 88' lang='grc'><strong>10.</strong></span> <span class='ocrx_word' id='word_1_506' title='bbox 937 3670 983 3700; x_wconf 78' lang='grc'><strong>⁸⁸</strong></span> <span class='ocrx_word' id='word_1_507' title='bbox 1022 3667 1161 3724; x_wconf 87' lang='lat' dir='ltr'><strong>Gen.</strong></span> <span class='ocrx_word' id='word_1_508' title='bbox 1190 3685 1267 3733; x_wconf 82' lang='lat' dir='ltr'><strong>ix,</strong></span> <span class='ocrx_word' id='word_1_509' title='bbox 1297 3669 1349 3732; x_wconf 83' lang='lat'><strong>5,</strong></span> <span class='ocrx_word' id='word_1_510' title='bbox 1377 3669 1429 3723; x_wconf 86' lang='grc'><strong>6.</strong></span> 
     </span>
    </p>
   </div>
   <div class='ocr_carea' id='block_1_68' title="bbox 311 3760 1806 3833">
    <p class='ocr_par' dir='ltr' id='par_1_68' title="bbox 311 3760 1806 3833">
     <span class='ocr_line' id='line_1_68' title="bbox 311 3760 1806 3833; baseline 0.003 -17"><span class='ocrx_word' id='word_1_511' title='bbox 311 3762 427 3833; x_wconf 83' lang='lat'>(95)</span> <span class='ocrx_word' id='word_1_512' title='bbox 456 3761 542 3833; x_wconf 66' lang='lat' dir='ltr'><strong>ln_</strong></span> <span class='ocrx_word' id='word_1_513' title='bbox 563 3761 787 3815; x_wconf 87' lang='lat' dir='ltr'><strong>Domino</strong></span> <span class='ocrx_word' id='word_1_514' title='bbox 833 3760 995 3833; x_wconf 14' lang='grc' dir='ltr'><strong>λεια-ί</strong></span> <span class='ocrx_word' id='word_1_515' title='bbox 1014 3762 1245 3817; x_wconf 83' lang='lat' dir='ltr'><strong>Christo.</strong></span> <span class='ocrx_word' id='word_1_516' title='bbox 1295 3763 1348 3816; x_wconf 89' lang='lat' dir='ltr'><strong>Id</strong></span> <span class='ocrx_word' id='word_1_517' title='bbox 1397 3773 1502 3827; x_wconf 90' lang='lat' dir='ltr'><strong>est,</strong></span> <span class='ocrx_word' id='word_1_518' title='bbox 1548 3776 1606 3819; x_wconf 88' lang='lat' dir='ltr'><strong>ut</strong></span> <span class='ocrx_word' id='word_1_519' title='bbox 1661 3777 1806 3820; x_wconf 67' lang='lat' dir='ltr'><strong>recte</strong></span> 
     </span>
    </p>
   </div>
   <div class='ocr_carea' id='block_1_69' title="bbox 237 3830 1805 3916">
    <p class='ocr_par' dir='ltr' id='par_1_69' title="bbox 237 3830 1805 3916">
     <span class='ocr_line' id='line_1_69' title="bbox 237 3830 1805 3916; baseline 0.001 -27"><span class='ocrx_word' id='word_1_520' title='bbox 237 3830 479 3916; x_wconf 62' lang='lat' dir='ltr'><strong>explicat</strong></span> <span class='ocrx_word' id='word_1_521' title='bbox 506 3831 702 3895; x_wconf 86' lang='lat' dir='ltr'><strong>Grab.,</strong></span> <span class='ocrx_word' id='word_1_522' title='bbox 736 3833 823 3886; x_wconf 91' lang='lat' dir='ltr'><strong>ubi</strong></span> <span class='ocrx_word' id='word_1_523' title='bbox 853 3834 917 3885; x_wconf 83' lang='lat' dir='ltr'><strong>de</strong></span> <span class='ocrx_word' id='word_1_524' title='bbox 964 3830 1184 3887; x_wconf 86' lang='lat' dir='ltr'><strong>Domino</strong></span> <span class='ocrx_word' id='word_1_525' title='bbox 1216 3833 1345 3887; x_wconf 81' lang='lat' dir='ltr'><strong>Iesu</strong></span> <span class='ocrx_word' id='word_1_526' title='bbox 1393 3834 1603 3889; x_wconf 69' lang='lat' dir='ltr'><strong>Christo</strong></span> <span class='ocrx_word' id='word_1_527' title='bbox 1654 3840 1805 3890; x_wconf 83' lang='lat' dir='ltr'><strong>verba</strong></span> 
     </span>
    </p>
   </div>
   <div class='ocr_carea' id='block_1_70' title="bbox 237 3907 1811 4043">
    <p class='ocr_par' dir='ltr' id='par_1_70' title="bbox 237 3907 1811 4043">
     <span class='ocr_line' id='line_1_70' title="bbox 237 3907 1811 4043; baseline 0.001 -15"><span class='ocrx_word' id='word_1_528' title='bbox 237 3907 425 4043; x_wconf 50' lang='lat' dir='ltr'><strong>&quot;C(36)</strong></span> <span class='ocrx_word' id='word_1_529' title='bbox 496 3972 715 4043; x_wconf 67' lang='lat' dir='ltr'><strong>Aliquid</strong></span> <span class='ocrx_word' id='word_1_530' title='bbox 764 3970 977 4043; x_wconf 71' lang='lat' dir='ltr'><strong>quidem</strong></span> <span class='ocrx_word' id='word_1_531' title='bbox 1008 4012 1045 4026; x_wconf 92' lang='lat'><strong>..</strong></span> <span class='ocrx_word' id='word_1_532' title='bbox 1112 3973 1314 4041; x_wconf 78' lang='lat' dir='ltr'><strong>aliquid</strong></span> <span class='ocrx_word' id='word_1_533' title='bbox 1370 3984 1569 4027; x_wconf 84' lang='lat' dir='ltr'><strong>autem.</strong></span> <span class='ocrx_word' id='word_1_534' title='bbox 1621 3973 1811 4032; x_wconf 70' lang='lat' dir='ltr'><strong>Graeco</strong></span> 
     </span>
    </p>
   </div>
   <div class='ocr_carea' id='block_1_71' title="bbox 239 4042 1510 4113">
    <p class='ocr_par' dir='ltr' id='par_1_71' title="bbox 239 4042 1510 4113">
     <span class='ocr_line' id='line_1_71' title="bbox 239 4042 1510 4113; baseline -0.001 -15"><span class='ocrx_word' id='word_1_535' title='bbox 239 4042 395 4099; x_wconf 87' lang='lat' dir='ltr'><strong>more</strong></span> <span class='ocrx_word' id='word_1_536' title='bbox 419 4054 541 4113; x_wconf 74' lang='lat' dir='ltr'><strong>pro,</strong></span> <span class='ocrx_word' id='word_1_537' title='bbox 573 4042 769 4113; x_wconf 68' lang='lat' dir='ltr'><strong>partim</strong></span> <span class='ocrx_word' id='word_1_538' title='bbox 792 4042 1071 4113; x_wconf 72' lang='lat' dir='ltr'><strong>quidem...</strong></span> <span class='ocrx_word' id='word_1_539' title='bbox 1096 4047 1287 4113; x_wconf 78' lang='lat' dir='ltr'><strong>partim</strong></span> <span class='ocrx_word' id='word_1_540' title='bbox 1314 4052 1510 4097; x_wconf 87' lang='lat' dir='ltr'><strong>autem.</strong></span> 
     </span>
    </p>
   </div>
   <div class='ocr_carea' id='block_1_72' title="bbox 311 4110 1812 4187">
    <p class='ocr_par' dir='ltr' id='par_1_72' title="bbox 311 4110 1812 4187">
     <span class='ocr_line' id='line_1_72' title="bbox 311 4110 1812 4187; baseline 0.003 -19"><span class='ocrx_word' id='word_1_541' title='bbox 311 4110 618 4187; x_wconf 40' lang='grc' dir='ltr'><strong>(97)“Α1ριι.</strong></span> <span class='ocrx_word' id='word_1_542' title='bbox 654 4110 941 4168; x_wconf 57' lang='lat' dir='ltr'><strong>Hszc&#39;vox</strong></span> <span class='ocrx_word' id='word_1_543' title='bbox 1002 4113 1187 4167; x_wconf 84' lang='lat' dir='ltr'><strong>addita</strong></span> <span class='ocrx_word' id='word_1_544' title='bbox 1227 4112 1333 4167; x_wconf 71' lang='lat' dir='ltr'><strong>fuit</strong></span> <span class='ocrx_word' id='word_1_545' title='bbox 1383 4129 1449 4169; x_wconf 85' lang='lat' dir='ltr'><strong>ex</strong></span> <span class='ocrx_word' id='word_1_546' title='bbox 1497 4114 1706 4171; x_wconf 83' lang='lat' dir='ltr'><strong>Arund.</strong></span> <span class='ocrx_word' id='word_1_547' title='bbox 1761 4129 1812 4173; x_wconf 89' lang='lat' dir='ltr'><strong>et</strong></span> 
     </span>
    </p>
   </div>
   <div class='ocr_carea' id='block_1_73' title="bbox 238 4182 1452 4315">
    <p class='ocr_par' dir='ltr' id='par_1_73' title="bbox 238 4182 1452 4315">
     <span class='ocr_line' id='line_1_73' title="bbox 238 4182 1452 4315; baseline -0.002 -6"><span class='ocrx_word' id='word_1_548' title='bbox 238 4182 605 4315; x_wconf 36' lang='lat' dir='ltr'><strong>&quot;aggeéirca</strong></span> <span class='ocrx_word' id='word_1_549' title='bbox 639 4250 775 4305; x_wconf 80' lang='lat' dir='ltr'><strong>Noe.</strong></span> <span class='ocrx_word' id='word_1_550' title='bbox 802 4254 1041 4315; x_wconf 79' lang='lat' dir='ltr'><strong>Arund.,</strong></span> <span class='ocrx_word' id='word_1_551' title='bbox 1075 4254 1129 4305; x_wconf 87' lang='lat' dir='ltr'><strong>in</strong></span> <span class='ocrx_word' id='word_1_552' title='bbox 1159 4269 1284 4308; x_wconf 85' lang='lat' dir='ltr'><strong>arca</strong></span> <span class='ocrx_word' id='word_1_553' title='bbox 1318 4252 1452 4307; x_wconf 89' lang='lat' dir='ltr'><strong>Noe.</strong></span> 
     </span>
    </p>
   </div>
   <div class='ocr_carea' id='block_1_74' title="bbox 312 4252 1804 4397">
    <p class='ocr_par' dir='ltr' id='par_1_74' title="bbox 312 4252 1804 4397">
     <span class='ocr_line' id='line_1_74' title="bbox 335 4252 1452 4315; baseline -0.002 -7"><span class='ocrx_word' id='word_1_554' title='bbox 335 4254 403 4308; x_wconf 86' lang='lat'><strong>98</strong></span> <span class='ocrx_word' id='word_1_555' title='bbox 448 4252 605 4306; x_wconf 81' lang='lat' dir='ltr'><strong>Circa</strong></span> <span class='ocrx_word' id='word_1_556' title='bbox 639 4252 775 4305; x_wconf 80' lang='lat' dir='ltr'><strong>Noe.</strong></span> <span class='ocrx_word' id='word_1_557' title='bbox 802 4254 1041 4315; x_wconf 79' lang='lat' dir='ltr'><strong>Arund.,</strong></span> <span class='ocrx_word' id='word_1_558' title='bbox 1075 4254 1129 4305; x_wconf 87' lang='lat' dir='ltr'><strong>in</strong></span> <span class='ocrx_word' id='word_1_559' title='bbox 1159 4269 1284 4308; x_wconf 85' lang='lat' dir='ltr'><strong>arca</strong></span> <span class='ocrx_word' id='word_1_560' title='bbox 1318 4252 1452 4307; x_wconf 89' lang='lat' dir='ltr'><strong>Noe.</strong></span> 
     </span>
     <span class='ocr_line' id='line_1_75' title="bbox 312 4252 1804 4397; baseline 0.003 -19"><span class='ocrx_word' id='word_1_561' title='bbox 312 4252 455 4397; x_wconf 40' lang='grc'><strong>(99)-</strong></span> <span class='ocrx_word' id='word_1_562' title='bbox 477 4322 749 4397; x_wconf 80' lang='lat' dir='ltr'><strong>Vestrum_</strong></span> <span class='ocrx_word' id='word_1_563' title='bbox 769 4324 1108 4397; x_wconf 78' lang='lat' dir='ltr'><strong>sa_ngu_inem._</strong></span> <span class='ocrx_word' id='word_1_564' title='bbox 1154 4324 1247 4397; x_wconf 76' lang='lat' dir='ltr'><strong>Sic</strong></span> <span class='ocrx_word' id='word_1_565' title='bbox 1292 4325 1529 4381; x_wconf 88' lang='lat' dir='ltr'><strong>Clarom.</strong></span> <span class='ocrx_word' id='word_1_566' title='bbox 1564 4338 1621 4382; x_wconf 88' lang='lat' dir='ltr'><strong>et</strong></span> <span class='ocrx_word' id='word_1_567' title='bbox 1649 4329 1804 4385; x_wconf 84' lang='lat' dir='ltr'><strong>Voss.</strong></span> 
     </span>
    </p>
   </div>
   <div class='ocr_carea' id='block_1_75' title="bbox 234 4391 1661 4463">
    <p class='ocr_par' dir='ltr' id='par_1_75' title="bbox 234 4391 1661 4463">
     <span class='ocr_line' id='line_1_76' title="bbox 234 4391 1661 4463; baseline 0.004 -17"><span class='ocrx_word' id='word_1_568' title='bbox 234 4391 390 4463; x_wconf 64' lang='lat' dir='ltr'><strong>juxta</strong></span> <span class='ocrx_word' id='word_1_569' title='bbox 414 4391 665 4463; x_wconf 64' lang='lat' dir='ltr'><strong>Graecum</strong></span> <span class='ocrx_word' id='word_1_570' title='bbox 681 4391 789 4443; x_wconf 81' lang='grc' dir='ltr'><strong>τῶν</strong></span> <span class='ocrx_word' id='word_1_571' title='bbox 812 4393 887 4444; x_wconf 91' lang='lat'><strong>0&#39;.</strong></span> <span class='ocrx_word' id='word_1_572' title='bbox 908 4393 1111 4463; x_wconf 57' lang='lat' dir='ltr'><strong>posteri</strong></span> <span class='ocrx_word' id='word_1_573' title='bbox 1136 4394 1394 4447; x_wconf 88' lang='lat' dir='ltr'><strong>omittunt</strong></span> <span class='ocrx_word' id='word_1_574' title='bbox 1416 4407 1661 4451; x_wconf 79' lang='lat' dir='ltr'><strong>vestrum.</strong></span> 
     </span>
    </p>
   </div>
   <div class='ocr_carea' id='block_1_76' title="bbox 312 4461 1803 4538">
    <p class='ocr_par' dir='ltr' id='par_1_76' title="bbox 312 4461 1803 4538">
     <span class='ocr_line' id='line_1_77' title="bbox 312 4461 1803 4538; baseline 0.001 -19"><span class='ocrx_word' id='word_1_575' title='bbox 312 4465 386 4538; x_wconf 89' lang='lat' dir='ltr'>(l)</span> <span class='ocrx_word' id='word_1_576' title='bbox 420 4461 843 4538; x_wconf 61' lang='lat' dir='ltr'><strong>PIo__sangttjtse.</strong></span> <span class='ocrx_word' id='word_1_577' title='bbox 894 4461 1127 4538; x_wconf 68' lang='lat' dir='ltr'><strong>Sanguis</strong></span> <span class='ocrx_word' id='word_1_578' title='bbox 1165 4480 1258 4529; x_wconf 87' lang='lat' dir='ltr'><strong>pro</strong></span> <span class='ocrx_word' id='word_1_579' title='bbox 1310 4468 1567 4533; x_wconf 80' lang='lat' dir='ltr'><strong>sanguine</strong></span> <span class='ocrx_word' id='word_1_580' title='bbox 1619 4477 1703 4523; x_wconf 88' lang='lat' dir='ltr'><strong>est</strong></span> <span class='ocrx_word' id='word_1_581' title='bbox 1752 4470 1803 4521; x_wconf 91' lang='lat' dir='ltr'><strong>in</strong></span> 
     </span>
    </p>
   </div>
   <div class='ocr_carea' id='block_1_77' title="bbox 1540 3670 2548 3740">
    <p class='ocr_par' dir='ltr' id='par_1_77' title="bbox 1540 3670 2548 3740">
     <span class='ocr_line' id='line_1_78' title="bbox 1540 3670 2548 3740; baseline -0.005 -14"><span class='ocrx_word' id='word_1_582' title='bbox 1540 3671 1581 3701; x_wconf 86' lang='lat'><strong>&quot;</strong></span> <span class='ocrx_word' id='word_1_583' title='bbox 1622 3671 1751 3727; x_wconf 77' lang='lat' dir='ltr'><strong>Luc.</strong></span> <span class='ocrx_word' id='word_1_584' title='bbox 1780 3692 1855 3740; x_wconf 88' lang='lat' dir='ltr'><strong>xt,</strong></span> <span class='ocrx_word' id='word_1_585' title='bbox 1889 3675 1990 3739; x_wconf 82' lang='lat'><strong>50;</strong></span> <span class='ocrx_word' id='word_1_586' title='bbox 2027 3673 2219 3725; x_wconf 86' lang='lat' dir='ltr'><strong>Matth.</strong></span> <span class='ocrx_word' id='word_1_587' title='bbox 2265 3685 2421 3734; x_wconf 80' lang='lat' dir='ltr'><strong>mit,</strong></span> <span class='ocrx_word' id='word_1_588' title='bbox 2463 3670 2548 3723; x_wconf 76' lang='lat'><strong>35.</strong></span> 
     </span>
    </p>
   </div>
   <div class='ocr_carea' id='block_1_78' title="bbox 1919 3211 3483 3284">
    <p class='ocr_par' dir='ltr' id='par_1_78' title="bbox 1919 3211 3483 3284">
     <span class='ocr_line' id='line_1_79' title="bbox 1919 3211 3483 3284; baseline 0.002 -19"><span class='ocrx_word' id='word_1_589' title='bbox 1919 3212 2143 3267; x_wconf 86' lang='lat' dir='ltr'><strong>alteram</strong></span> <span class='ocrx_word' id='word_1_590' title='bbox 2182 3213 2544 3266; x_wconf 87' lang='lat' dir='ltr'><strong>substantiam</strong></span> <span class='ocrx_word' id='word_1_591' title='bbox 2600 3212 2782 3265; x_wconf 87' lang='lat' dir='ltr'><strong>carnis</strong></span> <span class='ocrx_word' id='word_1_592' title='bbox 2826 3211 3055 3265; x_wconf 87' lang='lat' dir='ltr'><strong>Domino</strong></span> <span class='ocrx_word' id='word_1_593' title='bbox 3100 3212 3323 3284; x_wconf 80' lang='lat' dir='ltr'><strong>ailingit,</strong></span> <span class='ocrx_word' id='word_1_594' title='bbox 3369 3216 3483 3282; x_wconf 87' lang='lat' dir='ltr'><strong>jam</strong></span> 
     </span>
    </p>
   </div>
   <div class='ocr_carea' id='block_1_79' title="bbox 1918 3303 3488 3376">
    <p class='ocr_par' dir='ltr' id='par_1_79' title="bbox 1918 3303 3488 3376">
     <span class='ocr_line' id='line_1_80' title="bbox 1918 3303 3488 3376; baseline 0.001 -16"><span class='ocrx_word' id='word_1_595' title='bbox 1918 3321 2027 3361; x_wconf 87' lang='lat' dir='ltr'><strong>non</strong></span> <span class='ocrx_word' id='word_1_596' title='bbox 2042 3306 2315 3361; x_wconf 89' lang='lat' dir='ltr'><strong>constabit</strong></span> <span class='ocrx_word' id='word_1_597' title='bbox 2330 3306 2441 3376; x_wconf 75' lang='grc'><strong>(12)</strong></span> <span class='ocrx_word' id='word_1_598' title='bbox 2462 3304 2536 3357; x_wconf 89' lang='lat' dir='ltr'><strong>illi</strong></span> <span class='ocrx_word' id='word_1_599' title='bbox 2554 3303 3017 3358; x_wconf 85' lang='lat' dir='ltr'><strong>reconciliationis</strong></span> <span class='ocrx_word' id='word_1_600' title='bbox 3028 3306 3488 3373; x_wconf 79' lang='lat' dir='ltr'><strong>sertno.Bec0nei-</strong></span> 
     </span>
    </p>
   </div>
   <div class='ocr_carea' id='block_1_80' title="bbox 1916 3394 3485 3465">
    <p class='ocr_par' dir='ltr' id='par_1_80' title="bbox 1916 3394 3485 3465">
     <span class='ocr_line' id='line_1_81' title="bbox 1916 3394 3485 3465; baseline 0.002 -14"><span class='ocrx_word' id='word_1_601' title='bbox 1916 3397 2082 3453; x_wconf 89' lang='lat' dir='ltr'><strong>liatur</strong></span> <span class='ocrx_word' id='word_1_602' title='bbox 2114 3398 2263 3453; x_wconf 84' lang='lat' dir='ltr'><strong>enim</strong></span> <span class='ocrx_word' id='word_1_603' title='bbox 2291 3398 2445 3463; x_wconf 89' lang='lat' dir='ltr'><strong>illud,</strong></span> <span class='ocrx_word' id='word_1_604' title='bbox 2482 3397 2623 3465; x_wconf 92' lang='lat' dir='ltr'><strong>quod</strong></span> <span class='ocrx_word' id='word_1_605' title='bbox 2665 3395 2765 3449; x_wconf 78' lang='lat' dir='ltr'><strong>fuit</strong></span> <span class='ocrx_word' id='word_1_606' title='bbox 2793 3394 3083 3465; x_wconf 87' lang='lat' dir='ltr'><strong>aliquando</strong></span> <span class='ocrx_word' id='word_1_607' title='bbox 3113 3398 3163 3450; x_wconf 91' lang='lat' dir='ltr'><strong>in</strong></span> <span class='ocrx_word' id='word_1_608' title='bbox 3200 3398 3485 3454; x_wconf 81' lang='lat' dir='ltr'><strong>inimicitia</strong></span> 
     </span>
    </p>
   </div>
   <div class='ocr_carea' id='block_1_81' title="bbox 1917 3483 3485 3555">
    <p class='ocr_par' dir='ltr' id='par_1_81' title="bbox 1917 3483 3485 3555">
     <span class='ocr_line' id='line_1_82' title="bbox 1917 3483 3485 3555; baseline 0.003 -17"><span class='ocrx_word' id='word_1_609' title='bbox 1917 3483 2053 3555; x_wconf 78' lang='lat' dir='ltr'>(i3).</span> <span class='ocrx_word' id='word_1_610' title='bbox 2086 3484 2142 3539; x_wconf 90' lang='lat' dir='ltr'><strong>Si</strong></span> <span class='ocrx_word' id='word_1_611' title='bbox 2173 3496 2353 3538; x_wconf 86' lang='lat' dir='ltr'><strong>autem</strong></span> <span class='ocrx_word' id='word_1_612' title='bbox 2387 3500 2454 3538; x_wconf 84' lang='lat' dir='ltr'><strong>ex</strong></span> <span class='ocrx_word' id='word_1_613' title='bbox 2487 3484 2658 3539; x_wconf 91' lang='lat' dir='ltr'><strong>altera</strong></span> <span class='ocrx_word' id='word_1_614' title='bbox 2690 3486 2998 3539; x_wconf 85' lang='lat' dir='ltr'><strong>substantia</strong></span> <span class='ocrx_word' id='word_1_615' title='bbox 3033 3501 3254 3541; x_wconf 86' lang='lat' dir='ltr'><strong>carnem</strong></span> <span class='ocrx_word' id='word_1_616' title='bbox 3299 3489 3485 3545; x_wconf 90' lang='lat' dir='ltr'><strong>attulit</strong></span> 
     </span>
    </p>
   </div>
   <div class='ocr_carea' id='block_1_82' title="bbox 1918 3576 3484 3647">
    <p class='ocr_par' dir='ltr' id='par_1_82' title="bbox 1918 3576 3484 3647">
     <span class='ocr_line' id='line_1_83' title="bbox 1918 3576 3484 3647; baseline 0.002 -12"><span class='ocrx_word' id='word_1_617' title='bbox 1918 3580 2201 3641; x_wconf 82' lang='lat' dir='ltr'><strong>Dominus,</strong></span> <span class='ocrx_word' id='word_1_618' title='bbox 2248 3578 2361 3647; x_wconf 85' lang='lat' dir='ltr'><strong>jam</strong></span> <span class='ocrx_word' id='word_1_619' title='bbox 2417 3592 2522 3631; x_wconf 93' lang='lat' dir='ltr'><strong>non</strong></span> <span class='ocrx_word' id='word_1_620' title='bbox 2588 3576 2717 3631; x_wconf 88' lang='lat' dir='ltr'><strong>illud</strong></span> <span class='ocrx_word' id='word_1_621' title='bbox 2778 3577 3189 3633; x_wconf 87' lang='lat' dir='ltr'><strong>reconciliatum</strong></span> <span class='ocrx_word' id='word_1_622' title='bbox 3219 3591 3303 3635; x_wconf 93' lang='lat' dir='ltr'><strong>est</strong></span> <span class='ocrx_word' id='word_1_623' title='bbox 3348 3582 3484 3646; x_wconf 84' lang='lat' dir='ltr'><strong>Deo,</strong></span> 
     </span>
    </p>
   </div>
   <div class='ocr_carea' id='block_1_83' title="bbox 2662 3668 3279 3736">
    <p class='ocr_par' dir='ltr' id='par_1_83' title="bbox 2662 3668 3279 3736">
     <span class='ocr_line' id='line_1_84' title="bbox 2662 3668 3279 3736; baseline 0.006 -14"><span class='ocrx_word' id='word_1_624' title='bbox 2662 3670 2708 3701; x_wconf 83' lang='grc'><strong>⁵⁸</strong></span> <span class='ocrx_word' id='word_1_625' title='bbox 2747 3668 2955 3723; x_wconf 87' lang='lat' dir='ltr'><strong>Coloss.</strong></span> <span class='ocrx_word' id='word_1_626' title='bbox 2996 3685 3032 3734; x_wconf 83' lang='grc' dir='ltr'><strong>ι,</strong></span> <span class='ocrx_word' id='word_1_627' title='bbox 3068 3671 3159 3736; x_wconf 76' lang='grc'><strong>21,</strong></span> <span class='ocrx_word' id='word_1_628' title='bbox 3189 3673 3279 3726; x_wconf 74' lang='lat'><strong>22.</strong></span> 
     </span>
    </p>
   </div>
   <div class='ocr_carea' id='block_1_84' title="bbox 1988 3762 3482 3835">
    <p class='ocr_par' dir='ltr' id='par_1_84' title="bbox 1988 3762 3482 3835">
     <span class='ocr_line' id='line_1_85' title="bbox 1988 3762 3482 3835; baseline 0.003 -15"><span class='ocrx_word' id='word_1_629' title='bbox 1988 3768 2063 3835; x_wconf 82' lang='grc'><strong>(5)</strong></span> <span class='ocrx_word' id='word_1_630' title='bbox 2088 3764 2169 3817; x_wconf 76' lang='lat' dir='ltr'><strong>Ex</strong></span> <span class='ocrx_word' id='word_1_631' title='bbox 2193 3763 2359 3835; x_wconf 59' lang='lat' dir='ltr'><strong>altera</strong></span> <span class='ocrx_word' id='word_1_632' title='bbox 2387 3765 2685 3816; x_wconf 60' lang='lat' dir='ltr'><strong>substantia</strong></span> <span class='ocrx_word' id='word_1_633' title='bbox 2709 3762 2886 3817; x_wconf 77' lang='lat' dir='ltr'><strong>Pater.</strong></span> <span class='ocrx_word' id='word_1_634' title='bbox 2918 3766 3009 3818; x_wconf 88' lang='lat' dir='ltr'><strong>Sic</strong></span> <span class='ocrx_word' id='word_1_635' title='bbox 3036 3765 3295 3826; x_wconf 89' lang='lat' dir='ltr'><strong>Clarom..</strong></span> <span class='ocrx_word' id='word_1_636' title='bbox 3330 3767 3482 3825; x_wconf 84' lang='lat' dir='ltr'><strong>Voss.</strong></span> 
     </span>
    </p>
   </div>
   <div class='ocr_carea' id='block_1_85' title="bbox 1912 3834 3486 3901">
    <p class='ocr_par' dir='ltr' id='par_1_85' title="bbox 1912 3834 3486 3901">
     <span class='ocr_line' id='line_1_86' title="bbox 1912 3834 3486 3901; baseline 0 -9"><span class='ocrx_word' id='word_1_637' title='bbox 1912 3849 1967 3891; x_wconf 89' lang='lat' dir='ltr'><strong>et</strong></span> <span class='ocrx_word' id='word_1_638' title='bbox 1998 3834 2178 3891; x_wconf 20' lang='lat' dir='ltr'><strong>’Grab.</strong></span> <span class='ocrx_word' id='word_1_639' title='bbox 2233 3834 2452 3900; x_wconf 79' lang='lat' dir='ltr'><strong>Reliqui</strong></span> <span class='ocrx_word' id='word_1_640' title='bbox 2507 3843 2781 3901; x_wconf 78' lang='lat' dir='ltr'><strong>corrupte,</strong></span> <span class='ocrx_word' id='word_1_641' title='bbox 2832 3850 2897 3887; x_wconf 79' lang='lat' dir='ltr'><strong>eo:</strong></span> <span class='ocrx_word' id='word_1_642' title='bbox 2954 3834 3123 3888; x_wconf 84' lang='lat' dir='ltr'><strong>altera</strong></span> <span class='ocrx_word' id='word_1_643' title='bbox 3174 3838 3486 3893; x_wconf 70' lang='lat' dir='ltr'><strong>substantias</strong></span> 
     </span>
    </p>
   </div>
   <div class='ocr_carea' id='block_1_86' title="bbox 1916 3905 2427 3976">
    <p class='ocr_par' dir='ltr' id='par_1_86' title="bbox 1916 3905 2427 3976">
     <span class='ocr_line' id='line_1_87' title="bbox 1916 3905 2427 3976; baseline -0.004 -15"><span class='ocrx_word' id='word_1_644' title='bbox 1916 3918 2083 3976; x_wconf 82' lang='lat' dir='ltr'><strong>parte,</strong></span> <span class='ocrx_word' id='word_1_645' title='bbox 2105 3905 2197 3976; x_wconf 89' lang='lat' dir='ltr'><strong>_vel</strong></span> <span class='ocrx_word' id='word_1_646' title='bbox 2233 3914 2427 3976; x_wconf 79' lang='lat' dir='ltr'><strong>partes.</strong></span> 
     </span>
    </p>
   </div>
   <div class='ocr_carea' id='block_1_87' title="bbox 1989 3972 3483 4047">
    <p class='ocr_par' dir='ltr' id='par_1_87' title="bbox 1989 3972 3483 4047">
     <span class='ocr_line' id='line_1_88' title="bbox 1989 3972 3483 4047; baseline 0.003 -19"><span class='ocrx_word' id='word_1_647' title='bbox 1989 3978 2067 4045; x_wconf 90' lang='lat'>(6)</span> <span class='ocrx_word' id='word_1_648' title='bbox 2086 3974 2510 4047; x_wconf 76' lang='lat' dir='ltr'><strong>Conspersionent</strong></span> <span class='ocrx_word' id='word_1_649' title='bbox 2540 3975 2676 4047; x_wconf 80' lang='lat' dir='ltr'><strong>ejus.</strong></span> <span class='ocrx_word' id='word_1_650' title='bbox 2697 3972 3150 4042; x_wconf 76' lang='lat' dir='ltr'><strong>Conspersionem,</strong></span> <span class='ocrx_word' id='word_1_651' title='bbox 3168 3975 3355 4032; x_wconf 54' lang='lat' dir='ltr'><strong>Graec</strong></span> <span class='ocrx_word' id='word_1_652' title='bbox 3383 3977 3483 4047; x_wconf 76' lang='grc' dir='ltr'><strong>φύο</strong></span> 
     </span>
    </p>
   </div>
   <div class='ocr_carea' id='block_1_88' title="bbox 1920 4044 3483 4119">
    <p class='ocr_par' dir='ltr' id='par_1_88' title="bbox 1920 4044 3483 4119">
     <span class='ocr_line' id='line_1_89' title="bbox 1920 4044 3483 4119; baseline 0.004 -24"><span class='ocrx_word' id='word_1_653' title='bbox 1920 4044 2221 4119; x_wconf 61' lang='lat' dir='ltr'><strong>papa,_p_ro</strong></span> <span class='ocrx_word' id='word_1_654' title='bbox 2246 4056 2422 4119; x_wconf 78' lang='lat' dir='ltr'><strong>massa</strong></span> <span class='ocrx_word' id='word_1_655' title='bbox 2458 4044 2595 4095; x_wconf 78' lang='lat' dir='ltr'><strong>dith</strong></span> <span class='ocrx_word' id='word_1_656' title='bbox 2622 4044 2923 4119; x_wconf 73' lang='lat' dir='ltr'><strong>interpres_;</strong></span> <span class='ocrx_word' id='word_1_657' title='bbox 2979 4050 3251 4113; x_wconf 87' lang='lat' dir='ltr'><strong>quomodo</strong></span> <span class='ocrx_word' id='word_1_658' title='bbox 3284 4044 3483 4117; x_wconf 70' lang='lat' dir='ltr'><strong>Vulga-</strong></span> 
     </span>
    </p>
   </div>
   <div class='ocr_carea' id='block_1_89' title="bbox 1919 4112 3487 4180">
    <p class='ocr_par' dir='ltr' id='par_1_89' title="bbox 1919 4112 3487 4180">
     <span class='ocr_line' id='line_1_90' title="bbox 1919 4112 3487 4180; baseline 0.006 -16"><span class='ocrx_word' id='word_1_659' title='bbox 1919 4112 2007 4171; x_wconf 59' lang='grc' dir='ltr'><strong>ἰδέ</strong></span> <span class='ocrx_word' id='word_1_660' title='bbox 2036 4114 2327 4167; x_wconf 84' lang='lat' dir='ltr'><strong>Bibliorum</strong></span> <span class='ocrx_word' id='word_1_661' title='bbox 2361 4113 2556 4180; x_wconf 89' lang='lat' dir='ltr'><strong>interp.</strong></span> <span class='ocrx_word' id='word_1_662' title='bbox 2595 4112 2837 4167; x_wconf 86' lang='lat' dir='ltr'><strong>eamdem</strong></span> <span class='ocrx_word' id='word_1_663' title='bbox 2870 4112 3114 4169; x_wconf 65' lang='lat' dir='ltr'><strong>Graecam</strong></span> <span class='ocrx_word' id='word_1_664' title='bbox 3148 4132 3333 4171; x_wconf 81' lang='lat' dir='ltr'><strong>vocem</strong></span> <span class='ocrx_word' id='word_1_665' title='bbox 3364 4112 3487 4173; x_wconf 61' lang='lat' dir='ltr'><strong>rud-</strong></span> 
     </span>
    </p>
   </div>
   <div class='ocr_carea' id='block_1_90' title="bbox 1918 4182 3139 4252">
    <p class='ocr_par' dir='ltr' id='par_1_90' title="bbox 1918 4182 3139 4252">
     <span class='ocr_line' id='line_1_91' title="bbox 1918 4182 3139 4252; baseline -0.002 -11"><span class='ocrx_word' id='word_1_666' title='bbox 1918 4188 2056 4241; x_wconf 85' lang='lat' dir='ltr'><strong>didit</strong></span> <span class='ocrx_word' id='word_1_667' title='bbox 2084 4186 2098 4239; x_wconf 92' lang='grc' dir='ltr'><strong>Ι</strong></span> <span class='ocrx_word' id='word_1_668' title='bbox 2125 4182 2252 4252; x_wconf 77' lang='lat' dir='ltr'><strong>Cor.</strong></span> <span class='ocrx_word' id='word_1_669' title='bbox 2278 4196 2377 4245; x_wconf 85' lang='lat' dir='ltr'><strong>vn,</strong></span> <span class='ocrx_word' id='word_1_670' title='bbox 2409 4195 2463 4252; x_wconf 81' lang='lat' dir='ltr'><strong>ut</strong></span> <span class='ocrx_word' id='word_1_671' title='bbox 2517 4184 2628 4236; x_wconf 88' lang='lat' dir='ltr'><strong>sitis</strong></span> <span class='ocrx_word' id='word_1_672' title='bbox 2662 4200 2793 4235; x_wconf 85' lang='lat' dir='ltr'><strong>nova</strong></span> <span class='ocrx_word' id='word_1_673' title='bbox 2820 4186 3139 4252; x_wconf 76' lang='lat' dir='ltr'><strong>conspersis.</strong></span> 
     </span>
    </p>
   </div>
   <div class='ocr_carea' id='block_1_91' title="bbox 1992 4251 3485 4326">
    <p class='ocr_par' dir='ltr' id='par_1_91' title="bbox 1992 4251 3485 4326">
     <span class='ocr_line' id='line_1_92' title="bbox 1992 4251 3485 4326; baseline -0.003 -16"><span class='ocrx_word' id='word_1_674' title='bbox 1992 4256 2071 4326; x_wconf 87' lang='lat'>(7)</span> <span class='ocrx_word' id='word_1_675' title='bbox 2113 4251 2376 4307; x_wconf 85' lang='lat' dir='ltr'><strong>Perierat.</strong></span> <span class='ocrx_word' id='word_1_676' title='bbox 2421 4251 2656 4307; x_wconf 86' lang='lat' dir='ltr'><strong>Feuard.</strong></span> <span class='ocrx_word' id='word_1_677' title='bbox 2690 4254 2742 4306; x_wconf 89' lang='lat' dir='ltr'><strong>in</strong></span> <span class='ocrx_word' id='word_1_678' title='bbox 2780 4251 2955 4323; x_wconf 59' lang='grc' dir='ltr'><strong>κιαι-ες</strong></span> <span class='ocrx_word' id='word_1_679' title='bbox 2987 4266 3041 4309; x_wconf 92' lang='lat' dir='ltr'><strong>et</strong></span> <span class='ocrx_word' id='word_1_680' title='bbox 3072 4256 3334 4321; x_wconf 80' lang='lat' dir='ltr'><strong>Clarom.,</strong></span> <span class='ocrx_word' id='word_1_681' title='bbox 3368 4269 3485 4321; x_wconf 83' lang='lat' dir='ltr'><strong>per-</strong></span> 
     </span>
    </p>
   </div>
   <div class='ocr_carea' id='block_1_92' title="bbox 1915 4326 2047 4382">
    <p class='ocr_par' dir='ltr' id='par_1_92' title="bbox 1915 4326 2047 4382">
     <span class='ocr_line' id='line_1_93' title="bbox 1915 4326 2047 4382; baseline 0.023 -3"><span class='ocrx_word' id='word_1_682' title='bbox 1915 4326 2047 4382; x_wconf 81' lang='lat' dir='ltr'><strong>ibat.</strong></span> 
     </span>
    </p>
   </div>
   <div class='ocr_carea' id='block_1_93' title="bbox 1987 4392 3479 4465">
    <p class='ocr_par' dir='ltr' id='par_1_93' title="bbox 1987 4392 3479 4465">
     <span class='ocr_line' id='line_1_94' title="bbox 1987 4392 3479 4465; baseline -0.002 -15"><span class='ocrx_word' id='word_1_683' title='bbox 1987 4397 2064 4465; x_wconf 90' lang='lat'>(8)</span> <span class='ocrx_word' id='word_1_684' title='bbox 2098 4392 2309 4465; x_wconf 62' lang='lat' dir='ltr'><strong>Inimici</strong></span> <span class='ocrx_word' id='word_1_685' title='bbox 2335 4392 2805 4465; x_wconf 79' lang='lat' dir='ltr'><strong>cogitationiejus.</strong></span> <span class='ocrx_word' id='word_1_686' title='bbox 2848 4393 2991 4465; x_wconf 72' lang='lat' dir='ltr'><strong>Alii,</strong></span> <span class='ocrx_word' id='word_1_687' title='bbox 3030 4393 3236 4449; x_wconf 80' lang='lat' dir='ltr'><strong>inimici</strong></span> <span class='ocrx_word' id='word_1_688' title='bbox 3280 4396 3479 4464; x_wconf 88' lang='lat' dir='ltr'><strong>cogita-</strong></span> 
     </span>
    </p>
   </div>
   <div class='ocr_carea' id='block_1_94' title="bbox 1913 4463 3481 4535">
    <p class='ocr_par' dir='ltr' id='par_1_94' title="bbox 1913 4463 3481 4535">
     <span class='ocr_line' id='line_1_95' title="bbox 1913 4463 3481 4535; baseline -0.002 -14"><span class='ocrx_word' id='word_1_689' title='bbox 1913 4463 2071 4535; x_wconf 78' lang='lat' dir='ltr'><strong>tionis</strong></span> <span class='ocrx_word' id='word_1_690' title='bbox 2100 4464 2235 4535; x_wconf 75' lang='lat' dir='ltr'><strong>ejus.</strong></span> <span class='ocrx_word' id='word_1_691' title='bbox 2270 4463 2442 4535; x_wconf 79' lang='lat' dir='ltr'><strong>Porro</strong></span> <span class='ocrx_word' id='word_1_692' title='bbox 2476 4478 2576 4515; x_wconf 80' lang='lat' dir='ltr'><strong>vox</strong></span> <span class='ocrx_word' id='word_1_693' title='bbox 2611 4464 2744 4532; x_wconf 84' lang='lat' dir='ltr'><strong>ejus,</strong></span> <span class='ocrx_word' id='word_1_694' title='bbox 2772 4479 2933 4532; x_wconf 89' lang='lat' dir='ltr'><strong>quam</strong></span> <span class='ocrx_word' id='word_1_695' title='bbox 2980 4464 3071 4518; x_wconf 88' lang='lat' dir='ltr'><strong>hic</strong></span> <span class='ocrx_word' id='word_1_696' title='bbox 3122 4465 3319 4520; x_wconf 90' lang='lat' dir='ltr'><strong>habent</strong></span> <span class='ocrx_word' id='word_1_697' title='bbox 3347 4463 3481 4519; x_wconf 83' lang='lat' dir='ltr'><strong>om-</strong></span> 
     </span>
    </p>
   </div>
   <div class='ocr_carea' id='block_1_95' title="bbox 235 4522 3481 4606">
    <p class='ocr_par' dir='ltr' id='par_1_95' title="bbox 235 4522 3481 4606">
     <span class='ocr_line' id='line_1_96' title="bbox 235 4522 3481 4606; baseline -0 -16"><span class='ocrx_word' id='word_1_698' title='bbox 235 4522 421 4601; x_wconf 35' lang='lat' dir='ltr'><strong>Eros}</strong></span> <span class='ocrx_word' id='word_1_699' title='bbox 448 4522 690 4606; x_wconf 43' lang='lat' dir='ltr'><strong>Gather-</strong></span> <span class='ocrx_word' id='word_1_700' title='bbox 709 4522 969 4606; x_wconf 49' lang='lat' dir='ltr'><strong>Fe&#39;u_a_rd.;</strong></span> <span class='ocrx_word' id='word_1_701' title='bbox 1011 4522 1116 4606; x_wconf 70' lang='lat' dir='ltr'><strong>sed</strong></span> <span class='ocrx_word' id='word_1_702' title='bbox 1154 4522 1341 4606; x_wconf 74' lang='lat' dir='ltr'><strong>vocem</strong></span> <span class='ocrx_word' id='word_1_703' title='bbox 1370 4522 1584 4606; x_wconf 63' lang='lat' dir='ltr'><strong>stingui:</strong></span> <span class='ocrx_word' id='word_1_704' title='bbox 1614 4540 1808 4593; x_wconf 90' lang='lat' dir='ltr'><strong>merito</strong></span> <span class='ocrx_word' id='word_1_705' title='bbox 1841 4534 1883 4587; x_wconf 90' lang='lat' dir='ltr'><strong>D</strong></span> <span class='ocrx_word' id='word_1_706' title='bbox 1915 4552 2013 4590; x_wconf 89' lang='lat' dir='ltr'><strong>nes</strong></span> <span class='ocrx_word' id='word_1_707' title='bbox 2042 4522 2230 4590; x_wconf 58' lang='lat' dir='ltr'><strong>Ire&#39;uaai</strong></span> <span class='ocrx_word' id='word_1_708' title='bbox 2258 4532 2527 4595; x_wconf 86' lang='lat' dir='ltr'><strong>codd.,ex</strong></span> <span class='ocrx_word' id='word_1_709' title='bbox 2556 4522 2807 4606; x_wconf 69' lang='lat' dir='ltr'><strong>versione</strong></span> <span class='ocrx_word' id='word_1_710' title='bbox 2835 4535 3019 4589; x_wconf 86' lang='lat' dir='ltr'><strong>Italica</strong></span> <span class='ocrx_word' id='word_1_711' title='bbox 3046 4536 3226 4591; x_wconf 85' lang='lat' dir='ltr'><strong>addita</strong></span> <span class='ocrx_word' id='word_1_712' title='bbox 3248 4537 3481 4590; x_wconf 88' lang='lat' dir='ltr'><strong>videtur.</strong></span> 
     </span>
    </p>
   </div>
   <div class='ocr_carea' id='block_1_96' title="bbox 238 4599 1806 4673">
    <p class='ocr_par' dir='ltr' id='par_1_96' title="bbox 238 4599 1806 4673">
     <span class='ocr_line' id='line_1_97' title="bbox 238 4599 1806 4673; baseline 0.001 -15"><span class='ocrx_word' id='word_1_713' title='bbox 238 4599 503 4659; x_wconf 85' lang='lat' dir='ltr'><strong>omittunt</strong></span> <span class='ocrx_word' id='word_1_714' title='bbox 526 4602 790 4673; x_wconf 83' lang='lat' dir='ltr'><strong>Clarom..</strong></span> <span class='ocrx_word' id='word_1_715' title='bbox 817 4599 983 4657; x_wconf 83' lang='lat' dir='ltr'><strong>Voss.</strong></span> <span class='ocrx_word' id='word_1_716' title='bbox 998 4614 1056 4656; x_wconf 87' lang='lat' dir='ltr'><strong>et</strong></span> <span class='ocrx_word' id='word_1_717' title='bbox 1078 4600 1271 4666; x_wconf 84' lang='lat' dir='ltr'><strong>Grab.,</strong></span> <span class='ocrx_word' id='word_1_718' title='bbox 1303 4605 1428 4673; x_wconf 84' lang='lat' dir='ltr'><strong>quia</strong></span> <span class='ocrx_word' id='word_1_719' title='bbox 1461 4599 1561 4661; x_wconf 76' lang='lat' dir='ltr'><strong>nec</strong></span> <span class='ocrx_word' id='word_1_720' title='bbox 1612 4610 1667 4660; x_wconf 89' lang='lat' dir='ltr'><strong>in</strong></span> <span class='ocrx_word' id='word_1_721' title='bbox 1712 4626 1806 4662; x_wconf 83' lang='lat' dir='ltr'><strong>no-</strong></span> 
     </span>
    </p>
   </div>
   <div class='ocr_carea' id='block_1_97' title="bbox 236 4672 1805 4745">
    <p class='ocr_par' dir='ltr' id='par_1_97' title="bbox 236 4672 1805 4745">
     <span class='ocr_line' id='line_1_98' title="bbox 236 4672 1805 4745; baseline 0.002 -16"><span class='ocrx_word' id='word_1_722' title='bbox 236 4678 371 4729; x_wconf 78' lang='lat' dir='ltr'><strong>stris</strong></span> <span class='ocrx_word' id='word_1_723' title='bbox 409 4673 515 4745; x_wconf 75' lang='grc' dir='ltr'><strong>τῶν</strong></span> <span class='ocrx_word' id='word_1_724' title='bbox 542 4676 597 4724; x_wconf 84' lang='lat'><strong>0&#39;</strong></span> <span class='ocrx_word' id='word_1_725' title='bbox 637 4672 791 4745; x_wconf 81' lang='lat' dir='ltr'><strong>editt.</strong></span> <span class='ocrx_word' id='word_1_726' title='bbox 826 4673 1040 4745; x_wconf 65' lang='lat' dir='ltr'><strong>legitur,</strong></span> <span class='ocrx_word' id='word_1_727' title='bbox 1077 4683 1301 4745; x_wconf 86' lang='lat' dir='ltr'><strong>excepta</strong></span> <span class='ocrx_word' id='word_1_728' title='bbox 1326 4676 1690 4745; x_wconf 18' lang='lat' dir='ltr'><strong>C‘omplutensi</strong></span> <span class='ocrx_word' id='word_1_729' title='bbox 1753 4681 1805 4732; x_wconf 92' lang='lat' dir='ltr'><strong>in</strong></span> 
     </span>
    </p>
   </div>
   <div class='ocr_carea' id='block_1_98' title="bbox 234 4739 1805 4815">
    <p class='ocr_par' dir='ltr' id='par_1_98' title="bbox 234 4739 1805 4815">
     <span class='ocr_line' id='line_1_99' title="bbox 234 4739 1805 4815; baseline 0.004 -20"><span class='ocrx_word' id='word_1_730' title='bbox 234 4760 343 4815; x_wconf 77' lang='lat' dir='ltr'><strong>qua</strong></span> <span class='ocrx_word' id='word_1_731' title='bbox 368 4744 597 4815; x_wconf 79' lang='lat' dir='ltr'><strong>habetur</strong></span> <span class='ocrx_word' id='word_1_732' title='bbox 627 4741 791 4815; x_wconf 43' lang='grc' dir='ltr'><strong>[ἀντὶ</strong></span> <span class='ocrx_word' id='word_1_733' title='bbox 828 4739 921 4815; x_wconf 57' lang='lat' dir='ltr'><strong>eo?)</strong></span> <span class='ocrx_word' id='word_1_734' title='bbox 946 4742 1177 4815; x_wconf 75' lang='grc' dir='ltr'><strong>ᾳτματος</strong></span> <span class='ocrx_word' id='word_1_735' title='bbox 1205 4739 1512 4815; x_wconf 73' lang='grc' dir='ltr'><strong>ἁνθρώποὶ),</strong></span> <span class='ocrx_word' id='word_1_736' title='bbox 1548 4745 1607 4800; x_wconf 79' lang='grc' dir='ltr'><strong>τδ</strong></span> <span class='ocrx_word' id='word_1_737' title='bbox 1642 4748 1805 4801; x_wconf 80' lang='grc' dir='ltr'><strong>αὑτοῦ</strong></span> 
     </span>
    </p>
   </div>
   <div class='ocr_carea' id='block_1_99' title="bbox 236 4812 1808 4886">
    <p class='ocr_par' dir='ltr' id='par_1_99' title="bbox 236 4812 1808 4886">
     <span class='ocr_line' id='line_1_100' title="bbox 236 4812 1808 4886; baseline -0.003 -16"><span class='ocrx_word' id='word_1_738' title='bbox 236 4812 621 4886; x_wconf 50' lang='lat' dir='ltr'><strong>inpenderat.</strong></span> <span class='ocrx_word' id='word_1_739' title='bbox 661 4812 735 4886; x_wconf 81' lang='lat' dir='ltr'><strong>De</strong></span> <span class='ocrx_word' id='word_1_740' title='bbox 757 4813 919 4886; x_wconf 83' lang='lat' dir='ltr'><strong>variis</strong></span> <span class='ocrx_word' id='word_1_741' title='bbox 950 4814 1111 4886; x_wconf 78' lang='lat' dir='ltr'><strong>hujus</strong></span> <span class='ocrx_word' id='word_1_742' title='bbox 1144 4812 1439 4886; x_wconf 69' lang='lat' dir='ltr'><strong>Scriptura:</strong></span> <span class='ocrx_word' id='word_1_743' title='bbox 1471 4818 1574 4871; x_wconf 81' lang='lat' dir='ltr'><strong>loci</strong></span> <span class='ocrx_word' id='word_1_744' title='bbox 1616 4818 1808 4873; x_wconf 78' lang='lat' dir='ltr'><strong>lectio—</strong></span> 
     </span>
    </p>
   </div>
   <div class='ocr_carea' id='block_1_100' title="bbox 238 4881 1807 4942">
    <p class='ocr_par' dir='ltr' id='par_1_100' title="bbox 238 4881 1807 4942">
     <span class='ocr_line' id='line_1_101' title="bbox 238 4881 1807 4942; baseline 0.002 -3"><span class='ocrx_word' id='word_1_745' title='bbox 238 4881 404 4939; x_wconf 67' lang='lat' dir='ltr'><strong>nibus</strong></span> <span class='ocrx_word' id='word_1_746' title='bbox 429 4881 738 4938; x_wconf 79' lang='lat' dir='ltr'><strong>consulesis</strong></span> <span class='ocrx_word' id='word_1_747' title='bbox 777 4882 1154 4937; x_wconf 87' lang='lat' dir='ltr'><strong>doctissimum</strong></span> <span class='ocrx_word' id='word_1_748' title='bbox 1191 4884 1520 4940; x_wconf 87' lang='lat' dir='ltr'><strong>Cotelerium</strong></span> <span class='ocrx_word' id='word_1_749' title='bbox 1560 4887 1615 4941; x_wconf 91' lang='lat' dir='ltr'><strong>in</strong></span> <span class='ocrx_word' id='word_1_750' title='bbox 1664 4890 1807 4942; x_wconf 88' lang='lat' dir='ltr'><strong>notis</strong></span> 
     </span>
    </p>
   </div>
   <div class='ocr_carea' id='block_1_101' title="bbox 236 4951 1277 5021">
    <p class='ocr_par' dir='ltr' id='par_1_101' title="bbox 236 4951 1277 5021">
     <span class='ocr_line' id='line_1_102' title="bbox 236 4951 1277 5021; baseline -0.003 -10"><span class='ocrx_word' id='word_1_751' title='bbox 236 4958 305 5011; x_wconf 74' lang='lat' dir='ltr'><strong>ad</strong></span> <span class='ocrx_word' id='word_1_752' title='bbox 334 4953 426 5007; x_wconf 90' lang='lat' dir='ltr'><strong>lib.</strong></span> <span class='ocrx_word' id='word_1_753' title='bbox 457 4969 497 5008; x_wconf 89' lang='lat' dir='ltr'><strong>tt</strong></span> <span class='ocrx_word' id='word_1_754' title='bbox 522 4951 802 5006; x_wconf 69' lang='lat' dir='ltr'><strong>Constitui.</strong></span> <span class='ocrx_word' id='word_1_755' title='bbox 826 4964 1018 5019; x_wconf 71' lang='lat' dir='ltr'><strong>apost.,</strong></span> <span class='ocrx_word' id='word_1_756' title='bbox 1045 4968 1164 5021; x_wconf 84' lang='lat' dir='ltr'><strong>cap.</strong></span> <span class='ocrx_word' id='word_1_757' title='bbox 1186 4954 1277 5008; x_wconf 71' lang='grc'><strong>42.</strong></span> 
     </span>
    </p>
   </div>
   <div class='ocr_carea' id='block_1_102' title="bbox 309 5021 1805 5095">
    <p class='ocr_par' dir='ltr' id='par_1_102' title="bbox 309 5021 1805 5095">
     <span class='ocr_line' id='line_1_103' title="bbox 309 5021 1805 5095; baseline 0.013 -30"><span class='ocrx_word' id='word_1_758' title='bbox 309 5024 387 5095; x_wconf 70' lang='grc' dir='ltr'><strong>(ε)</strong></span> <span class='ocrx_word' id='word_1_759' title='bbox 412 5022 718 5095; x_wconf 60' lang='lat' dir='ltr'><strong>_Secundunt</strong></span> <span class='ocrx_word' id='word_1_760' title='bbox 736 5021 1098 5095; x_wconf 77' lang='lat' dir='ltr'><strong>principalem.</strong></span> <span class='ocrx_word' id='word_1_761' title='bbox 1125 5023 1240 5078; x_wconf 85' lang='lat' dir='ltr'><strong>Non</strong></span> <span class='ocrx_word' id='word_1_762' title='bbox 1270 5024 1573 5093; x_wconf 85' lang='lat' dir='ltr'><strong>spernenda</strong></span> <span class='ocrx_word' id='word_1_763' title='bbox 1599 5026 1805 5085; x_wconf 84' lang='lat' dir='ltr'><strong>doctis-</strong></span> 
     </span>
    </p>
   </div>
   <div class='ocr_carea' id='block_1_103' title="bbox 235 5091 1807 5164">
    <p class='ocr_par' dir='ltr' id='par_1_103' title="bbox 235 5091 1807 5164">
     <span class='ocr_line' id='line_1_104' title="bbox 235 5091 1807 5164; baseline 0 -15"><span class='ocrx_word' id='word_1_764' title='bbox 235 5091 591 5164; x_wconf 55' lang='lat' dir='ltr'><strong>simi&#39;Grabii</strong></span> <span class='ocrx_word' id='word_1_765' title='bbox 638 5094 969 5164; x_wconf 88' lang='lat' dir='ltr'><strong>conjectura,</strong></span> <span class='ocrx_word' id='word_1_766' title='bbox 1001 5091 1353 5159; x_wconf 80' lang='lat' dir='ltr'><strong>interpretem</strong></span> <span class='ocrx_word' id='word_1_767' title='bbox 1408 5096 1497 5150; x_wconf 91' lang='lat' dir='ltr'><strong>hic</strong></span> <span class='ocrx_word' id='word_1_768' title='bbox 1548 5109 1602 5150; x_wconf 92' lang='lat' dir='ltr'><strong>et</strong></span> <span class='ocrx_word' id='word_1_769' title='bbox 1646 5097 1807 5164; x_wconf 88' lang='lat' dir='ltr'><strong>paulo</strong></span> 
     </span>
    </p>
   </div>
   <div class='ocr_carea' id='block_1_104' title="bbox 236 5162 1801 5235">
    <p class='ocr_par' dir='ltr' id='par_1_104' title="bbox 236 5162 1801 5235">
     <span class='ocr_line' id='line_1_105' title="bbox 236 5162 1801 5235; baseline 0.001 -18"><span class='ocrx_word' id='word_1_770' title='bbox 236 5176 380 5235; x_wconf 79' lang='lat' dir='ltr'><strong>post.</strong></span> <span class='ocrx_word' id='word_1_771' title='bbox 418 5163 673 5233; x_wconf 81' lang='grc' dir='ltr'><strong>ἀρχαῖαν,</strong></span> <span class='ocrx_word' id='word_1_772' title='bbox 705 5162 1028 5235; x_wconf 67' lang='lat' dir='ltr'><strong>primitivum,</strong></span> <span class='ocrx_word' id='word_1_773' title='bbox 1071 5164 1214 5235; x_wconf 83' lang='lat' dir='ltr'><strong>male</strong></span> <span class='ocrx_word' id='word_1_774' title='bbox 1257 5170 1514 5233; x_wconf 88' lang='lat' dir='ltr'><strong>vertisse,</strong></span> <span class='ocrx_word' id='word_1_775' title='bbox 1540 5162 1801 5233; x_wconf 78' lang='lat' dir='ltr'><strong>principa-</strong></span> 
     </span>
    </p>
   </div>
   <div class='ocr_carea' id='block_1_105' title="bbox 234 5232 1807 5306">
    <p class='ocr_par' dir='ltr' id='par_1_105' title="bbox 234 5232 1807 5306">
     <span class='ocr_line' id='line_1_106' title="bbox 234 5232 1807 5306; baseline 0.001 -19"><span class='ocrx_word' id='word_1_776' title='bbox 234 5232 609 5301; x_wconf 68' lang='lat' dir='ltr'><strong>temmuippe</strong></span> <span class='ocrx_word' id='word_1_777' title='bbox 644 5244 769 5284; x_wconf 82' lang='lat' dir='ltr'><strong>mox</strong></span> <span class='ocrx_word' id='word_1_778' title='bbox 824 5232 1028 5285; x_wconf 87' lang='lat' dir='ltr'><strong>mentio</strong></span> <span class='ocrx_word' id='word_1_779' title='bbox 1078 5232 1224 5289; x_wconf 83' lang='lat' dir='ltr'><strong>facta</strong></span> <span class='ocrx_word' id='word_1_780' title='bbox 1272 5240 1456 5305; x_wconf 69' lang='lat' dir='ltr'><strong>prima:</strong></span> <span class='ocrx_word' id='word_1_781' title='bbox 1494 5232 1807 5306; x_wconf 64' lang='lat' dir='ltr'><strong>plantatio-</strong></span> 
     </span>
    </p>
   </div>
   <div class='ocr_carea' id='block_1_106' title="bbox 301 5368 1803 5447">
    <p class='ocr_par' dir='ltr' id='par_1_106' title="bbox 301 5368 1803 5447">
     <span class='ocr_line' id='line_1_107' title="bbox 301 5368 1803 5447; baseline -0.001 -15"><span class='ocrx_word' id='word_1_782' title='bbox 301 5374 381 5447; x_wconf 77' lang='lat'>(3)</span> <span class='ocrx_word' id='word_1_783' title='bbox 413 5372 791 5447; x_wconf 48' lang='lat' dir='ltr'><strong>Solicinium.</strong></span> <span class='ocrx_word' id='word_1_784' title='bbox 830 5368 1065 5447; x_wconf 32' lang='lat' dir='ltr'><strong>Seﬁbene</strong></span> <span class='ocrx_word' id='word_1_785' title='bbox 1086 5374 1293 5432; x_wconf 88' lang='lat' dir='ltr'><strong>addidit</strong></span> <span class='ocrx_word' id='word_1_786' title='bbox 1322 5378 1556 5433; x_wconf 86' lang='lat' dir='ltr'><strong>Feuard.</strong></span> <span class='ocrx_word' id='word_1_787' title='bbox 1594 5390 1661 5431; x_wconf 86' lang='lat' dir='ltr'><strong>ex</strong></span> <span class='ocrx_word' id='word_1_788' title='bbox 1695 5385 1803 5430; x_wconf 86' lang='lat' dir='ltr'><strong>vet.</strong></span> 
     </span>
    </p>
   </div>
   <div class='ocr_carea' id='block_1_107' title="bbox 235 5439 1803 5517">
    <p class='ocr_par' dir='ltr' id='par_1_107' title="bbox 235 5439 1803 5517">
     <span class='ocr_line' id='line_1_108' title="bbox 235 5439 1803 5517; baseline -0.002 -18"><span class='ocrx_word' id='word_1_789' title='bbox 235 5439 383 5511; x_wconf 66' lang='lat' dir='ltr'><strong>cod,</strong></span> <span class='ocrx_word' id='word_1_790' title='bbox 414 5441 840 5517; x_wconf 64' lang='lat' dir='ltr'><strong>suﬂ‘ragantibus</strong></span> <span class='ocrx_word' id='word_1_791' title='bbox 883 5439 1230 5517; x_wconf 75' lang='lat' dir='ltr'><strong>Clarom._et</strong></span> <span class='ocrx_word' id='word_1_792' title='bbox 1280 5447 1461 5512; x_wconf 54' lang='lat' dir='ltr'><strong>Voss”</strong></span> <span class='ocrx_word' id='word_1_793' title='bbox 1521 5462 1803 5517; x_wconf 75' lang='lat' dir='ltr'><strong>perperam</strong></span> 
     </span>
    </p>
   </div>
   <div class='ocr_carea' id='block_1_108' title="bbox 235 5509 1803 5586">
    <p class='ocr_par' dir='ltr' id='par_1_108' title="bbox 235 5509 1803 5586">
     <span class='ocr_line' id='line_1_109' title="bbox 235 5509 1803 5586; baseline 0.001 -20"><span class='ocrx_word' id='word_1_794' title='bbox 235 5509 657 5586; x_wconf 37' lang='lat' dir='ltr'><strong>vero&#39;expunjit</strong></span> <span class='ocrx_word' id='word_1_795' title='bbox 681 5509 874 5586; x_wconf 59' lang='lat' dir='ltr'><strong>(iram,</strong></span> <span class='ocrx_word' id='word_1_796' title='bbox 896 5527 1020 5564; x_wconf 87' lang='lat' dir='ltr'><strong>nam</strong></span> <span class='ocrx_word' id='word_1_797' title='bbox 1055 5518 1120 5569; x_wconf 86' lang='lat' dir='ltr'><strong>de</strong></span> <span class='ocrx_word' id='word_1_798' title='bbox 1146 5515 1377 5573; x_wconf 80' lang='lat' dir='ltr'><strong>humana</strong></span> <span class='ocrx_word' id='word_1_799' title='bbox 1402 5509 1803 5586; x_wconf 47' lang='lat' dir='ltr'><strong>natu-ra,&#39;quatn</strong></span> 
     </span>
    </p>
   </div>
   <div class='ocr_carea' id='block_1_109' title="bbox 236 5581 1190 5639">
    <p class='ocr_par' dir='ltr' id='par_1_109' title="bbox 236 5581 1190 5639">
     <span class='ocr_line' id='line_1_110' title="bbox 236 5581 1190 5639; baseline 0.001 -1"><span class='ocrx_word' id='word_1_800' title='bbox 236 5581 529 5639; x_wconf 75' lang='lat' dir='ltr'><strong>assumpsit</strong></span> <span class='ocrx_word' id='word_1_801' title='bbox 560 5581 842 5638; x_wconf 89' lang='lat' dir='ltr'><strong>Dominus.</strong></span> <span class='ocrx_word' id='word_1_802' title='bbox 881 5597 1059 5635; x_wconf 89' lang='lat' dir='ltr'><strong>sermo</strong></span> <span class='ocrx_word' id='word_1_803' title='bbox 1087 5595 1190 5639; x_wconf 91' lang='lat' dir='ltr'><strong>est.</strong></span> 
     </span>
    </p>
   </div>
   <div class='ocr_carea' id='block_1_110' title="bbox 307 5600 1799 5725">
    <p class='ocr_par' dir='ltr' id='par_1_110' title="bbox 307 5600 1799 5725">
     <span class='ocr_line' id='line_1_111' title="bbox 307 5600 1190 5639; baseline 0 0"><span class='ocrx_word' id='word_1_804' title='bbox 307 5602 416 5639; x_wconf 78' lang='lat' dir='ltr'><strong>sum</strong></span> <span class='ocrx_word' id='word_1_805' title='bbox 459 5600 529 5638; x_wconf 84' lang='lat' dir='ltr'><strong>stt</strong></span> <span class='ocrx_word' id='word_1_806' title='bbox 560 5600 842 5638; x_wconf 86' lang='lat' dir='ltr'><strong>uomtnus.</strong></span> <span class='ocrx_word' id='word_1_807' title='bbox 881 5600 1059 5635; x_wconf 88' lang='lat' dir='ltr'><strong>sermo</strong></span> <span class='ocrx_word' id='word_1_808' title='bbox 1087 5600 1190 5639; x_wconf 77' lang='grc' dir='ltr'><strong>εει.</strong></span> 
     </span>
     <span class='ocr_line' id='line_1_112' title="bbox 307 5600 1799 5725; baseline 0.003 -17"><span class='ocrx_word' id='word_1_809' title='bbox 307 5600 581 5725; x_wconf 54' lang='lat' dir='ltr'><strong>(Lft&#39;acta</strong></span> <span class='ocrx_word' id='word_1_810' title='bbox 614 5660 687 5704; x_wconf 84' lang='lat' dir='ltr'><strong>est</strong></span> <span class='ocrx_word' id='word_1_811' title='bbox 708 5653 985 5704; x_wconf 76' lang='lat' dir='ltr'><strong>successio.</strong></span> <span class='ocrx_word' id='word_1_812' title='bbox 1028 5654 1101 5707; x_wconf 86' lang='lat' dir='ltr'><strong>lta</strong></span> <span class='ocrx_word' id='word_1_813' title='bbox 1127 5667 1279 5710; x_wconf 89' lang='lat' dir='ltr'><strong>vetus</strong></span> <span class='ocrx_word' id='word_1_814' title='bbox 1312 5657 1646 5711; x_wconf 86' lang='lat' dir='ltr'><strong>Feuardent.</strong></span> <span class='ocrx_word' id='word_1_815' title='bbox 1677 5658 1799 5712; x_wconf 81' lang='lat' dir='ltr'><strong>cod.</strong></span> 
     </span>
    </p>
   </div>
   <div class='ocr_carea' id='block_1_111' title="bbox 234 5724 1801 5794">
    <p class='ocr_par' dir='ltr' id='par_1_111' title="bbox 234 5724 1801 5794">
     <span class='ocr_line' id='line_1_113' title="bbox 234 5724 1801 5794; baseline 0.001 -13"><span class='ocrx_word' id='word_1_816' title='bbox 234 5743 319 5781; x_wconf 82' lang='lat' dir='ltr'><strong>ent</strong></span> <span class='ocrx_word' id='word_1_817' title='bbox 342 5724 917 5794; x_wconf 18' lang='lat' dir='ltr'><strong>c&#39;onsetttiuttt,»quoad</strong></span> <span class='ocrx_word' id='word_1_818' title='bbox 945 5738 1129 5777; x_wconf 87' lang='lat' dir='ltr'><strong>vocent</strong></span> <span class='ocrx_word' id='word_1_819' title='bbox 1160 5728 1322 5794; x_wconf 75' lang='lat' dir='ltr'><strong>facta,</strong></span> <span class='ocrx_word' id='word_1_820' title='bbox 1356 5728 1591 5782; x_wconf 85' lang='lat' dir='ltr'><strong>Claront.</strong></span> <span class='ocrx_word' id='word_1_821' title='bbox 1621 5738 1673 5783; x_wconf 84' lang='lat' dir='ltr'><strong>et</strong></span> <span class='ocrx_word' id='word_1_822' title='bbox 1694 5743 1801 5783; x_wconf 83' lang='lat' dir='ltr'><strong>om.</strong></span> 
     </span>
    </p>
   </div>
   <div class='ocr_carea' id='block_1_112' title="bbox 233 5791 1533 5866">
    <p class='ocr_par' dir='ltr' id='par_1_112' title="bbox 233 5791 1533 5866">
     <span class='ocr_line' id='line_1_114' title="bbox 233 5791 1533 5866; baseline -0.001 -15"><span class='ocrx_word' id='word_1_823' title='bbox 233 5797 445 5866; x_wconf 78' lang='lat' dir='ltr'><strong>Anglic.</strong></span> <span class='ocrx_word' id='word_1_824' title='bbox 474 5795 542 5846; x_wconf 80' lang='lat' dir='ltr'><strong>At</strong></span> <span class='ocrx_word' id='word_1_825' title='bbox 572 5792 623 5843; x_wconf 88' lang='lat' dir='ltr'><strong>in</strong></span> <span class='ocrx_word' id='word_1_826' title='bbox 652 5791 805 5844; x_wconf 79' lang='lat' dir='ltr'><strong>editl.</strong></span> <span class='ocrx_word' id='word_1_827' title='bbox 829 5795 1060 5858; x_wconf 80' lang='lat' dir='ltr'><strong>oinnib.,</strong></span> <span class='ocrx_word' id='word_1_828' title='bbox 1091 5791 1230 5863; x_wconf 68' lang='lat' dir='ltr'><strong>[alita</strong></span> <span class='ocrx_word' id='word_1_829' title='bbox 1257 5791 1533 5852; x_wconf 68' lang='lat' dir='ltr'><strong>successio.</strong></span> 
     </span>
    </p>
   </div>
   <div class='ocr_carea' id='block_1_113' title="bbox 560 5890 1173 5954">
    <p class='ocr_par' dir='ltr' id='par_1_113' title="bbox 560 5890 1173 5954">
     <span class='ocr_line' id='line_1_115' title="bbox 560 5890 1173 5954; baseline 0.011 -7"><span class='ocrx_word' id='word_1_830' title='bbox 560 5893 830 5951; x_wconf 72' lang='grc' dir='ltr'><strong>Ρηκυι.</strong></span> <span class='ocrx_word' id='word_1_831' title='bbox 876 5890 991 5950; x_wconf 68' lang='lat' dir='ltr'><strong>(in.</strong></span> <span class='ocrx_word' id='word_1_832' title='bbox 1043 5891 1173 5954; x_wconf 70' lang='lat' dir='ltr'><strong>VII.</strong></span> 
     </span>
    </p>
   </div>
   <div class='ocr_carea' id='block_1_114' title="bbox 1912 4602 3483 4673">
    <p class='ocr_par' dir='ltr' id='par_1_114' title="bbox 1912 4602 3483 4673">
     <span class='ocr_line' id='line_1_116' title="bbox 1912 4602 3483 4673; baseline -0.001 -13"><span class='ocrx_word' id='word_1_833' title='bbox 1912 4607 2046 4659; x_wconf 83' lang='lat' dir='ltr'><strong>Nam</strong></span> <span class='ocrx_word' id='word_1_834' title='bbox 2092 4620 2211 4658; x_wconf 86' lang='lat' dir='ltr'><strong>eam</strong></span> <span class='ocrx_word' id='word_1_835' title='bbox 2236 4618 2424 4655; x_wconf 84' lang='lat' dir='ltr'><strong>vocent</strong></span> <span class='ocrx_word' id='word_1_836' title='bbox 2465 4619 2637 4671; x_wconf 77' lang='lat' dir='ltr'><strong>neque</strong></span> <span class='ocrx_word' id='word_1_837' title='bbox 2668 4602 2893 4659; x_wconf 61' lang='lat' dir='ltr'><strong>Graecus</strong></span> <span class='ocrx_word' id='word_1_838' title='bbox 2922 4618 3106 4673; x_wconf 89' lang='lat' dir='ltr'><strong>apost.</strong></span> <span class='ocrx_word' id='word_1_839' title='bbox 3147 4617 3344 4669; x_wconf 59' lang='lat' dir='ltr'><strong>textus,</strong></span> <span class='ocrx_word' id='word_1_840' title='bbox 3389 4621 3483 4659; x_wconf 85' lang='lat' dir='ltr'><strong>ne-</strong></span> 
     </span>
    </p>
   </div>
   <div class='ocr_carea' id='block_1_115' title="bbox 1912 4673 3481 4747">
    <p class='ocr_par' dir='ltr' id='par_1_115' title="bbox 1912 4673 3481 4747">
     <span class='ocr_line' id='line_1_117' title="bbox 1912 4673 3481 4747; baseline 0 -18"><span class='ocrx_word' id='word_1_841' title='bbox 1912 4691 2018 4745; x_wconf 91' lang='lat' dir='ltr'><strong>que</strong></span> <span class='ocrx_word' id='word_1_842' title='bbox 2044 4673 2275 4747; x_wconf 74' lang='lat' dir='ltr'><strong>Vulgata</strong></span> <span class='ocrx_word' id='word_1_843' title='bbox 2303 4681 2485 4747; x_wconf 82' lang='lat' dir='ltr'><strong>nostra</strong></span> <span class='ocrx_word' id='word_1_844' title='bbox 2518 4686 2856 4747; x_wconf 70' lang='lat' dir='ltr'><strong>agnoscunt;</strong></span> <span class='ocrx_word' id='word_1_845' title='bbox 2885 4686 2937 4727; x_wconf 89' lang='lat' dir='ltr'><strong>et</strong></span> <span class='ocrx_word' id='word_1_846' title='bbox 2964 4678 3030 4747; x_wconf 77' lang='grc' dir='ltr'><strong>τῇ</strong></span> <span class='ocrx_word' id='word_1_847' title='bbox 3058 4676 3281 4745; x_wconf 67' lang='grc' dir='ltr'>διανοίᾳ.</span> <span class='ocrx_word' id='word_1_848' title='bbox 3304 4692 3481 4741; x_wconf 79' lang='lat' dir='ltr'><strong>sensu,</strong></span> 
     </span>
    </p>
   </div>
   <div class='ocr_carea' id='block_1_116' title="bbox 1911 4743 3483 4811">
    <p class='ocr_par' dir='ltr' id='par_1_116' title="bbox 1911 4743 3483 4811">
     <span class='ocr_line' id='line_1_118' title="bbox 1911 4743 3483 4811; baseline 0 -12"><span class='ocrx_word' id='word_1_849' title='bbox 1911 4743 2019 4802; x_wconf 79' lang='lat' dir='ltr'><strong>non</strong></span> <span class='ocrx_word' id='word_1_850' title='bbox 2044 4746 2108 4797; x_wconf 90' lang='lat' dir='ltr'><strong>ad</strong></span> <span class='ocrx_word' id='word_1_851' title='bbox 2139 4744 2329 4804; x_wconf 89' lang='lat' dir='ltr'><strong>Deum,</strong></span> <span class='ocrx_word' id='word_1_852' title='bbox 2360 4744 2450 4795; x_wconf 88' lang='lat' dir='ltr'><strong>sed</strong></span> <span class='ocrx_word' id='word_1_853' title='bbox 2476 4744 2540 4794; x_wconf 91' lang='lat' dir='ltr'><strong>ad</strong></span> <span class='ocrx_word' id='word_1_854' title='bbox 2572 4744 2716 4811; x_wconf 87' lang='lat' dir='ltr'><strong>ipsos</strong></span> <span class='ocrx_word' id='word_1_855' title='bbox 2739 4743 3092 4798; x_wconf 60' lang='lat' dir='ltr'><strong>ColossenSes</strong></span> <span class='ocrx_word' id='word_1_856' title='bbox 3130 4743 3394 4806; x_wconf 75' lang='lat' dir='ltr'><strong>referunt,</strong></span> <span class='ocrx_word' id='word_1_857' title='bbox 3425 4758 3483 4799; x_wconf 92' lang='lat' dir='ltr'><strong>ut</strong></span> 
     </span>
    </p>
   </div>
   <div class='ocr_carea' id='block_1_117' title="bbox 1911 4813 3483 4885">
    <p class='ocr_par' dir='ltr' id='par_1_117' title="bbox 1911 4813 3483 4885">
     <span class='ocr_line' id='line_1_119' title="bbox 1911 4813 3483 4885; baseline -0.001 -16"><span class='ocrx_word' id='word_1_858' title='bbox 1911 4824 2103 4869; x_wconf 62' lang='lat' dir='ltr'><strong>sensus</strong></span> <span class='ocrx_word' id='word_1_859' title='bbox 2143 4817 2215 4867; x_wconf 88' lang='lat' dir='ltr'><strong>sit</strong></span> <span class='ocrx_word' id='word_1_860' title='bbox 2263 4831 2277 4864; x_wconf 90' lang='lat'><strong>:</strong></span> <span class='ocrx_word' id='word_1_861' title='bbox 2331 4813 2534 4885; x_wconf 56' lang='lat' dir='ltr'><strong>inimici</strong></span> <span class='ocrx_word' id='word_1_862' title='bbox 2584 4828 2739 4865; x_wconf 84' lang='lat' dir='ltr'><strong>sensu</strong></span> <span class='ocrx_word' id='word_1_863' title='bbox 2774 4825 2964 4885; x_wconf 73' lang='lat' dir='ltr'><strong>oestro,</strong></span> <span class='ocrx_word' id='word_1_864' title='bbox 3019 4830 3111 4868; x_wconf 90' lang='lat' dir='ltr'><strong>seu</strong></span> <span class='ocrx_word' id='word_1_865' title='bbox 3159 4817 3483 4885; x_wconf 82' lang='lat' dir='ltr'><strong>cogitatione</strong></span> 
     </span>
    </p>
   </div>
   <div class='ocr_carea' id='block_1_118' title="bbox 1910 4880 3486 4954">
    <p class='ocr_par' dir='ltr' id='par_1_118' title="bbox 1910 4880 3486 4954">
     <span class='ocr_line' id='line_1_120' title="bbox 1910 4880 3486 4954; baseline 0 -17"><span class='ocrx_word' id='word_1_866' title='bbox 1910 4886 1963 4937; x_wconf 89' lang='lat' dir='ltr'><strong>in</strong></span> <span class='ocrx_word' id='word_1_867' title='bbox 1998 4886 2239 4950; x_wconf 80' lang='lat' dir='ltr'><strong>operibus</strong></span> <span class='ocrx_word' id='word_1_868' title='bbox 2270 4882 2447 4935; x_wconf 76' lang='lat' dir='ltr'><strong>matis.</strong></span> <span class='ocrx_word' id='word_1_869' title='bbox 2472 4880 2890 4954; x_wconf 66' lang='lat' dir='ltr'><strong>Observandum</strong></span> <span class='ocrx_word' id='word_1_870' title='bbox 2925 4880 3289 4954; x_wconf 78' lang='lat' dir='ltr'><strong>tamen,quod</strong></span> <span class='ocrx_word' id='word_1_871' title='bbox 3324 4888 3374 4938; x_wconf 92' lang='lat' dir='ltr'><strong>in</strong></span> <span class='ocrx_word' id='word_1_872' title='bbox 3398 4902 3486 4937; x_wconf 73' lang='lat' dir='ltr'><strong>ve-</strong></span> 
     </span>
    </p>
   </div>
   <div class='ocr_carea' id='block_1_119' title="bbox 1915 4951 3480 5025">
    <p class='ocr_par' dir='ltr' id='par_1_119' title="bbox 1915 4951 3480 5025">
     <span class='ocr_line' id='line_1_121' title="bbox 1915 4951 3480 5025; baseline 0.001 -20"><span class='ocrx_word' id='word_1_873' title='bbox 1915 4955 2215 5025; x_wconf 87' lang='lat' dir='ltr'><strong>tustissimo</strong></span> <span class='ocrx_word' id='word_1_874' title='bbox 2269 4961 2458 5025; x_wconf 84' lang='lat' dir='ltr'><strong>nostro</strong></span> <span class='ocrx_word' id='word_1_875' title='bbox 2510 4954 2631 5005; x_wconf 91' lang='lat' dir='ltr'><strong>cod.</strong></span> <span class='ocrx_word' id='word_1_876' title='bbox 2700 4951 3205 5025; x_wconf 75' lang='lat' dir='ltr'><strong>san-Gerttianensi</strong></span> <span class='ocrx_word' id='word_1_877' title='bbox 3259 4971 3361 5009; x_wconf 90' lang='lat' dir='ltr'><strong>non</strong></span> <span class='ocrx_word' id='word_1_878' title='bbox 3414 4959 3480 5025; x_wconf 83' lang='grc' dir='ltr'><strong>τῇ</strong></span> 
     </span>
    </p>
   </div>
   <div class='ocr_carea' id='block_1_120' title="bbox 1908 5024 3486 5096">
    <p class='ocr_par' dir='ltr' id='par_1_120' title="bbox 1908 5024 3486 5096">
     <span class='ocr_line' id='line_1_122' title="bbox 1908 5024 3486 5096; baseline -0.002 -18"><span class='ocrx_word' id='word_1_879' title='bbox 1908 5024 2141 5094; x_wconf 79' lang='grc' dir='ltr'><strong>διανοίᾳ,</strong></span> <span class='ocrx_word' id='word_1_880' title='bbox 2161 5032 2234 5096; x_wconf 88' lang='lat' dir='ltr'><strong>_ut</strong></span> <span class='ocrx_word' id='word_1_881' title='bbox 2269 5024 2468 5075; x_wconf 89' lang='lat' dir='ltr'><strong>habent</strong></span> <span class='ocrx_word' id='word_1_882' title='bbox 2495 5037 2684 5076; x_wconf 84' lang='lat' dir='ltr'><strong>omnes</strong></span> <span class='ocrx_word' id='word_1_883' title='bbox 2716 5024 2831 5088; x_wconf 87' lang='lat' dir='ltr'><strong>alii,</strong></span> <span class='ocrx_word' id='word_1_884' title='bbox 2862 5026 2955 5078; x_wconf 80' lang='lat' dir='ltr'><strong>sed</strong></span> <span class='ocrx_word' id='word_1_885' title='bbox 2982 5026 3081 5096; x_wconf 82' lang='grc' dir='ltr'><strong>τῆς</strong></span> <span class='ocrx_word' id='word_1_886' title='bbox 3111 5025 3352 5088; x_wconf 81' lang='grc' dir='ltr'>διανοίας</span> <span class='ocrx_word' id='word_1_887' title='bbox 3397 5024 3486 5079; x_wconf 52' lang='grc' dir='ltr'><strong>εει</strong></span> 
     </span>
    </p>
   </div>
   <div class='ocr_carea' id='block_1_121' title="bbox 1912 5094 2385 5162">
    <p class='ocr_par' dir='ltr' id='par_1_121' title="bbox 1912 5094 2385 5162">
     <span class='ocr_line' id='line_1_123' title="bbox 1912 5094 2385 5162; baseline -0.006 -14"><span class='ocrx_word' id='word_1_888' title='bbox 1912 5107 2121 5149; x_wconf 84' lang='lat' dir='ltr'><strong>aratum</strong></span> <span class='ocrx_word' id='word_1_889' title='bbox 2160 5094 2385 5162; x_wconf 82' lang='lat' dir='ltr'><strong>legatur.</strong></span> 
     </span>
    </p>
   </div>
   <div class='ocr_carea' id='block_1_122' title="bbox 1984 5159 3481 5235">
    <p class='ocr_par' dir='ltr' id='par_1_122' title="bbox 1984 5159 3481 5235">
     <span class='ocr_line' id='line_1_124' title="bbox 1984 5159 3481 5235; baseline 0.001 -18"><span class='ocrx_word' id='word_1_890' title='bbox 1984 5164 2059 5235; x_wconf 86' lang='lat'>(9)</span> <span class='ocrx_word' id='word_1_891' title='bbox 2106 5159 2468 5235; x_wconf 73' lang='lat' dir='ltr'><strong>Reconciliati.</strong></span> <span class='ocrx_word' id='word_1_892' title='bbox 2508 5162 2597 5216; x_wconf 86' lang='lat' dir='ltr'><strong>Sic</strong></span> <span class='ocrx_word' id='word_1_893' title='bbox 2647 5159 2831 5216; x_wconf 84' lang='lat' dir='ltr'><strong>Italica</strong></span> <span class='ocrx_word' id='word_1_894' title='bbox 2878 5165 3077 5221; x_wconf 86' lang='lat' dir='ltr'><strong>versio.</strong></span> <span class='ocrx_word' id='word_1_895' title='bbox 3111 5163 3307 5220; x_wconf 80' lang='lat' dir='ltr'><strong>Nostra</strong></span> <span class='ocrx_word' id='word_1_896' title='bbox 3356 5182 3481 5220; x_wconf 88' lang='lat' dir='ltr'><strong>cum</strong></span> 
     </span>
    </p>
   </div>
   <div class='ocr_carea' id='block_1_123' title="bbox 1910 5233 2507 5289">
    <p class='ocr_par' dir='ltr' id='par_1_123' title="bbox 1910 5233 2507 5289">
     <span class='ocr_line' id='line_1_125' title="bbox 1910 5233 2507 5289; baseline -0.008 0"><span class='ocrx_word' id='word_1_897' title='bbox 1910 5233 2099 5289; x_wconf 59' lang='lat' dir='ltr'><strong>Crit-eo</strong></span> <span class='ocrx_word' id='word_1_898' title='bbox 2129 5233 2507 5285; x_wconf 81' lang='lat' dir='ltr'><strong>reconciliavit.</strong></span> 
     </span>
    </p>
   </div>
   <div class='ocr_carea' id='block_1_124' title="bbox 1983 5301 3483 5376">
    <p class='ocr_par' dir='ltr' id='par_1_124' title="bbox 1983 5301 3483 5376">
     <span class='ocr_line' id='line_1_126' title="bbox 1983 5301 3483 5376; baseline 0.003 -20"><span class='ocrx_word' id='word_1_899' title='bbox 1983 5304 2095 5376; x_wconf 83' lang='grc'><strong>(10)</strong></span> <span class='ocrx_word' id='word_1_900' title='bbox 2127 5301 2318 5376; x_wconf 74' lang='lat' dir='ltr'><strong>_Castas</strong></span> <span class='ocrx_word' id='word_1_901' title='bbox 2343 5312 2387 5355; x_wconf 88' lang='lat' dir='ltr'><strong>et</strong></span> <span class='ocrx_word' id='word_1_902' title='bbox 2416 5306 2527 5376; x_wconf 72' lang='lat' dir='ltr'><strong>sine</strong></span> <span class='ocrx_word' id='word_1_903' title='bbox 2565 5303 2812 5376; x_wconf 67' lang='lat' dir='ltr'><strong>crimine.</strong></span> <span class='ocrx_word' id='word_1_904' title='bbox 2842 5302 3042 5367; x_wconf 43' lang='lat' dir='ltr'><strong>Graec&quot;</strong></span> <span class='ocrx_word' id='word_1_905' title='bbox 3081 5304 3345 5376; x_wconf 77' lang='grc' dir='ltr'><strong>ἀμώμους</strong></span> <span class='ocrx_word' id='word_1_906' title='bbox 3388 5306 3483 5361; x_wconf 75' lang='grc' dir='ltr'><strong>καὶ</strong></span> 
     </span>
    </p>
   </div>
   <div class='ocr_carea' id='block_1_125' title="bbox 1910 5372 3482 5444">
    <p class='ocr_par' dir='ltr' id='par_1_125' title="bbox 1910 5372 3482 5444">
     <span class='ocr_line' id='line_1_127' title="bbox 1910 5372 3482 5444; baseline 0.001 -16"><span class='ocrx_word' id='word_1_907' title='bbox 1910 5372 2304 5444; x_wconf 52' lang='grc' dir='ltr'><strong>ἀνεγκλήτους</strong></span> <span class='ocrx_word' id='word_1_908' title='bbox 2332 5388 2450 5439; x_wconf 76' lang='lat' dir='ltr'><strong>qua:</strong></span> <span class='ocrx_word' id='word_1_909' title='bbox 2483 5372 2739 5444; x_wconf 82' lang='lat' dir='ltr'><strong>Vulgatus</strong></span> <span class='ocrx_word' id='word_1_910' title='bbox 2766 5373 2995 5443; x_wconf 83' lang='lat' dir='ltr'><strong>interpr.</strong></span> <span class='ocrx_word' id='word_1_911' title='bbox 3024 5372 3261 5429; x_wconf 72' lang='lat' dir='ltr'><strong>reddidit</strong></span> <span class='ocrx_word' id='word_1_912' title='bbox 3292 5378 3482 5431; x_wconf 82' lang='lat' dir='ltr'><strong>imma-</strong></span> 
     </span>
    </p>
   </div>
   <div class='ocr_carea' id='block_1_126' title="bbox 1910 5442 2719 5509">
    <p class='ocr_par' dir='ltr' id='par_1_126' title="bbox 1910 5442 2719 5509">
     <span class='ocr_line' id='line_1_128' title="bbox 1910 5442 2719 5509; baseline -0.004 -12"><span class='ocrx_word' id='word_1_913' title='bbox 1910 5447 2113 5497; x_wconf 89' lang='lat' dir='ltr'><strong>culatos</strong></span> <span class='ocrx_word' id='word_1_914' title='bbox 2135 5442 2189 5496; x_wconf 20' lang='lat' dir='ltr'><strong>vet</strong></span> <span class='ocrx_word' id='word_1_915' title='bbox 2216 5442 2719 5509; x_wconf 81' lang='lat' dir='ltr'><strong>irrcprehensibiles.</strong></span> 
     </span>
    </p>
   </div>
   <div class='ocr_carea' id='block_1_127' title="bbox 1982 5512 3100 5585">
    <p class='ocr_par' dir='ltr' id='par_1_127' title="bbox 1982 5512 3100 5585">
     <span class='ocr_line' id='line_1_129' title="bbox 1982 5512 3100 5585; baseline 0.001 -19"><span class='ocrx_word' id='word_1_916' title='bbox 1982 5512 2097 5585; x_wconf 85' lang='grc'><strong>(11)</strong></span> <span class='ocrx_word' id='word_1_917' title='bbox 2129 5512 2245 5585; x_wconf 66' lang='lat' dir='ltr'><strong>Hoc</strong></span> <span class='ocrx_word' id='word_1_918' title='bbox 2270 5515 2546 5579; x_wconf 78' lang='lat' dir='ltr'><strong>quoniam.</strong></span> <span class='ocrx_word' id='word_1_919' title='bbox 2580 5513 2798 5585; x_wconf 49' lang='lat' dir='ltr'><strong>hliiLid</strong></span> <span class='ocrx_word' id='word_1_920' title='bbox 2820 5524 2920 5578; x_wconf 88' lang='lat' dir='ltr'><strong>est,</strong></span> <span class='ocrx_word' id='word_1_921' title='bbox 2954 5517 3100 5584; x_wconf 85' lang='lat' dir='ltr'><strong>quia.</strong></span> 
     </span>
    </p>
   </div>
   <div class='ocr_carea' id='block_1_128' title="bbox 1981 5580 3480 5656">
    <p class='ocr_par' dir='ltr' id='par_1_128' title="bbox 1981 5580 3480 5656">
     <span class='ocr_line' id='line_1_130' title="bbox 1981 5580 3480 5656; baseline 0.003 -20"><span class='ocrx_word' id='word_1_922' title='bbox 1981 5580 2093 5654; x_wconf 69' lang='lat'>(1‘2)</span> <span class='ocrx_word' id='word_1_923' title='bbox 2119 5584 2243 5637; x_wconf 79' lang='lat' dir='ltr'><strong>lam</strong></span> <span class='ocrx_word' id='word_1_924' title='bbox 2269 5600 2369 5656; x_wconf 80' lang='lat' dir='ltr'><strong>non</strong></span> <span class='ocrx_word' id='word_1_925' title='bbox 2382 5582 2661 5635; x_wconf 86' lang='lat' dir='ltr'><strong>constabit.</strong></span> <span class='ocrx_word' id='word_1_926' title='bbox 2691 5580 2927 5637; x_wconf 85' lang='lat' dir='ltr'><strong>Feuard.</strong></span> <span class='ocrx_word' id='word_1_927' title='bbox 2952 5580 3005 5639; x_wconf 82' lang='lat' dir='ltr'><strong>in</strong></span> <span class='ocrx_word' id='word_1_928' title='bbox 3033 5602 3207 5656; x_wconf 78' lang='lat' dir='ltr'><strong>marg.</strong></span> <span class='ocrx_word' id='word_1_929' title='bbox 3230 5594 3283 5640; x_wconf 88' lang='lat' dir='ltr'><strong>et</strong></span> <span class='ocrx_word' id='word_1_930' title='bbox 3297 5586 3480 5651; x_wconf 81' lang='lat' dir='ltr'><strong>Voss.,</strong></span> 
     </span>
    </p>
   </div>
   <div class='ocr_carea' id='block_1_129' title="bbox 1909 5654 2389 5708">
    <p class='ocr_par' dir='ltr' id='par_1_129' title="bbox 1909 5654 2389 5708">
     <span class='ocr_line' id='line_1_131' title="bbox 1909 5654 2389 5708; baseline -0.01 0"><span class='ocrx_word' id='word_1_931' title='bbox 1909 5657 2082 5708; x_wconf 77' lang='lat' dir='ltr'><strong>inanis</strong></span> <span class='ocrx_word' id='word_1_932' title='bbox 2112 5654 2389 5707; x_wconf 79' lang='lat' dir='ltr'><strong>constabit.</strong></span> 
     </span>
    </p>
   </div>
   <div class='ocr_carea' id='block_1_130' title="bbox 1982 5722 3485 5793">
    <p class='ocr_par' dir='ltr' id='par_1_130' title="bbox 1982 5722 3485 5793">
     <span class='ocr_line' id='line_1_132' title="bbox 1982 5722 3485 5793; baseline 0.002 -15"><span class='ocrx_word' id='word_1_933' title='bbox 1982 5726 2093 5793; x_wconf 77' lang='lat'>(1&#39;5)</span> <span class='ocrx_word' id='word_1_934' title='bbox 2120 5723 2187 5775; x_wconf 83' lang='lat' dir='ltr'><strong>In</strong></span> <span class='ocrx_word' id='word_1_935' title='bbox 2212 5725 2507 5777; x_wconf 82' lang='lat' dir='ltr'><strong>inimicitia.</strong></span> <span class='ocrx_word' id='word_1_936' title='bbox 2541 5722 2604 5776; x_wconf 85' lang='lat' dir='ltr'><strong>In</strong></span> <span class='ocrx_word' id='word_1_937' title='bbox 2640 5722 2889 5781; x_wconf 86' lang='lat' dir='ltr'><strong>addimus</strong></span> <span class='ocrx_word' id='word_1_938' title='bbox 2914 5740 2978 5780; x_wconf 90' lang='lat' dir='ltr'><strong>ex</strong></span> <span class='ocrx_word' id='word_1_939' title='bbox 3011 5725 3272 5791; x_wconf 59' lang='grc' dir='ltr'><strong>(Ἄιδι-σω.⁷</strong></span> <span class='ocrx_word' id='word_1_940' title='bbox 3322 5724 3485 5781; x_wconf 63' lang='lat' dir='ltr'><strong>Voss.</strong></span> 
     </span>
    </p>
   </div>
   <div class='ocr_carea' id='block_1_131' title="bbox 1911 5796 2240 5851">
    <p class='ocr_par' dir='ltr' id='par_1_131' title="bbox 1911 5796 2240 5851">
     <span class='ocr_line' id='line_1_133' title="bbox 1911 5796 2240 5851; baseline -0.018 0"><span class='ocrx_word' id='word_1_941' title='bbox 1911 5808 1964 5851; x_wconf 91' lang='lat' dir='ltr'><strong>ct</strong></span> <span class='ocrx_word' id='word_1_942' title='bbox 1995 5796 2155 5851; x_wconf 72' lang='lat' dir='ltr'><strong>Merc.</strong></span> <span class='ocrx_word' id='word_1_943' title='bbox 2188 5796 2240 5847; x_wconf 71' lang='lat'><strong>2.</strong></span> 
     </span>
    </p>
   </div>
   <div class='ocr_carea' id='block_1_132' title="bbox 3131 5890 3207 5951">
    <p class='ocr_par' dir='ltr' id='par_1_132' title="bbox 3131 5890 3207 5951">
     <span class='ocr_line' id='line_1_134' title="bbox 3131 5890 3207 5951; baseline 0.053 -4"><span class='ocrx_word' id='word_1_944' title='bbox 3131 5890 3207 5951; x_wconf 76' lang='lat'><strong>3&#39;1</strong></span> 
     </span>
    </p>
   </div>
  </div>
