  <div class='ocr_page' id='page_1' title='image "/cluster/home/n/w/nwhite01/storage/ocr_20150623/7 pars.2/pst.000005711840/035.png"; bbox 0 0 4238 6316; ppageno 0'>
   <div class='ocr_carea' id='block_1_1' title="bbox 752 345 887 403">
    <p class='ocr_par' dir='ltr' id='par_1_1' title="bbox 752 345 887 403">
     <span class='ocr_line' id='line_1_1' title="bbox 752 345 887 403; baseline 0.03 -4"><span class='ocrx_word' id='word_1_1' title='bbox 752 345 887 403; x_wconf 70' lang='lat' dir='ltr'><strong>I165</strong></span> 
     </span>
    </p>
   </div>
   <div class='ocr_carea' id='block_1_2' title="bbox 1485 345 3215 408">
    <p class='ocr_par' dir='ltr' id='par_1_2' title="bbox 1485 345 3215 408">
     <span class='ocr_line' id='line_1_2' title="bbox 1485 345 3215 408; baseline 0.003 -7"><span class='ocrx_word' id='word_1_2' title='bbox 1485 345 1537 403; x_wconf 74' lang='grc' dir='ltr'><strong>ὃ.</strong></span> <span class='ocrx_word' id='word_1_3' title='bbox 1580 345 1837 406; x_wconf 65' lang='grc' dir='ltr'><strong>ΙΒΕΝᾹἏ</strong></span> <span class='ocrx_word' id='word_1_4' title='bbox 1871 347 2177 406; x_wconf 84' lang='lat' dir='ltr'><strong>EPISCOPI</strong></span> <span class='ocrx_word' id='word_1_5' title='bbox 2214 346 2696 404; x_wconf 80' lang='lat' dir='ltr'><strong>LUGDUNENSIS</strong></span> <span class='ocrx_word' id='word_1_6' title='bbox 2733 349 2820 403; x_wconf 84' lang='lat' dir='ltr'><strong>ET</strong></span> <span class='ocrx_word' id='word_1_7' title='bbox 2860 347 3215 408; x_wconf 79' lang='lat' dir='ltr'><strong>MARTYRIS</strong></span> 
     </span>
    </p>
   </div>
   <div class='ocr_carea' id='block_1_3' title="bbox 3831 358 3969 416">
    <p class='ocr_par' dir='ltr' id='par_1_3' title="bbox 3831 358 3969 416">
     <span class='ocr_line' id='line_1_3' title="bbox 3831 358 3969 416; baseline 0.022 -3"><span class='ocrx_word' id='word_1_8' title='bbox 3831 358 3969 416; x_wconf 73' lang='grc' dir='ltr'><strong>Μσι</strong></span> 
     </span>
    </p>
   </div>
   <div class='ocr_carea' id='block_1_4' title="bbox 745 466 3968 544">
    <p class='ocr_par' dir='ltr' id='par_1_4' title="bbox 745 466 3968 544">
     <span class='ocr_line' id='line_1_4' title="bbox 745 466 3968 544; baseline 0.003 -24"><span class='ocrx_word' id='word_1_9' title='bbox 745 470 887 537; x_wconf 88' lang='lat' dir='ltr'><strong>quod</strong></span> <span class='ocrx_word' id='word_1_10' title='bbox 913 481 1006 536; x_wconf 88' lang='lat' dir='ltr'><strong>per</strong></span> <span class='ocrx_word' id='word_1_11' title='bbox 1036 466 1525 535; x_wconf 83' lang='lat' dir='ltr'><strong>transgressionem</strong></span> <span class='ocrx_word' id='word_1_12' title='bbox 1554 466 1754 522; x_wconf 88' lang='lat' dir='ltr'><strong>factum</strong></span> <span class='ocrx_word' id='word_1_13' title='bbox 1787 469 1964 523; x_wconf 80' lang='lat' dir='ltr'><strong>fuerat</strong></span> <span class='ocrx_word' id='word_1_14' title='bbox 1995 469 2297 522; x_wconf 86' lang='lat' dir='ltr'><strong>inimicum.</strong></span> <span class='ocrx_word' id='word_1_15' title='bbox 2329 472 2374 528; x_wconf 76' lang='grc' dir='ltr'><strong>Α</strong></span> <span class='ocrx_word' id='word_1_16' title='bbox 2402 468 2495 538; x_wconf 85' lang='lat' dir='ltr'><strong>qui</strong></span> <span class='ocrx_word' id='word_1_17' title='bbox 2533 485 2559 522; x_wconf 88' lang='lat' dir='ltr'><strong>a</strong></span> <span class='ocrx_word' id='word_1_18' title='bbox 2589 477 2641 520; x_wconf 92' lang='lat' dir='ltr'><strong>te</strong></span> <span class='ocrx_word' id='word_1_19' title='bbox 2666 478 2772 534; x_wconf 91' lang='lat' dir='ltr'><strong>est,</strong></span> <span class='ocrx_word' id='word_1_20' title='bbox 2807 471 3010 523; x_wconf 90' lang='lat' dir='ltr'><strong>sanitas</strong></span> <span class='ocrx_word' id='word_1_21' title='bbox 3036 481 3118 523; x_wconf 88' lang='lat' dir='ltr'><strong>est</strong></span> <span class='ocrx_word' id='word_1_22' title='bbox 3143 472 3222 525; x_wconf 91' lang='lat' dir='ltr'><strong>eis</strong></span> <span class='ocrx_word' id='word_1_23' title='bbox 3253 471 3316 525; x_wconf 76' lang='lat' dir='ltr'><strong>&quot;z</strong></span> <span class='ocrx_word' id='word_1_24' title='bbox 3358 490 3376 523; x_wconf 72' lang='grc' dir='ltr'><strong>ι</strong></span> <span class='ocrx_word' id='word_1_25' title='bbox 3413 471 3477 526; x_wconf 87' lang='lat' dir='ltr'><strong>Et</strong></span> <span class='ocrx_word' id='word_1_26' title='bbox 3512 473 3704 528; x_wconf 96' lang='lat' dir='ltr'><strong>iterum</strong></span> <span class='ocrx_word' id='word_1_27' title='bbox 3737 488 3750 529; x_wconf 86' lang='lat'><strong>:</strong></span> <span class='ocrx_word' id='word_1_28' title='bbox 3795 491 3814 526; x_wconf 81' lang='lat'><strong>1</strong></span> <span class='ocrx_word' id='word_1_29' title='bbox 3855 474 3968 544; x_wconf 81' lang='lat' dir='ltr'><strong>Ego</strong></span> 
     </span>
    </p>
   </div>
   <div class='ocr_carea' id='block_1_5' title="bbox 744 560 2302 630">
    <p class='ocr_par' dir='ltr' id='par_1_5' title="bbox 744 560 2302 630">
     <span class='ocr_line' id='line_1_5' title="bbox 744 560 2302 630; baseline 0.001 -14"><span class='ocrx_word' id='word_1_30' title='bbox 744 560 896 616; x_wconf 84' lang='lat' dir='ltr'><strong>Nunc</strong></span> <span class='ocrx_word' id='word_1_31' title='bbox 938 570 1118 616; x_wconf 90' lang='lat' dir='ltr'><strong>autem</strong></span> <span class='ocrx_word' id='word_1_32' title='bbox 1151 575 1249 630; x_wconf 93' lang='lat' dir='ltr'><strong>per</strong></span> <span class='ocrx_word' id='word_1_33' title='bbox 1278 575 1420 626; x_wconf 89' lang='lat' dir='ltr'><strong>eam,</strong></span> <span class='ocrx_word' id='word_1_34' title='bbox 1455 576 1574 629; x_wconf 71' lang='lat' dir='ltr'><strong>qua:</strong></span> <span class='ocrx_word' id='word_1_35' title='bbox 1605 572 1690 616; x_wconf 86' lang='lat' dir='ltr'><strong>est</strong></span> <span class='ocrx_word' id='word_1_36' title='bbox 1727 560 1792 615; x_wconf 88' lang='lat' dir='ltr'><strong>ad</strong></span> <span class='ocrx_word' id='word_1_37' title='bbox 1824 578 1902 628; x_wconf 89' lang='lat' dir='ltr'><strong>se,</strong></span> <span class='ocrx_word' id='word_1_38' title='bbox 1933 564 2302 618; x_wconf 79' lang='lat' dir='ltr'><strong>communica-</strong></span> 
     </span>
    </p>
   </div>
   <div class='ocr_carea' id='block_1_6' title="bbox 746 652 2304 719">
    <p class='ocr_par' dir='ltr' id='par_1_6' title="bbox 746 652 2304 719">
     <span class='ocr_line' id='line_1_6' title="bbox 746 652 2304 719; baseline 0.001 -11"><span class='ocrx_word' id='word_1_39' title='bbox 746 656 969 719; x_wconf 91' lang='lat' dir='ltr'><strong>tionem,</strong></span> <span class='ocrx_word' id='word_1_40' title='bbox 1015 652 1381 707; x_wconf 87' lang='lat' dir='ltr'><strong>reconciliavit</strong></span> <span class='ocrx_word' id='word_1_41' title='bbox 1433 653 1694 708; x_wconf 88' lang='lat' dir='ltr'><strong>Dominus</strong></span> <span class='ocrx_word' id='word_1_42' title='bbox 1734 656 2007 710; x_wconf 89' lang='lat' dir='ltr'><strong>hominem</strong></span> <span class='ocrx_word' id='word_1_43' title='bbox 2054 656 2163 709; x_wconf 91' lang='lat' dir='ltr'><strong>Deo</strong></span> <span class='ocrx_word' id='word_1_44' title='bbox 2202 654 2304 709; x_wconf 84' lang='lat' dir='ltr'><strong>Pa-</strong></span> 
     </span>
    </p>
   </div>
   <div class='ocr_carea' id='block_1_7' title="bbox 747 745 2298 817">
    <p class='ocr_par' dir='ltr' id='par_1_7' title="bbox 747 745 2298 817">
     <span class='ocr_line' id='line_1_7' title="bbox 747 745 2298 817; baseline 0.003 -17"><span class='ocrx_word' id='word_1_45' title='bbox 747 748 854 812; x_wconf 89' lang='lat' dir='ltr'><strong>tri;</strong></span> <span class='ocrx_word' id='word_1_46' title='bbox 909 745 1272 801; x_wconf 79' lang='lat' dir='ltr'><strong>reconcilians</strong></span> <span class='ocrx_word' id='word_1_47' title='bbox 1302 761 1397 801; x_wconf 92' lang='lat' dir='ltr'><strong>nos</strong></span> <span class='ocrx_word' id='word_1_48' title='bbox 1429 747 1532 802; x_wconf 86' lang='lat' dir='ltr'><strong>sibi</strong></span> <span class='ocrx_word' id='word_1_49' title='bbox 1584 764 1682 817; x_wconf 86' lang='lat' dir='ltr'><strong>per</strong></span> <span class='ocrx_word' id='word_1_50' title='bbox 1710 763 1907 817; x_wconf 90' lang='lat' dir='ltr'><strong>corpus</strong></span> <span class='ocrx_word' id='word_1_51' title='bbox 1952 751 2131 804; x_wconf 89' lang='lat' dir='ltr'><strong>carnis</strong></span> <span class='ocrx_word' id='word_1_52' title='bbox 2166 764 2298 815; x_wconf 77' lang='lat' dir='ltr'><strong>suae,</strong></span> 
     </span>
    </p>
   </div>
   <div class='ocr_carea' id='block_1_8' title="bbox 740 840 2303 912">
    <p class='ocr_par' dir='ltr' id='par_1_8' title="bbox 740 840 2303 912">
     <span class='ocr_line' id='line_1_8' title="bbox 740 840 2303 912; baseline 0 -17"><span class='ocrx_word' id='word_1_53' title='bbox 740 840 1079 910; x_wconf 80' lang='lat' dir='ltr'><strong>etsanguine</strong></span> <span class='ocrx_word' id='word_1_54' title='bbox 1101 853 1200 895; x_wconf 92' lang='lat' dir='ltr'><strong>suo</strong></span> <span class='ocrx_word' id='word_1_55' title='bbox 1223 841 1494 896; x_wconf 87' lang='lat' dir='ltr'><strong>redimens</strong></span> <span class='ocrx_word' id='word_1_56' title='bbox 1535 857 1653 908; x_wconf 88' lang='lat' dir='ltr'><strong>nos,</strong></span> <span class='ocrx_word' id='word_1_57' title='bbox 1684 843 2135 910; x_wconf 87' lang='lat' dir='ltr'><strong>quemadmodum</strong></span> <span class='ocrx_word' id='word_1_58' title='bbox 2156 841 2303 912; x_wconf 83' lang='lat' dir='ltr'><strong>Apo-</strong></span> 
     </span>
    </p>
   </div>
   <div class='ocr_carea' id='block_1_9' title="bbox 738 929 2299 1002">
    <p class='ocr_par' dir='ltr' id='par_1_9' title="bbox 738 929 2299 1002">
     <span class='ocr_line' id='line_1_9' title="bbox 738 929 2299 1002; baseline 0.001 -17"><span class='ocrx_word' id='word_1_59' title='bbox 738 929 912 985; x_wconf 69' lang='lat' dir='ltr'><strong>Stolus</strong></span> <span class='ocrx_word' id='word_1_60' title='bbox 953 929 1201 997; x_wconf 88' lang='lat' dir='ltr'><strong>Ephesiis</strong></span> <span class='ocrx_word' id='word_1_61' title='bbox 1235 929 1309 984; x_wconf 93' lang='lat' dir='ltr'><strong>ait</strong></span> <span class='ocrx_word' id='word_1_62' title='bbox 1342 947 1356 983; x_wconf 92' lang='lat'><strong>:</strong></span> <span class='ocrx_word' id='word_1_63' title='bbox 1386 949 1405 981; x_wconf 85' lang='lat'><strong>1</strong></span> <span class='ocrx_word' id='word_1_64' title='bbox 1438 929 1494 984; x_wconf 92' lang='lat' dir='ltr'><strong>In</strong></span> <span class='ocrx_word' id='word_1_65' title='bbox 1523 946 1631 1002; x_wconf 88' lang='lat' dir='ltr'><strong>quo</strong></span> <span class='ocrx_word' id='word_1_66' title='bbox 1660 932 1948 987; x_wconf 84' lang='lat' dir='ltr'><strong>habuimus</strong></span> <span class='ocrx_word' id='word_1_67' title='bbox 1975 934 2299 1002; x_wconf 48' lang='lat' dir='ltr'><strong>redemptio‘</strong></span> 
     </span>
    </p>
   </div>
   <div class='ocr_carea' id='block_1_10' title="bbox 739 1022 2300 1096">
    <p class='ocr_par' dir='ltr' id='par_1_10' title="bbox 739 1022 2300 1096">
     <span class='ocr_line' id='line_1_10' title="bbox 739 1022 2300 1096; baseline 0.002 -19"><span class='ocrx_word' id='word_1_68' title='bbox 739 1038 863 1078; x_wconf 91' lang='lat' dir='ltr'><strong>nem</strong></span> <span class='ocrx_word' id='word_1_69' title='bbox 918 1037 1014 1093; x_wconf 87' lang='lat' dir='ltr'><strong>per</strong></span> <span class='ocrx_word' id='word_1_70' title='bbox 1065 1022 1381 1092; x_wconf 87' lang='lat' dir='ltr'><strong>sanguinem</strong></span> <span class='ocrx_word' id='word_1_71' title='bbox 1432 1024 1569 1094; x_wconf 86' lang='lat' dir='ltr'><strong>ejus,</strong></span> <span class='ocrx_word' id='word_1_72' title='bbox 1635 1025 2003 1080; x_wconf 87' lang='lat' dir='ltr'><strong>remissionem</strong></span> <span class='ocrx_word' id='word_1_73' title='bbox 2050 1036 2300 1096; x_wconf 55' lang='lat' dir='ltr'><strong>peccato.</strong></span> 
     </span>
    </p>
   </div>
   <div class='ocr_carea' id='block_1_11' title="bbox 737 1113 2296 1187">
    <p class='ocr_par' dir='ltr' id='par_1_11' title="bbox 737 1113 2296 1187">
     <span class='ocr_line' id='line_1_11' title="bbox 737 1113 2296 1187; baseline 0.003 -21"><span class='ocrx_word' id='word_1_74' title='bbox 737 1127 856 1168; x_wconf 88' lang='lat' dir='ltr'><strong>rum</strong></span> <span class='ocrx_word' id='word_1_75' title='bbox 881 1113 947 1168; x_wconf 79' lang='grc'><strong>⁸⁸.</strong></span> <span class='ocrx_word' id='word_1_76' title='bbox 988 1132 1005 1165; x_wconf 81' lang='grc' dir='ltr'><strong>ι</strong></span> <span class='ocrx_word' id='word_1_77' title='bbox 1043 1113 1106 1167; x_wconf 87' lang='lat' dir='ltr'><strong>Et</strong></span> <span class='ocrx_word' id='word_1_78' title='bbox 1137 1127 1319 1168; x_wconf 90' lang='lat' dir='ltr'><strong>rursus</strong></span> <span class='ocrx_word' id='word_1_79' title='bbox 1348 1114 1588 1169; x_wconf 89' lang='lat' dir='ltr'><strong>eisdem:</strong></span> <span class='ocrx_word' id='word_1_80' title='bbox 1625 1133 1645 1166; x_wconf 84' lang='lat'><strong>1</strong></span> <span class='ocrx_word' id='word_1_81' title='bbox 1685 1114 1812 1181; x_wconf 87' lang='lat' dir='ltr'><strong>Vos,</strong></span> <span class='ocrx_word' id='word_1_82' title='bbox 1845 1117 2045 1187; x_wconf 89' lang='lat' dir='ltr'><strong>inquit,</strong></span> <span class='ocrx_word' id='word_1_83' title='bbox 2084 1118 2173 1185; x_wconf 87' lang='lat' dir='ltr'><strong>qui</strong></span> <span class='ocrx_word' id='word_1_84' title='bbox 2201 1118 2296 1171; x_wconf 83' lang='lat' dir='ltr'><strong>ali-</strong></span> 
     </span>
    </p>
   </div>
   <div class='ocr_carea' id='block_1_12' title="bbox 734 1205 2296 1281">
    <p class='ocr_par' dir='ltr' id='par_1_12' title="bbox 734 1205 2296 1281">
     <span class='ocr_line' id='line_1_12' title="bbox 734 1205 2296 1281; baseline 0.005 -24"><span class='ocrx_word' id='word_1_85' title='bbox 734 1207 948 1271; x_wconf 81' lang='lat' dir='ltr'><strong>quando</strong></span> <span class='ocrx_word' id='word_1_86' title='bbox 974 1206 1141 1260; x_wconf 91' lang='lat' dir='ltr'><strong>eratis</strong></span> <span class='ocrx_word' id='word_1_87' title='bbox 1171 1206 1349 1277; x_wconf 87' lang='lat' dir='ltr'><strong>longe,</strong></span> <span class='ocrx_word' id='word_1_88' title='bbox 1387 1205 1513 1262; x_wconf 85' lang='lat' dir='ltr'><strong>facti</strong></span> <span class='ocrx_word' id='word_1_89' title='bbox 1540 1209 1675 1262; x_wconf 80' lang='lat' dir='ltr'><strong>estis</strong></span> <span class='ocrx_word' id='word_1_90' title='bbox 1704 1209 1878 1278; x_wconf 87' lang='lat' dir='ltr'><strong>juxta,</strong></span> <span class='ocrx_word' id='word_1_91' title='bbox 1931 1210 1984 1263; x_wconf 90' lang='lat' dir='ltr'><strong>in</strong></span> <span class='ocrx_word' id='word_1_92' title='bbox 2029 1210 2296 1281; x_wconf 78' lang='lat' dir='ltr'><strong>Sanguine</strong></span> 
     </span>
    </p>
   </div>
   <div class='ocr_carea' id='block_1_13' title="bbox 733 1297 2290 1369">
    <p class='ocr_par' dir='ltr' id='par_1_13' title="bbox 733 1297 2290 1369">
     <span class='ocr_line' id='line_1_13' title="bbox 733 1297 2290 1369; baseline 0.004 -19"><span class='ocrx_word' id='word_1_93' title='bbox 733 1297 933 1351; x_wconf 83' lang='lat' dir='ltr'><strong>Christi</strong></span> <span class='ocrx_word' id='word_1_94' title='bbox 965 1298 1030 1351; x_wconf 66' lang='lat'><strong>5°.</strong></span> <span class='ocrx_word' id='word_1_95' title='bbox 1071 1317 1090 1352; x_wconf 72' lang='grc' dir='ltr'><strong>ι</strong></span> <span class='ocrx_word' id='word_1_96' title='bbox 1131 1297 1198 1354; x_wconf 88' lang='lat' dir='ltr'><strong>Et</strong></span> <span class='ocrx_word' id='word_1_97' title='bbox 1231 1301 1426 1356; x_wconf 89' lang='lat' dir='ltr'><strong>iterum</strong></span> <span class='ocrx_word' id='word_1_98' title='bbox 1468 1317 1482 1352; x_wconf 90' lang='lat'><strong>:</strong></span> <span class='ocrx_word' id='word_1_99' title='bbox 1515 1299 1872 1357; x_wconf 68' lang='lat' dir='ltr'><strong>«Inimicitias</strong></span> <span class='ocrx_word' id='word_1_100' title='bbox 1903 1302 1954 1354; x_wconf 92' lang='lat' dir='ltr'><strong>in</strong></span> <span class='ocrx_word' id='word_1_101' title='bbox 1983 1317 2142 1356; x_wconf 90' lang='lat' dir='ltr'><strong>carne</strong></span> <span class='ocrx_word' id='word_1_102' title='bbox 2171 1319 2290 1369; x_wconf 86' lang='lat' dir='ltr'><strong>sua,</strong></span> 
     </span>
    </p>
   </div>
   <div class='ocr_carea' id='block_1_14' title="bbox 738 1391 2290 1459">
    <p class='ocr_par' dir='ltr' id='par_1_14' title="bbox 738 1391 2290 1459">
     <span class='ocr_line' id='line_1_14' title="bbox 738 1391 2290 1459; baseline 0.005 -17"><span class='ocrx_word' id='word_1_103' title='bbox 738 1391 915 1459; x_wconf 80' lang='lat' dir='ltr'><strong>legem</strong></span> <span class='ocrx_word' id='word_1_104' title='bbox 960 1403 1358 1459; x_wconf 67' lang='lat' dir='ltr'><strong>praceptorum</strong></span> <span class='ocrx_word' id='word_1_105' title='bbox 1393 1393 1630 1449; x_wconf 87' lang='lat' dir='ltr'><strong>decretis</strong></span> <span class='ocrx_word' id='word_1_106' title='bbox 1657 1393 2022 1449; x_wconf 78' lang='lat' dir='ltr'><strong>evacuans&quot;.</strong></span> <span class='ocrx_word' id='word_1_107' title='bbox 2065 1413 2082 1445; x_wconf 84' lang='grc'>›</span> <span class='ocrx_word' id='word_1_108' title='bbox 2126 1394 2193 1447; x_wconf 86' lang='grc' dir='ltr'><strong>Ει</strong></span> <span class='ocrx_word' id='word_1_109' title='bbox 2237 1398 2290 1449; x_wconf 90' lang='lat' dir='ltr'><strong>in</strong></span> 
     </span>
    </p>
   </div>
   <div class='ocr_carea' id='block_1_15' title="bbox 745 1482 2289 1556">
    <p class='ocr_par' dir='ltr' id='par_1_15' title="bbox 745 1482 2289 1556">
     <span class='ocr_line' id='line_1_15' title="bbox 745 1482 2289 1556; baseline 0.005 -23"><span class='ocrx_word' id='word_1_110' title='bbox 745 1482 890 1535; x_wconf 88' lang='lat' dir='ltr'><strong>omni</strong></span> <span class='ocrx_word' id='word_1_111' title='bbox 919 1494 1098 1537; x_wconf 89' lang='lat' dir='ltr'><strong>autem</strong></span> <span class='ocrx_word' id='word_1_112' title='bbox 1124 1483 1358 1554; x_wconf 77' lang='lat' dir='ltr'><strong>Epistula</strong></span> <span class='ocrx_word' id='word_1_113' title='bbox 1385 1485 1672 1540; x_wconf 91' lang='lat' dir='ltr'><strong>manifeste</strong></span> <span class='ocrx_word' id='word_1_114' title='bbox 1706 1485 2020 1541; x_wconf 81' lang='lat' dir='ltr'><strong>testificatur</strong></span> <span class='ocrx_word' id='word_1_115' title='bbox 2057 1485 2289 1556; x_wconf 68' lang='lat' dir='ltr'><strong>Aposto~</strong></span> 
     </span>
    </p>
   </div>
   <div class='ocr_carea' id='block_1_16' title="bbox 733 1572 2290 1647">
    <p class='ocr_par' dir='ltr' id='par_1_16' title="bbox 733 1572 2290 1647">
     <span class='ocr_line' id='line_1_16' title="bbox 733 1572 2290 1647; baseline 0.004 -20"><span class='ocrx_word' id='word_1_116' title='bbox 733 1572 837 1639; x_wconf 87' lang='lat' dir='ltr'><strong>lus,</strong></span> <span class='ocrx_word' id='word_1_117' title='bbox 859 1577 1119 1643; x_wconf 85' lang='lat' dir='ltr'><strong>quoniam</strong></span> <span class='ocrx_word' id='word_1_118' title='bbox 1157 1577 1315 1647; x_wconf 76' lang='lat'><strong>311</strong></span> <span class='ocrx_word' id='word_1_119' title='bbox 1353 1593 1450 1647; x_wconf 91' lang='lat' dir='ltr'><strong>per</strong></span> <span class='ocrx_word' id='word_1_120' title='bbox 1498 1593 1718 1634; x_wconf 87' lang='lat' dir='ltr'><strong>carnem</strong></span> <span class='ocrx_word' id='word_1_121' title='bbox 1754 1577 1964 1633; x_wconf 88' lang='lat' dir='ltr'><strong>Domini</strong></span> <span class='ocrx_word' id='word_1_122' title='bbox 2011 1579 2180 1635; x_wconf 86' lang='lat' dir='ltr'><strong>nostri</strong></span> <span class='ocrx_word' id='word_1_123' title='bbox 2235 1587 2290 1635; x_wconf 88' lang='lat' dir='ltr'><strong>et</strong></span> 
     </span>
    </p>
   </div>
   <div class='ocr_carea' id='block_1_17' title="bbox 729 1669 1793 1738">
    <p class='ocr_par' dir='ltr' id='par_1_17' title="bbox 729 1669 1793 1738">
     <span class='ocr_line' id='line_1_17' title="bbox 729 1669 1793 1738; baseline 0.008 -18"><span class='ocrx_word' id='word_1_124' title='bbox 729 1669 1044 1738; x_wconf 86' lang='lat' dir='ltr'><strong>sanguinem</strong></span> <span class='ocrx_word' id='word_1_125' title='bbox 1072 1670 1188 1736; x_wconf 85' lang='lat' dir='ltr'><strong>ejus</strong></span> <span class='ocrx_word' id='word_1_126' title='bbox 1220 1686 1316 1725; x_wconf 87' lang='lat' dir='ltr'><strong>nos</strong></span> <span class='ocrx_word' id='word_1_127' title='bbox 1347 1671 1542 1726; x_wconf 78' lang='lat' dir='ltr'><strong>salvati</strong></span> <span class='ocrx_word' id='word_1_128' title='bbox 1584 1686 1793 1729; x_wconf 91' lang='lat' dir='ltr'><strong>sumus.</strong></span> 
     </span>
    </p>
   </div>
   <div class='ocr_carea' id='block_1_18' title="bbox 795 1759 2286 1835">
    <p class='ocr_par' dir='ltr' id='par_1_18' title="bbox 795 1759 2286 1835">
     <span class='ocr_line' id='line_1_18' title="bbox 795 1759 2286 1835; baseline 0.005 -22"><span class='ocrx_word' id='word_1_129' title='bbox 795 1759 850 1813; x_wconf 74' lang='grc'><strong>4.</strong></span> <span class='ocrx_word' id='word_1_130' title='bbox 893 1761 946 1815; x_wconf 91' lang='lat' dir='ltr'><strong>Si</strong></span> <span class='ocrx_word' id='word_1_131' title='bbox 990 1762 1152 1831; x_wconf 79' lang='lat' dir='ltr'><strong>igitur</strong></span> <span class='ocrx_word' id='word_1_132' title='bbox 1189 1777 1314 1816; x_wconf 89' lang='lat' dir='ltr'><strong>caro</strong></span> <span class='ocrx_word' id='word_1_133' title='bbox 1343 1772 1397 1818; x_wconf 86' lang='lat' dir='ltr'><strong>et</strong></span> <span class='ocrx_word' id='word_1_134' title='bbox 1439 1765 1661 1833; x_wconf 84' lang='lat' dir='ltr'><strong>sanguis</strong></span> <span class='ocrx_word' id='word_1_135' title='bbox 1698 1775 1864 1830; x_wconf 91' lang='lat' dir='ltr'><strong>sunt,</strong></span> <span class='ocrx_word' id='word_1_136' title='bbox 1913 1781 2033 1835; x_wconf 67' lang='lat' dir='ltr'><strong>quae</strong></span> <span class='ocrx_word' id='word_1_137' title='bbox 2076 1767 2286 1822; x_wconf 83' lang='lat' dir='ltr'><strong>faciunt</strong></span> 
     </span>
    </p>
   </div>
   <div class='ocr_carea' id='block_1_19' title="bbox 727 1851 2285 1925">
    <p class='ocr_par' dir='ltr' id='par_1_19' title="bbox 727 1851 2285 1925">
     <span class='ocr_line' id='line_1_19' title="bbox 727 1851 2285 1925; baseline 0.006 -21"><span class='ocrx_word' id='word_1_138' title='bbox 727 1851 883 1906; x_wconf 88' lang='lat' dir='ltr'><strong>nobis</strong></span> <span class='ocrx_word' id='word_1_139' title='bbox 907 1853 1107 1918; x_wconf 90' lang='lat' dir='ltr'><strong>vitam,</strong></span> <span class='ocrx_word' id='word_1_140' title='bbox 1158 1869 1265 1908; x_wconf 90' lang='lat' dir='ltr'><strong>non</strong></span> <span class='ocrx_word' id='word_1_141' title='bbox 1303 1856 1519 1925; x_wconf 85' lang='lat' dir='ltr'><strong>proprie</strong></span> <span class='ocrx_word' id='word_1_142' title='bbox 1561 1857 1627 1910; x_wconf 91' lang='lat' dir='ltr'><strong>de</strong></span> <span class='ocrx_word' id='word_1_143' title='bbox 1675 1871 1838 1911; x_wconf 86' lang='lat' dir='ltr'><strong>carne</strong></span> <span class='ocrx_word' id='word_1_144' title='bbox 1880 1859 2080 1912; x_wconf 90' lang='lat' dir='ltr'><strong>dictum</strong></span> <span class='ocrx_word' id='word_1_145' title='bbox 2121 1869 2205 1913; x_wconf 85' lang='lat' dir='ltr'><strong>est</strong></span> <span class='ocrx_word' id='word_1_146' title='bbox 2233 1871 2285 1914; x_wconf 91' lang='lat' dir='ltr'><strong>et</strong></span> 
     </span>
    </p>
   </div>
   <div class='ocr_carea' id='block_1_20' title="bbox 724 1942 2282 2018">
    <p class='ocr_par' dir='ltr' id='par_1_20' title="bbox 724 1942 2282 2018">
     <span class='ocr_line' id='line_1_20' title="bbox 724 1942 2282 2018; baseline 0.007 -23"><span class='ocrx_word' id='word_1_147' title='bbox 724 1942 1010 2011; x_wconf 85' lang='lat' dir='ltr'><strong>sanguine,</strong></span> <span class='ocrx_word' id='word_1_148' title='bbox 1041 1960 1142 1998; x_wconf 92' lang='lat' dir='ltr'><strong>non</strong></span> <span class='ocrx_word' id='word_1_149' title='bbox 1172 1959 1334 2013; x_wconf 89' lang='lat' dir='ltr'><strong>posse</strong></span> <span class='ocrx_word' id='word_1_150' title='bbox 1360 1959 1423 1999; x_wconf 89' lang='lat' dir='ltr'><strong>ea</strong></span> <span class='ocrx_word' id='word_1_151' title='bbox 1457 1947 1736 2016; x_wconf 86' lang='lat' dir='ltr'><strong>possidere</strong></span> <span class='ocrx_word' id='word_1_152' title='bbox 1766 1963 1988 2018; x_wconf 79' lang='lat' dir='ltr'><strong>regnum</strong></span> <span class='ocrx_word' id='word_1_153' title='bbox 2028 1950 2151 2018; x_wconf 84' lang='lat' dir='ltr'><strong>Dei;</strong></span> <span class='ocrx_word' id='word_1_154' title='bbox 2191 1953 2282 2006; x_wconf 90' lang='lat' dir='ltr'><strong>sed</strong></span> 
     </span>
    </p>
   </div>
   <div class='ocr_carea' id='block_1_21' title="bbox 724 2033 2281 2110">
    <p class='ocr_par' dir='ltr' id='par_1_21' title="bbox 724 2033 2281 2110">
     <span class='ocr_line' id='line_1_21' title="bbox 724 2033 2281 2110; baseline 0.009 -24"><span class='ocrx_word' id='word_1_155' title='bbox 724 2033 794 2088; x_wconf 90' lang='lat' dir='ltr'><strong>de</strong></span> <span class='ocrx_word' id='word_1_156' title='bbox 829 2035 1104 2104; x_wconf 67' lang='lat' dir='ltr'><strong>przedictis</strong></span> <span class='ocrx_word' id='word_1_157' title='bbox 1133 2038 1445 2094; x_wconf 87' lang='lat' dir='ltr'><strong>carnalibus</strong></span> <span class='ocrx_word' id='word_1_158' title='bbox 1485 2040 1728 2104; x_wconf 86' lang='lat' dir='ltr'><strong>actibus,</strong></span> <span class='ocrx_word' id='word_1_159' title='bbox 1771 2041 1861 2110; x_wconf 87' lang='lat' dir='ltr'><strong>qui</strong></span> <span class='ocrx_word' id='word_1_160' title='bbox 1905 2043 1970 2095; x_wconf 90' lang='lat' dir='ltr'><strong>ad</strong></span> <span class='ocrx_word' id='word_1_161' title='bbox 2002 2052 2281 2110; x_wconf 87' lang='lat' dir='ltr'><strong>peccatum</strong></span> 
     </span>
    </p>
   </div>
   <div class='ocr_carea' id='block_1_22' title="bbox 725 2127 2278 2204">
    <p class='ocr_par' dir='ltr' id='par_1_22' title="bbox 725 2127 2278 2204">
     <span class='ocr_line' id='line_1_22' title="bbox 725 2127 2278 2204; baseline 0.01 -30"><span class='ocrx_word' id='word_1_162' title='bbox 725 2131 1154 2181; x_wconf 87' lang='lat' dir='ltr'><strong>transvertentes</strong></span> <span class='ocrx_word' id='word_1_163' title='bbox 1184 2127 1478 2196; x_wconf 87' lang='lat' dir='ltr'><strong>hominem,</strong></span> <span class='ocrx_word' id='word_1_164' title='bbox 1517 2131 1735 2200; x_wconf 83' lang='lat' dir='ltr'><strong>privam</strong></span> <span class='ocrx_word' id='word_1_165' title='bbox 1764 2146 1884 2186; x_wconf 92' lang='lat' dir='ltr'><strong>eum</strong></span> <span class='ocrx_word' id='word_1_166' title='bbox 1917 2135 2047 2188; x_wconf 87' lang='lat' dir='ltr'><strong>vita.</strong></span> <span class='ocrx_word' id='word_1_167' title='bbox 2077 2135 2139 2189; x_wconf 88' lang='lat' dir='ltr'><strong>Et</strong></span> <span class='ocrx_word' id='word_1_168' title='bbox 2160 2151 2278 2204; x_wconf 87' lang='lat' dir='ltr'><strong>pro-</strong></span> 
     </span>
    </p>
   </div>
   <div class='ocr_carea' id='block_1_23' title="bbox 720 2216 2275 2289">
    <p class='ocr_par' dir='ltr' id='par_1_23' title="bbox 720 2216 2275 2289">
     <span class='ocr_line' id='line_1_23' title="bbox 720 2216 2275 2289; baseline 0.01 -21"><span class='ocrx_word' id='word_1_169' title='bbox 720 2226 845 2284; x_wconf 85' lang='lat' dir='ltr'><strong>pter</strong></span> <span class='ocrx_word' id='word_1_170' title='bbox 889 2216 992 2271; x_wconf 89' lang='lat' dir='ltr'><strong>hoc</strong></span> <span class='ocrx_word' id='word_1_171' title='bbox 1045 2219 1099 2272; x_wconf 88' lang='lat' dir='ltr'><strong>in</strong></span> <span class='ocrx_word' id='word_1_172' title='bbox 1143 2217 1384 2287; x_wconf 84' lang='lat' dir='ltr'><strong>Epistula</strong></span> <span class='ocrx_word' id='word_1_173' title='bbox 1433 2235 1555 2289; x_wconf 60' lang='lat' dir='ltr'><strong>quae</strong></span> <span class='ocrx_word' id='word_1_174' title='bbox 1595 2231 1679 2276; x_wconf 89' lang='lat' dir='ltr'><strong>est</strong></span> <span class='ocrx_word' id='word_1_175' title='bbox 1721 2224 1786 2277; x_wconf 90' lang='lat' dir='ltr'><strong>ad</strong></span> <span class='ocrx_word' id='word_1_176' title='bbox 1830 2224 2102 2280; x_wconf 83' lang='lat' dir='ltr'><strong>Romanos</strong></span> <span class='ocrx_word' id='word_1_177' title='bbox 2151 2227 2228 2281; x_wconf 89' lang='lat' dir='ltr'><strong>ait</strong></span> <span class='ocrx_word' id='word_1_178' title='bbox 2264 2250 2275 2284; x_wconf 93' lang='lat'>:</span> 
     </span>
    </p>
   </div>
   <div class='ocr_carea' id='block_1_24' title="bbox 724 2306 2275 2385">
    <p class='ocr_par' dir='ltr' id='par_1_24' title="bbox 724 2306 2275 2385">
     <span class='ocr_line' id='line_1_24' title="bbox 724 2306 2275 2385; baseline 0.01 -27"><span class='ocrx_word' id='word_1_179' title='bbox 724 2325 743 2358; x_wconf 71' lang='grc' dir='ltr'>ι</span> <span class='ocrx_word' id='word_1_180' title='bbox 781 2306 894 2361; x_wconf 82' lang='lat' dir='ltr'><strong>Non</strong></span> <span class='ocrx_word' id='word_1_181' title='bbox 919 2324 1052 2378; x_wconf 92' lang='lat' dir='ltr'><strong>ergo</strong></span> <span class='ocrx_word' id='word_1_182' title='bbox 1083 2320 1268 2380; x_wconf 84' lang='lat' dir='ltr'><strong>regnet</strong></span> <span class='ocrx_word' id='word_1_183' title='bbox 1299 2322 1578 2382; x_wconf 85' lang='lat' dir='ltr'><strong>peccatum</strong></span> <span class='ocrx_word' id='word_1_184' title='bbox 1603 2315 1659 2368; x_wconf 90' lang='lat' dir='ltr'><strong>in</strong></span> <span class='ocrx_word' id='word_1_185' title='bbox 1683 2330 1908 2385; x_wconf 90' lang='lat' dir='ltr'><strong>corpore</strong></span> <span class='ocrx_word' id='word_1_186' title='bbox 1932 2319 2146 2372; x_wconf 87' lang='lat' dir='ltr'><strong>mortali</strong></span> <span class='ocrx_word' id='word_1_187' title='bbox 2183 2335 2275 2374; x_wconf 91' lang='lat' dir='ltr'><strong>ve-</strong></span> 
     </span>
    </p>
   </div>
   <div class='ocr_carea' id='block_1_25' title="bbox 717 2402 2274 2475">
    <p class='ocr_par' dir='ltr' id='par_1_25' title="bbox 717 2402 2274 2475">
     <span class='ocr_line' id='line_1_25' title="bbox 717 2402 2274 2475; baseline 0.008 -21"><span class='ocrx_word' id='word_1_188' title='bbox 717 2409 832 2455; x_wconf 81' lang='lat' dir='ltr'><strong>stro</strong></span> <span class='ocrx_word' id='word_1_189' title='bbox 869 2402 935 2456; x_wconf 92' lang='lat' dir='ltr'><strong>ad</strong></span> <span class='ocrx_word' id='word_1_190' title='bbox 969 2404 1321 2458; x_wconf 87' lang='lat' dir='ltr'><strong>obediendum</strong></span> <span class='ocrx_word' id='word_1_191' title='bbox 1366 2406 1451 2469; x_wconf 91' lang='lat' dir='ltr'><strong>ei;</strong></span> <span class='ocrx_word' id='word_1_192' title='bbox 1495 2419 1666 2475; x_wconf 90' lang='lat' dir='ltr'><strong>neque</strong></span> <span class='ocrx_word' id='word_1_193' title='bbox 1708 2409 2010 2465; x_wconf 87' lang='lat' dir='ltr'><strong>exhibeatis</strong></span> <span class='ocrx_word' id='word_1_194' title='bbox 2038 2412 2274 2466; x_wconf 89' lang='lat' dir='ltr'><strong>membra</strong></span> 
     </span>
    </p>
   </div>
   <div class='ocr_carea' id='block_1_26' title="bbox 715 2496 2276 2567">
    <p class='ocr_par' dir='ltr' id='par_1_26' title="bbox 715 2496 2276 2567">
     <span class='ocr_line' id='line_1_26' title="bbox 715 2496 2276 2567; baseline 0.008 -22"><span class='ocrx_word' id='word_1_195' title='bbox 715 2501 896 2546; x_wconf 89' lang='lat' dir='ltr'><strong>vestra</strong></span> <span class='ocrx_word' id='word_1_196' title='bbox 923 2509 1070 2548; x_wconf 91' lang='lat' dir='ltr'><strong>arma</strong></span> <span class='ocrx_word' id='word_1_197' title='bbox 1097 2496 1371 2565; x_wconf 70' lang='lat' dir='ltr'><strong>injustitite</strong></span> <span class='ocrx_word' id='word_1_198' title='bbox 1393 2508 1632 2567; x_wconf 90' lang='lat' dir='ltr'><strong>peccato;</strong></span> <span class='ocrx_word' id='word_1_199' title='bbox 1653 2500 1744 2555; x_wconf 89' lang='lat' dir='ltr'><strong>sed</strong></span> <span class='ocrx_word' id='word_1_200' title='bbox 1769 2501 2015 2557; x_wconf 78' lang='lat' dir='ltr'><strong>exhibete</strong></span> <span class='ocrx_word' id='word_1_201' title='bbox 2042 2514 2276 2558; x_wconf 87' lang='lat' dir='ltr'><strong>vosmet-</strong></span> 
     </span>
    </p>
   </div>
   <div class='ocr_carea' id='block_1_27' title="bbox 715 2588 2272 2662">
    <p class='ocr_par' dir='ltr' id='par_1_27' title="bbox 715 2588 2272 2662">
     <span class='ocr_line' id='line_1_27' title="bbox 715 2588 2272 2662; baseline 0.01 -21"><span class='ocrx_word' id='word_1_202' title='bbox 715 2588 861 2656; x_wconf 85' lang='lat' dir='ltr'><strong>ipsos</strong></span> <span class='ocrx_word' id='word_1_203' title='bbox 916 2590 1057 2654; x_wconf 91' lang='lat' dir='ltr'><strong>Deo,</strong></span> <span class='ocrx_word' id='word_1_204' title='bbox 1092 2591 1234 2644; x_wconf 88' lang='lat' dir='ltr'><strong>velut</strong></span> <span class='ocrx_word' id='word_1_205' title='bbox 1271 2607 1300 2645; x_wconf 91' lang='lat' dir='ltr'><strong>a</strong></span> <span class='ocrx_word' id='word_1_206' title='bbox 1339 2595 1569 2648; x_wconf 87' lang='lat' dir='ltr'><strong>mortuis</strong></span> <span class='ocrx_word' id='word_1_207' title='bbox 1608 2596 1850 2651; x_wconf 78' lang='lat' dir='ltr'><strong>viventes</strong></span> <span class='ocrx_word' id='word_1_208' title='bbox 1874 2638 1888 2662; x_wconf 92' lang='lat'><strong>,</strong></span> <span class='ocrx_word' id='word_1_209' title='bbox 1936 2608 1990 2653; x_wconf 92' lang='lat' dir='ltr'><strong>et</strong></span> <span class='ocrx_word' id='word_1_210' title='bbox 2031 2601 2272 2656; x_wconf 88' lang='lat' dir='ltr'><strong>membra</strong></span> 
     </span>
    </p>
   </div>
   <div class='ocr_carea' id='block_1_28' title="bbox 712 2682 2271 2759">
    <p class='ocr_par' dir='ltr' id='par_1_28' title="bbox 712 2682 2271 2759">
     <span class='ocr_line' id='line_1_28' title="bbox 712 2682 2271 2759; baseline 0.012 -29"><span class='ocrx_word' id='word_1_211' title='bbox 712 2689 890 2734; x_wconf 79' lang='lat' dir='ltr'><strong>vestra</strong></span> <span class='ocrx_word' id='word_1_212' title='bbox 927 2697 1074 2735; x_wconf 90' lang='lat' dir='ltr'><strong>arma</strong></span> <span class='ocrx_word' id='word_1_213' title='bbox 1104 2682 1330 2752; x_wconf 73' lang='lat' dir='ltr'><strong>justitiae</strong></span> <span class='ocrx_word' id='word_1_214' title='bbox 1363 2683 1471 2740; x_wconf 87' lang='lat' dir='ltr'><strong>Deo</strong></span> <span class='ocrx_word' id='word_1_215' title='bbox 1504 2686 1568 2739; x_wconf 76' lang='grc'><strong>⁸³.</strong></span> <span class='ocrx_word' id='word_1_216' title='bbox 1609 2705 1627 2739; x_wconf 85' lang='grc'>›</span> <span class='ocrx_word' id='word_1_217' title='bbox 1662 2687 1867 2754; x_wconf 87' lang='lat' dir='ltr'><strong>Quibus</strong></span> <span class='ocrx_word' id='word_1_218' title='bbox 1897 2691 2056 2759; x_wconf 78' lang='lat' dir='ltr'><strong>igitur</strong></span> <span class='ocrx_word' id='word_1_219' title='bbox 2101 2708 2271 2747; x_wconf 88' lang='lat' dir='ltr'><strong>mem-</strong></span> 
     </span>
    </p>
   </div>
   <div class='ocr_carea' id='block_1_29' title="bbox 711 2773 2266 2852">
    <p class='ocr_par' dir='ltr' id='par_1_29' title="bbox 711 2773 2266 2852">
     <span class='ocr_line' id='line_1_29' title="bbox 711 2773 2266 2852; baseline 0.009 -26"><span class='ocrx_word' id='word_1_220' title='bbox 711 2773 826 2827; x_wconf 87' lang='lat' dir='ltr'><strong>bris</strong></span> <span class='ocrx_word' id='word_1_221' title='bbox 859 2775 1228 2830; x_wconf 77' lang='lat' dir='ltr'><strong>serviebamus</strong></span> <span class='ocrx_word' id='word_1_222' title='bbox 1255 2788 1494 2845; x_wconf 87' lang='lat' dir='ltr'><strong>peccato,</strong></span> <span class='ocrx_word' id='word_1_223' title='bbox 1519 2785 1574 2831; x_wconf 91' lang='lat' dir='ltr'><strong>et</strong></span> <span class='ocrx_word' id='word_1_224' title='bbox 1596 2778 2059 2836; x_wconf 84' lang='lat' dir='ltr'><strong>fructificabamus</strong></span> <span class='ocrx_word' id='word_1_225' title='bbox 2086 2787 2266 2852; x_wconf 86' lang='lat' dir='ltr'><strong>morti,</strong></span> 
     </span>
    </p>
   </div>
   <div class='ocr_carea' id='block_1_30' title="bbox 712 2864 2267 2943">
    <p class='ocr_par' dir='ltr' id='par_1_30' title="bbox 712 2864 2267 2943">
     <span class='ocr_line' id='line_1_30' title="bbox 712 2864 2267 2943; baseline 0.009 -26"><span class='ocrx_word' id='word_1_226' title='bbox 712 2864 900 2918; x_wconf 87' lang='lat' dir='ltr'><strong>iisdem</strong></span> <span class='ocrx_word' id='word_1_227' title='bbox 932 2866 1061 2932; x_wconf 86' lang='lat' dir='ltr'><strong>ipsis</strong></span> <span class='ocrx_word' id='word_1_228' title='bbox 1096 2868 1356 2922; x_wconf 88' lang='lat' dir='ltr'><strong>membris</strong></span> <span class='ocrx_word' id='word_1_229' title='bbox 1387 2869 1596 2923; x_wconf 81' lang='lat' dir='ltr'><strong>servire</strong></span> <span class='ocrx_word' id='word_1_230' title='bbox 1629 2884 1728 2925; x_wconf 90' lang='lat' dir='ltr'><strong>nos</strong></span> <span class='ocrx_word' id='word_1_231' title='bbox 1774 2872 1882 2925; x_wconf 88' lang='lat' dir='ltr'><strong>vult</strong></span> <span class='ocrx_word' id='word_1_232' title='bbox 1923 2873 2176 2943; x_wconf 65' lang='lat' dir='ltr'><strong>justitiar,</strong></span> <span class='ocrx_word' id='word_1_233' title='bbox 2199 2891 2267 2932; x_wconf 82' lang='grc' dir='ltr'><strong>-ιιι</strong></span> 
     </span>
    </p>
   </div>
   <div class='ocr_carea' id='block_1_31' title="bbox 708 2956 2264 3033">
    <p class='ocr_par' dir='ltr' id='par_1_31' title="bbox 708 2956 2264 3033">
     <span class='ocr_line' id='line_1_31' title="bbox 708 2956 2264 3033; baseline 0.009 -23"><span class='ocrx_word' id='word_1_234' title='bbox 708 2956 1106 3014; x_wconf 82' lang='lat' dir='ltr'><strong>fructiﬁcemus</strong></span> <span class='ocrx_word' id='word_1_235' title='bbox 1137 2959 1262 3013; x_wconf 69' lang='lat' dir='ltr'><strong>vita:</strong></span> <span class='ocrx_word' id='word_1_236' title='bbox 1305 2961 1369 3014; x_wconf 79' lang='lat'><strong>“.</strong></span> <span class='ocrx_word' id='word_1_237' title='bbox 1404 2960 1609 3016; x_wconf 87' lang='lat' dir='ltr'><strong>Memor</strong></span> <span class='ocrx_word' id='word_1_238' title='bbox 1639 2963 1805 3033; x_wconf 79' lang='lat' dir='ltr'><strong>igitur</strong></span> <span class='ocrx_word' id='word_1_239' title='bbox 1830 3005 1844 3030; x_wconf 96' lang='lat'><strong>,</strong></span> <span class='ocrx_word' id='word_1_240' title='bbox 1878 2965 2225 3024; x_wconf 89' lang='lat' dir='ltr'><strong>dilectissime</strong></span> <span class='ocrx_word' id='word_1_241' title='bbox 2249 3006 2264 3033; x_wconf 91' lang='lat'><strong>,</strong></span> 
     </span>
    </p>
   </div>
   <div class='ocr_carea' id='block_1_32' title="bbox 706 3043 2265 3122">
    <p class='ocr_par' dir='ltr' id='par_1_32' title="bbox 706 3043 2265 3122">
     <span class='ocr_line' id='line_1_32' title="bbox 706 3043 2265 3122; baseline 0.012 -27"><span class='ocrx_word' id='word_1_242' title='bbox 706 3043 959 3111; x_wconf 89' lang='lat' dir='ltr'><strong>quoniam</strong></span> <span class='ocrx_word' id='word_1_243' title='bbox 985 3060 1151 3101; x_wconf 86' lang='lat' dir='ltr'><strong>carne</strong></span> <span class='ocrx_word' id='word_1_244' title='bbox 1182 3046 1394 3103; x_wconf 89' lang='lat' dir='ltr'><strong>Domini</strong></span> <span class='ocrx_word' id='word_1_245' title='bbox 1425 3051 1596 3106; x_wconf 90' lang='lat' dir='ltr'><strong>nostri</strong></span> <span class='ocrx_word' id='word_1_246' title='bbox 1623 3053 1929 3122; x_wconf 89' lang='lat' dir='ltr'><strong>redemptus</strong></span> <span class='ocrx_word' id='word_1_247' title='bbox 1950 3069 2032 3122; x_wconf 89' lang='lat' dir='ltr'><strong>es,</strong></span> <span class='ocrx_word' id='word_1_248' title='bbox 2057 3071 2111 3111; x_wconf 84' lang='lat' dir='ltr'><strong>et</strong></span> <span class='ocrx_word' id='word_1_249' title='bbox 2137 3073 2265 3113; x_wconf 83' lang='lat' dir='ltr'><strong>san-</strong></span> 
     </span>
    </p>
   </div>
   <div class='ocr_carea' id='block_1_33' title="bbox 2405 561 3946 630">
    <p class='ocr_par' dir='ltr' id='par_1_33' title="bbox 2405 561 3946 630">
     <span class='ocr_line' id='line_1_33' title="bbox 2405 561 3946 630; baseline 0.006 -19"><span class='ocrx_word' id='word_1_250' title='bbox 2405 575 2503 616; x_wconf 86' lang='lat' dir='ltr'><strong>vos</strong></span> <span class='ocrx_word' id='word_1_251' title='bbox 2531 561 2828 618; x_wconf 88' lang='lat' dir='ltr'><strong>advocabo.</strong></span> <span class='ocrx_word' id='word_1_252' title='bbox 2861 570 2916 615; x_wconf 89' lang='lat' dir='ltr'><strong>et</strong></span> <span class='ocrx_word' id='word_1_253' title='bbox 2946 562 3000 615; x_wconf 90' lang='lat' dir='ltr'><strong>in</strong></span> <span class='ocrx_word' id='word_1_254' title='bbox 3032 561 3332 617; x_wconf 77' lang='lat' dir='ltr'><strong>Jerusalem</strong></span> <span class='ocrx_word' id='word_1_255' title='bbox 3359 565 3777 630; x_wconf 87' lang='lat' dir='ltr'><strong>advocabimini,</strong></span> <span class='ocrx_word' id='word_1_256' title='bbox 3807 575 3861 620; x_wconf 91' lang='lat' dir='ltr'><strong>et</strong></span> <span class='ocrx_word' id='word_1_257' title='bbox 3894 568 3946 621; x_wconf 74' lang='lat' dir='ltr'><strong>vi</strong></span> 
     </span>
    </p>
   </div>
   <div class='ocr_carea' id='block_1_34' title="bbox 2404 650 3964 722">
    <p class='ocr_par' dir='ltr' id='par_1_34' title="bbox 2404 650 3964 722">
     <span class='ocr_line' id='line_1_34' title="bbox 2404 650 3964 722; baseline 0.008 -18"><span class='ocrx_word' id='word_1_258' title='bbox 2404 650 2624 717; x_wconf 83' lang='lat' dir='ltr'><strong>debitis,</strong></span> <span class='ocrx_word' id='word_1_259' title='bbox 2659 661 2712 707; x_wconf 87' lang='lat' dir='ltr'><strong>et</strong></span> <span class='ocrx_word' id='word_1_260' title='bbox 2745 653 3103 722; x_wconf 76' lang='lat' dir='ltr'><strong>gratulabitur</strong></span> <span class='ocrx_word' id='word_1_261' title='bbox 3130 671 3226 710; x_wconf 86' lang='lat' dir='ltr'><strong>cor</strong></span> <span class='ocrx_word' id='word_1_262' title='bbox 3255 666 3520 720; x_wconf 88' lang='lat' dir='ltr'><strong>vestrum,</strong></span> <span class='ocrx_word' id='word_1_263' title='bbox 3549 667 3602 712; x_wconf 92' lang='lat' dir='ltr'><strong>et</strong></span> <span class='ocrx_word' id='word_1_264' title='bbox 3639 674 3758 713; x_wconf 86' lang='lat' dir='ltr'><strong>ossa</strong></span> <span class='ocrx_word' id='word_1_265' title='bbox 3786 667 3964 716; x_wconf 76' lang='lat' dir='ltr'><strong>vestra</strong></span> 
     </span>
    </p>
   </div>
   <div class='ocr_carea' id='block_1_35' title="bbox 2402 741 3963 816">
    <p class='ocr_par' dir='ltr' id='par_1_35' title="bbox 2402 741 3963 816">
     <span class='ocr_line' id='line_1_35' title="bbox 2402 741 3963 816; baseline 0.006 -23"><span class='ocrx_word' id='word_1_266' title='bbox 2402 743 2555 809; x_wconf 89' lang='lat' dir='ltr'><strong>quasi</strong></span> <span class='ocrx_word' id='word_1_267' title='bbox 2584 741 2753 796; x_wconf 89' lang='lat' dir='ltr'><strong>herba</strong></span> <span class='ocrx_word' id='word_1_268' title='bbox 2786 744 3051 809; x_wconf 88' lang='lat' dir='ltr'><strong>orientur,</strong></span> <span class='ocrx_word' id='word_1_269' title='bbox 3076 753 3131 799; x_wconf 90' lang='lat' dir='ltr'><strong>et</strong></span> <span class='ocrx_word' id='word_1_270' title='bbox 3155 756 3506 816; x_wconf 86' lang='lat' dir='ltr'><strong>cognoscetur</strong></span> <span class='ocrx_word' id='word_1_271' title='bbox 3527 764 3719 803; x_wconf 88' lang='lat' dir='ltr'><strong>manus</strong></span> <span class='ocrx_word' id='word_1_272' title='bbox 3746 749 3963 803; x_wconf 83' lang='lat' dir='ltr'><strong>Domini</strong></span> 
     </span>
    </p>
   </div>
   <div class='ocr_carea' id='block_1_36' title="bbox 2402 831 3959 910">
    <p class='ocr_par' dir='ltr' id='par_1_36' title="bbox 2402 831 3959 910">
     <span class='ocr_line' id='line_1_36' title="bbox 2402 831 3959 910; baseline 0.006 -26"><span class='ocrx_word' id='word_1_273' title='bbox 2402 831 2484 886; x_wconf 91' lang='lat' dir='ltr'><strong>his</strong></span> <span class='ocrx_word' id='word_1_274' title='bbox 2509 831 2599 901; x_wconf 91' lang='lat' dir='ltr'><strong>qui</strong></span> <span class='ocrx_word' id='word_1_275' title='bbox 2629 833 2814 888; x_wconf 89' lang='lat' dir='ltr'><strong>colunt</strong></span> <span class='ocrx_word' id='word_1_276' title='bbox 2840 849 2962 889; x_wconf 88' lang='lat' dir='ltr'><strong>eum</strong></span> <span class='ocrx_word' id='word_1_277' title='bbox 2990 834 3057 888; x_wconf 81' lang='grc'><strong>⁸⁸.</strong></span> <span class='ocrx_word' id='word_1_278' title='bbox 3095 855 3113 889; x_wconf 73' lang='grc' dir='ltr'><strong><em>ι</em></strong></span> <span class='ocrx_word' id='word_1_279' title='bbox 3149 836 3216 890; x_wconf 84' lang='grc' dir='ltr'><strong>Ει</strong></span> <span class='ocrx_word' id='word_1_280' title='bbox 3244 837 3689 894; x_wconf 80' lang='lat' dir='ltr'><strong>Ezechielautem</strong></span> <span class='ocrx_word' id='word_1_281' title='bbox 3710 841 3789 894; x_wconf 89' lang='lat' dir='ltr'><strong>sic</strong></span> <span class='ocrx_word' id='word_1_282' title='bbox 3810 840 3959 910; x_wconf 86' lang='lat' dir='ltr'><strong>(l6):</strong></span> 
     </span>
    </p>
   </div>
   <div class='ocr_carea' id='block_1_37' title="bbox 2405 924 3961 997">
    <p class='ocr_par' dir='ltr' id='par_1_37' title="bbox 2405 924 3961 997">
     <span class='ocr_line' id='line_1_37' title="bbox 2405 924 3961 997; baseline 0.009 -22"><span class='ocrx_word' id='word_1_283' title='bbox 2405 940 2424 974; x_wconf 82' lang='lat'><strong>1</strong></span> <span class='ocrx_word' id='word_1_284' title='bbox 2464 925 2531 978; x_wconf 82' lang='lat' dir='ltr'><strong>Et</strong></span> <span class='ocrx_word' id='word_1_285' title='bbox 2563 924 2704 980; x_wconf 86' lang='lat' dir='ltr'><strong>facta</strong></span> <span class='ocrx_word' id='word_1_286' title='bbox 2737 935 2819 981; x_wconf 85' lang='lat' dir='ltr'><strong>est</strong></span> <span class='ocrx_word' id='word_1_287' title='bbox 2850 942 3013 996; x_wconf 81' lang='lat' dir='ltr'><strong>super</strong></span> <span class='ocrx_word' id='word_1_288' title='bbox 3044 942 3130 982; x_wconf 91' lang='lat' dir='ltr'><strong>me</strong></span> <span class='ocrx_word' id='word_1_289' title='bbox 3178 946 3376 985; x_wconf 90' lang='lat' dir='ltr'><strong>manus</strong></span> <span class='ocrx_word' id='word_1_290' title='bbox 3418 931 3654 997; x_wconf 83' lang='lat' dir='ltr'><strong>Domini,</strong></span> <span class='ocrx_word' id='word_1_291' title='bbox 3679 940 3733 987; x_wconf 91' lang='lat' dir='ltr'><strong>et</strong></span> <span class='ocrx_word' id='word_1_292' title='bbox 3773 933 3961 988; x_wconf 89' lang='lat' dir='ltr'><strong>eduxit</strong></span> 
     </span>
    </p>
   </div>
   <div class='ocr_carea' id='block_1_38' title="bbox 2399 1013 3959 1091">
    <p class='ocr_par' dir='ltr' id='par_1_38' title="bbox 2399 1013 3959 1091">
     <span class='ocr_line' id='line_1_38' title="bbox 2399 1013 3959 1091; baseline 0.009 -26"><span class='ocrx_word' id='word_1_293' title='bbox 2399 1013 2512 1082; x_wconf 80' lang='grc' dir='ltr'><strong>(Π)</strong></span> <span class='ocrx_word' id='word_1_294' title='bbox 2540 1028 2624 1067; x_wconf 90' lang='lat' dir='ltr'><strong>me</strong></span> <span class='ocrx_word' id='word_1_295' title='bbox 2646 1015 2699 1069; x_wconf 92' lang='lat' dir='ltr'><strong>in</strong></span> <span class='ocrx_word' id='word_1_296' title='bbox 2742 1017 2934 1086; x_wconf 81' lang='lat' dir='ltr'><strong>spiritu</strong></span> <span class='ocrx_word' id='word_1_297' title='bbox 2963 1017 3246 1083; x_wconf 89' lang='lat' dir='ltr'><strong>Dominus,</strong></span> <span class='ocrx_word' id='word_1_298' title='bbox 3278 1031 3329 1073; x_wconf 90' lang='lat' dir='ltr'><strong>et</strong></span> <span class='ocrx_word' id='word_1_299' title='bbox 3358 1022 3538 1091; x_wconf 90' lang='lat' dir='ltr'><strong>posuit</strong></span> <span class='ocrx_word' id='word_1_300' title='bbox 3570 1037 3656 1076; x_wconf 92' lang='lat' dir='ltr'><strong>me</strong></span> <span class='ocrx_word' id='word_1_301' title='bbox 3695 1022 3748 1078; x_wconf 91' lang='lat' dir='ltr'><strong>in</strong></span> <span class='ocrx_word' id='word_1_302' title='bbox 3781 1025 3959 1079; x_wconf 88' lang='lat' dir='ltr'><strong>medio</strong></span> 
     </span>
    </p>
   </div>
   <div class='ocr_carea' id='block_1_39' title="bbox 2397 1107 3960 1181">
    <p class='ocr_par' dir='ltr' id='par_1_39' title="bbox 2397 1107 3960 1181">
     <span class='ocr_line' id='line_1_39' title="bbox 2397 1107 3960 1181; baseline 0.007 -21"><span class='ocrx_word' id='word_1_303' title='bbox 2397 1107 2599 1176; x_wconf 89' lang='lat' dir='ltr'><strong>campi,</strong></span> <span class='ocrx_word' id='word_1_304' title='bbox 2633 1118 2692 1162; x_wconf 88' lang='lat' dir='ltr'><strong>et</strong></span> <span class='ocrx_word' id='word_1_305' title='bbox 2725 1110 2812 1163; x_wconf 91' lang='lat' dir='ltr'><strong>hic</strong></span> <span class='ocrx_word' id='word_1_306' title='bbox 2845 1119 2963 1164; x_wconf 91' lang='lat' dir='ltr'><strong>erat</strong></span> <span class='ocrx_word' id='word_1_307' title='bbox 2988 1112 3180 1181; x_wconf 90' lang='lat' dir='ltr'><strong>plenus</strong></span> <span class='ocrx_word' id='word_1_308' title='bbox 3209 1115 3428 1168; x_wconf 84' lang='lat' dir='ltr'><strong>ossibus</strong></span> <span class='ocrx_word' id='word_1_309' title='bbox 3452 1155 3466 1180; x_wconf 91' lang='lat'><strong>,</strong></span> <span class='ocrx_word' id='word_1_310' title='bbox 3509 1125 3561 1169; x_wconf 91' lang='lat' dir='ltr'><strong>et</strong></span> <span class='ocrx_word' id='word_1_311' title='bbox 3595 1115 3960 1171; x_wconf 80' lang='lat' dir='ltr'><strong>circumduxit</strong></span> 
     </span>
    </p>
   </div>
   <div class='ocr_carea' id='block_1_40' title="bbox 2397 1202 3954 1275">
    <p class='ocr_par' dir='ltr' id='par_1_40' title="bbox 2397 1202 3954 1275">
     <span class='ocr_line' id='line_1_40' title="bbox 2397 1202 3954 1275; baseline 0.008 -24"><span class='ocrx_word' id='word_1_312' title='bbox 2397 1212 2482 1253; x_wconf 88' lang='lat' dir='ltr'><strong>me</strong></span> <span class='ocrx_word' id='word_1_313' title='bbox 2505 1213 2664 1268; x_wconf 88' lang='lat' dir='ltr'><strong>super</strong></span> <span class='ocrx_word' id='word_1_314' title='bbox 2693 1215 2754 1254; x_wconf 89' lang='lat' dir='ltr'><strong>ea</strong></span> <span class='ocrx_word' id='word_1_315' title='bbox 2786 1202 2836 1254; x_wconf 90' lang='lat' dir='ltr'><strong>in</strong></span> <span class='ocrx_word' id='word_1_316' title='bbox 2871 1203 3154 1258; x_wconf 85' lang='lat' dir='ltr'><strong>circuitum</strong></span> <span class='ocrx_word' id='word_1_317' title='bbox 3181 1206 3230 1259; x_wconf 91' lang='lat' dir='ltr'><strong>in</strong></span> <span class='ocrx_word' id='word_1_318' title='bbox 3249 1221 3381 1275; x_wconf 81' lang='lat' dir='ltr'><strong>gyro</strong></span> <span class='ocrx_word' id='word_1_319' title='bbox 3402 1208 3538 1273; x_wconf 83' lang='lat' dir='ltr'><strong>(l8),</strong></span> <span class='ocrx_word' id='word_1_320' title='bbox 3563 1217 3618 1260; x_wconf 94' lang='lat' dir='ltr'><strong>et</strong></span> <span class='ocrx_word' id='word_1_321' title='bbox 3643 1222 3768 1262; x_wconf 90' lang='lat' dir='ltr'><strong>ecce</strong></span> <span class='ocrx_word' id='word_1_322' title='bbox 3789 1210 3954 1264; x_wconf 87' lang='lat' dir='ltr'><strong>multa</strong></span> 
     </span>
    </p>
   </div>
   <div class='ocr_carea' id='block_1_41' title="bbox 2393 1290 3953 1363">
    <p class='ocr_par' dir='ltr' id='par_1_41' title="bbox 2393 1290 3953 1363">
     <span class='ocr_line' id='line_1_41' title="bbox 2393 1290 3953 1363; baseline 0.009 -21"><span class='ocrx_word' id='word_1_323' title='bbox 2393 1303 2560 1358; x_wconf 88' lang='lat' dir='ltr'><strong>super</strong></span> <span class='ocrx_word' id='word_1_324' title='bbox 2590 1290 2785 1346; x_wconf 88' lang='lat' dir='ltr'><strong>faciem</strong></span> <span class='ocrx_word' id='word_1_325' title='bbox 2818 1296 2996 1363; x_wconf 88' lang='lat' dir='ltr'><strong>campi</strong></span> <span class='ocrx_word' id='word_1_326' title='bbox 3042 1297 3193 1350; x_wconf 91' lang='lat' dir='ltr'><strong>arida</strong></span> <span class='ocrx_word' id='word_1_327' title='bbox 3236 1298 3406 1352; x_wconf 84' lang='lat' dir='ltr'><strong>valde.</strong></span> <span class='ocrx_word' id='word_1_328' title='bbox 3443 1299 3508 1351; x_wconf 88' lang='lat' dir='ltr'><strong>Et</strong></span> <span class='ocrx_word' id='word_1_329' title='bbox 3552 1299 3684 1354; x_wconf 83' lang='lat' dir='ltr'><strong>dixit</strong></span> <span class='ocrx_word' id='word_1_330' title='bbox 3721 1301 3786 1352; x_wconf 87' lang='lat' dir='ltr'><strong>ad</strong></span> <span class='ocrx_word' id='word_1_331' title='bbox 3818 1316 3903 1356; x_wconf 91' lang='lat' dir='ltr'><strong>me</strong></span> <span class='ocrx_word' id='word_1_332' title='bbox 3938 1316 3953 1355; x_wconf 90' lang='lat'><strong>:</strong></span> 
     </span>
    </p>
   </div>
   <div class='ocr_carea' id='block_1_42' title="bbox 2391 1378 3951 1458">
    <p class='ocr_par' dir='ltr' id='par_1_42' title="bbox 2391 1378 3951 1458">
     <span class='ocr_line' id='line_1_42' title="bbox 2391 1378 3951 1458; baseline 0.009 -25"><span class='ocrx_word' id='word_1_333' title='bbox 2391 1378 2492 1434; x_wconf 87' lang='lat' dir='ltr'><strong>Fili</strong></span> <span class='ocrx_word' id='word_1_334' title='bbox 2525 1381 2780 1448; x_wconf 86' lang='lat' dir='ltr'><strong>hominis,</strong></span> <span class='ocrx_word' id='word_1_335' title='bbox 2811 1385 2854 1437; x_wconf 92' lang='lat' dir='ltr'><strong>si</strong></span> <span class='ocrx_word' id='word_1_336' title='bbox 2881 1387 3071 1439; x_wconf 82' lang='lat' dir='ltr'><strong>vivunt</strong></span> <span class='ocrx_word' id='word_1_337' title='bbox 3102 1403 3222 1443; x_wconf 87' lang='lat' dir='ltr'><strong>ossa</strong></span> <span class='ocrx_word' id='word_1_338' title='bbox 3250 1388 3400 1443; x_wconf 67' lang='lat' dir='ltr'><strong>haec?</strong></span> <span class='ocrx_word' id='word_1_339' title='bbox 3431 1388 3493 1443; x_wconf 80' lang='lat' dir='ltr'><strong>Et</strong></span> <span class='ocrx_word' id='word_1_340' title='bbox 3530 1391 3639 1444; x_wconf 89' lang='lat' dir='ltr'><strong>dixi</strong></span> <span class='ocrx_word' id='word_1_341' title='bbox 3668 1389 3951 1458; x_wconf 83' lang='lat' dir='ltr'><strong>:Domine,</strong></span> 
     </span>
    </p>
   </div>
   <div class='ocr_carea' id='block_1_43' title="bbox 2393 1470 3940 1546">
    <p class='ocr_par' dir='ltr' id='par_1_43' title="bbox 2393 1470 3940 1546">
     <span class='ocr_line' id='line_1_43' title="bbox 2393 1470 3940 1546; baseline 0.01 -24"><span class='ocrx_word' id='word_1_342' title='bbox 2393 1478 2450 1522; x_wconf 90' lang='lat' dir='ltr'><strong>tu</strong></span> <span class='ocrx_word' id='word_1_343' title='bbox 2482 1470 2613 1536; x_wconf 89' lang='lat' dir='ltr'><strong>scis,</strong></span> <span class='ocrx_word' id='word_1_344' title='bbox 2649 1474 2737 1540; x_wconf 90' lang='lat' dir='ltr'><strong>qui</strong></span> <span class='ocrx_word' id='word_1_345' title='bbox 2775 1471 2954 1528; x_wconf 77' lang='lat' dir='ltr'><strong>fecisti</strong></span> <span class='ocrx_word' id='word_1_346' title='bbox 2984 1475 3095 1546; x_wconf 79' lang='lat' dir='ltr'><strong>(I9)</strong></span> <span class='ocrx_word' id='word_1_347' title='bbox 3122 1478 3252 1531; x_wconf 68' lang='lat' dir='ltr'><strong>hare.</strong></span> <span class='ocrx_word' id='word_1_348' title='bbox 3286 1479 3349 1532; x_wconf 82' lang='lat' dir='ltr'><strong>Et</strong></span> <span class='ocrx_word' id='word_1_349' title='bbox 3377 1479 3515 1533; x_wconf 80' lang='lat' dir='ltr'><strong>dixit</strong></span> <span class='ocrx_word' id='word_1_350' title='bbox 3551 1483 3616 1534; x_wconf 90' lang='lat' dir='ltr'><strong>ad</strong></span> <span class='ocrx_word' id='word_1_351' title='bbox 3650 1497 3736 1536; x_wconf 90' lang='lat' dir='ltr'><strong>me</strong></span> <span class='ocrx_word' id='word_1_352' title='bbox 3769 1497 3783 1536; x_wconf 90' lang='lat'><strong>:</strong></span> <span class='ocrx_word' id='word_1_353' title='bbox 3816 1481 3940 1536; x_wconf 82' lang='lat' dir='ltr'><strong>Pro-</strong></span> 
     </span>
    </p>
   </div>
   <div class='ocr_carea' id='block_1_44' title="bbox 2388 1562 3954 1640">
    <p class='ocr_par' dir='ltr' id='par_1_44' title="bbox 2388 1562 3954 1640">
     <span class='ocr_line' id='line_1_44' title="bbox 2388 1562 3954 1640; baseline 0.008 -25"><span class='ocrx_word' id='word_1_354' title='bbox 2388 1562 2614 1632; x_wconf 90' lang='lat' dir='ltr'><strong>phetare</strong></span> <span class='ocrx_word' id='word_1_355' title='bbox 2650 1579 2812 1633; x_wconf 88' lang='lat' dir='ltr'><strong>super</strong></span> <span class='ocrx_word' id='word_1_356' title='bbox 2854 1583 2976 1621; x_wconf 87' lang='lat' dir='ltr'><strong>ossa</strong></span> <span class='ocrx_word' id='word_1_357' title='bbox 3013 1569 3149 1634; x_wconf 73' lang='lat' dir='ltr'><strong>haec,</strong></span> <span class='ocrx_word' id='word_1_358' title='bbox 3179 1581 3232 1624; x_wconf 92' lang='lat' dir='ltr'><strong>et</strong></span> <span class='ocrx_word' id='word_1_359' title='bbox 3264 1571 3410 1625; x_wconf 89' lang='lat' dir='ltr'><strong>dices</strong></span> <span class='ocrx_word' id='word_1_360' title='bbox 3438 1573 3555 1625; x_wconf 89' lang='lat' dir='ltr'><strong>eis:</strong></span> <span class='ocrx_word' id='word_1_361' title='bbox 3589 1571 3722 1626; x_wconf 88' lang='lat' dir='ltr'><strong>Ossa</strong></span> <span class='ocrx_word' id='word_1_362' title='bbox 3765 1574 3912 1627; x_wconf 88' lang='lat' dir='ltr'><strong>arida</strong></span> <span class='ocrx_word' id='word_1_363' title='bbox 3936 1615 3954 1640; x_wconf 92' lang='lat'><strong>,</strong></span> 
     </span>
    </p>
   </div>
   <div class='ocr_carea' id='block_1_45' title="bbox 2389 1655 3953 1721">
    <p class='ocr_par' dir='ltr' id='par_1_45' title="bbox 2389 1655 3953 1721">
     <span class='ocr_line' id='line_1_45' title="bbox 2389 1655 3953 1721; baseline 0.008 -16"><span class='ocrx_word' id='word_1_364' title='bbox 2389 1655 2571 1710; x_wconf 89' lang='lat' dir='ltr'><strong>audite</strong></span> <span class='ocrx_word' id='word_1_365' title='bbox 2597 1670 2906 1712; x_wconf 87' lang='lat' dir='ltr'><strong>sermonem</strong></span> <span class='ocrx_word' id='word_1_366' title='bbox 2942 1661 3174 1717; x_wconf 86' lang='lat' dir='ltr'><strong>Domini.</strong></span> <span class='ocrx_word' id='word_1_367' title='bbox 3217 1661 3339 1716; x_wconf 72' lang='lat' dir='ltr'><strong>Haec</strong></span> <span class='ocrx_word' id='word_1_368' title='bbox 3371 1664 3502 1718; x_wconf 87' lang='lat' dir='ltr'><strong>dicit</strong></span> <span class='ocrx_word' id='word_1_369' title='bbox 3536 1665 3793 1720; x_wconf 88' lang='lat' dir='ltr'><strong>Dominus</strong></span> <span class='ocrx_word' id='word_1_370' title='bbox 3811 1667 3953 1721; x_wconf 88' lang='lat' dir='ltr'><strong>essi-</strong></span> 
     </span>
    </p>
   </div>
   <div class='ocr_carea' id='block_1_46' title="bbox 2387 1746 3952 1827">
    <p class='ocr_par' dir='ltr' id='par_1_46' title="bbox 2387 1746 3952 1827">
     <span class='ocr_line' id='line_1_46' title="bbox 2387 1746 3952 1827; baseline 0.008 -28"><span class='ocrx_word' id='word_1_371' title='bbox 2387 1746 2487 1801; x_wconf 91' lang='lat' dir='ltr'><strong>bus</strong></span> <span class='ocrx_word' id='word_1_372' title='bbox 2526 1747 2608 1802; x_wconf 88' lang='lat' dir='ltr'><strong>his</strong></span> <span class='ocrx_word' id='word_1_373' title='bbox 2639 1767 2652 1802; x_wconf 87' lang='lat'><strong>:</strong></span> <span class='ocrx_word' id='word_1_374' title='bbox 2684 1751 2823 1804; x_wconf 85' lang='lat' dir='ltr'><strong>Ecce</strong></span> <span class='ocrx_word' id='word_1_375' title='bbox 2877 1767 2978 1822; x_wconf 81' lang='lat' dir='ltr'><strong>ego</strong></span> <span class='ocrx_word' id='word_1_376' title='bbox 3026 1756 3326 1823; x_wconf 83' lang='lat' dir='ltr'><strong>superdueo</strong></span> <span class='ocrx_word' id='word_1_377' title='bbox 3367 1771 3529 1824; x_wconf 80' lang='lat' dir='ltr'><strong>super</strong></span> <span class='ocrx_word' id='word_1_378' title='bbox 3557 1772 3654 1810; x_wconf 88' lang='lat' dir='ltr'><strong>vos</strong></span> <span class='ocrx_word' id='word_1_379' title='bbox 3699 1758 3952 1827; x_wconf 87' lang='lat' dir='ltr'><strong>spiritum</strong></span> 
     </span>
    </p>
   </div>
   <div class='ocr_carea' id='block_1_47' title="bbox 2316 1823 3950 1918">
    <p class='ocr_par' dir='ltr' id='par_1_47' title="bbox 2316 1823 3950 1918">
     <span class='ocr_line' id='line_1_47' title="bbox 2316 1823 3950 1918; baseline 0.008 -25"><span class='ocrx_word' id='word_1_380' title='bbox 2316 1823 2359 1880; x_wconf 76' lang='grc' dir='ltr'>Β</span> <span class='ocrx_word' id='word_1_381' title='bbox 2387 1841 2534 1906; x_wconf 66' lang='lat' dir='ltr'><strong>vitae,</strong></span> <span class='ocrx_word' id='word_1_382' title='bbox 2566 1850 2617 1895; x_wconf 86' lang='lat' dir='ltr'><strong>et</strong></span> <span class='ocrx_word' id='word_1_383' title='bbox 2645 1843 2786 1896; x_wconf 85' lang='lat' dir='ltr'><strong>dabo</strong></span> <span class='ocrx_word' id='word_1_384' title='bbox 2815 1860 2978 1914; x_wconf 82' lang='lat' dir='ltr'><strong>super</strong></span> <span class='ocrx_word' id='word_1_385' title='bbox 3010 1862 3102 1901; x_wconf 84' lang='lat' dir='ltr'><strong>vos</strong></span> <span class='ocrx_word' id='word_1_386' title='bbox 3127 1862 3343 1912; x_wconf 82' lang='lat' dir='ltr'><strong>nervos,</strong></span> <span class='ocrx_word' id='word_1_387' title='bbox 3372 1856 3426 1901; x_wconf 86' lang='lat' dir='ltr'><strong>et</strong></span> <span class='ocrx_word' id='word_1_388' title='bbox 3456 1849 3655 1904; x_wconf 89' lang='lat' dir='ltr'><strong>reduco</strong></span> <span class='ocrx_word' id='word_1_389' title='bbox 3678 1865 3841 1918; x_wconf 88' lang='lat' dir='ltr'><strong>super</strong></span> <span class='ocrx_word' id='word_1_390' title='bbox 3855 1865 3950 1906; x_wconf 84' lang='lat' dir='ltr'><strong>vos</strong></span> 
     </span>
    </p>
   </div>
   <div class='ocr_carea' id='block_1_48' title="bbox 2386 1936 3952 2008">
    <p class='ocr_par' dir='ltr' id='par_1_48' title="bbox 2386 1936 3952 2008">
     <span class='ocr_line' id='line_1_48' title="bbox 2386 1936 3952 2008; baseline 0.006 -23"><span class='ocrx_word' id='word_1_391' title='bbox 2386 1945 2628 1999; x_wconf 87' lang='lat' dir='ltr'><strong>carnem,</strong></span> <span class='ocrx_word' id='word_1_392' title='bbox 2661 1945 2715 1989; x_wconf 88' lang='lat' dir='ltr'><strong>et</strong></span> <span class='ocrx_word' id='word_1_393' title='bbox 2735 1936 3023 1989; x_wconf 80' lang='lat' dir='ltr'><strong>extendam</strong></span> <span class='ocrx_word' id='word_1_394' title='bbox 3047 1951 3211 2006; x_wconf 89' lang='lat' dir='ltr'><strong>super</strong></span> <span class='ocrx_word' id='word_1_395' title='bbox 3235 1953 3326 1993; x_wconf 83' lang='lat' dir='ltr'><strong>vos</strong></span> <span class='ocrx_word' id='word_1_396' title='bbox 3349 1951 3553 2004; x_wconf 77' lang='lat' dir='ltr'><strong>cotem,</strong></span> <span class='ocrx_word' id='word_1_397' title='bbox 3586 1950 3639 1993; x_wconf 90' lang='lat' dir='ltr'><strong>et</strong></span> <span class='ocrx_word' id='word_1_398' title='bbox 3671 1939 3811 1995; x_wconf 92' lang='lat' dir='ltr'><strong>dabo</strong></span> <span class='ocrx_word' id='word_1_399' title='bbox 3835 1938 3952 2008; x_wconf 87' lang='lat' dir='ltr'><strong>spi-</strong></span> 
     </span>
    </p>
   </div>
   <div class='ocr_carea' id='block_1_49' title="bbox 2384 2026 3948 2102">
    <p class='ocr_par' dir='ltr' id='par_1_49' title="bbox 2384 2026 3948 2102">
     <span class='ocr_line' id='line_1_49' title="bbox 2384 2026 3948 2102; baseline 0.007 -24"><span class='ocrx_word' id='word_1_400' title='bbox 2384 2026 2552 2080; x_wconf 87' lang='lat' dir='ltr'><strong>ritum</strong></span> <span class='ocrx_word' id='word_1_401' title='bbox 2579 2042 2753 2081; x_wconf 88' lang='lat' dir='ltr'><strong>meum</strong></span> <span class='ocrx_word' id='word_1_402' title='bbox 2782 2028 2834 2082; x_wconf 87' lang='lat' dir='ltr'><strong>in</strong></span> <span class='ocrx_word' id='word_1_403' title='bbox 2866 2042 2983 2093; x_wconf 86' lang='lat' dir='ltr'><strong>vos,</strong></span> <span class='ocrx_word' id='word_1_404' title='bbox 3006 2038 3060 2082; x_wconf 92' lang='lat' dir='ltr'><strong>et</strong></span> <span class='ocrx_word' id='word_1_405' title='bbox 3090 2030 3282 2084; x_wconf 86' lang='lat' dir='ltr'><strong>vivetis</strong></span> <span class='ocrx_word' id='word_1_406' title='bbox 3303 2071 3317 2094; x_wconf 89' lang='lat'><strong>,</strong></span> <span class='ocrx_word' id='word_1_407' title='bbox 3350 2041 3404 2084; x_wconf 93' lang='lat' dir='ltr'><strong>et</strong></span> <span class='ocrx_word' id='word_1_408' title='bbox 3441 2032 3783 2102; x_wconf 83' lang='lat' dir='ltr'><strong>cognoscetis</strong></span> <span class='ocrx_word' id='word_1_409' title='bbox 3819 2035 3948 2102; x_wconf 84' lang='lat' dir='ltr'><strong>quia</strong></span> 
     </span>
    </p>
   </div>
   <div class='ocr_carea' id='block_1_50' title="bbox 2383 2113 3949 2198">
    <p class='ocr_par' dir='ltr' id='par_1_50' title="bbox 2383 2113 3949 2198">
     <span class='ocr_line' id='line_1_50' title="bbox 2383 2113 3949 2198; baseline 0.006 -25"><span class='ocrx_word' id='word_1_410' title='bbox 2383 2133 2483 2188; x_wconf 83' lang='lat' dir='ltr'><strong>ego</strong></span> <span class='ocrx_word' id='word_1_411' title='bbox 2513 2136 2634 2176; x_wconf 90' lang='lat' dir='ltr'><strong>sum</strong></span> <span class='ocrx_word' id='word_1_412' title='bbox 2679 2121 2959 2176; x_wconf 88' lang='lat' dir='ltr'><strong>Dominus.</strong></span> <span class='ocrx_word' id='word_1_413' title='bbox 3006 2122 3073 2176; x_wconf 86' lang='lat' dir='ltr'><strong>Et</strong></span> <span class='ocrx_word' id='word_1_414' title='bbox 3112 2113 3428 2194; x_wconf 83' lang='lat' dir='ltr'><strong>prophetavi</strong></span> <span class='ocrx_word' id='word_1_415' title='bbox 3457 2168 3471 2192; x_wconf 93' lang='lat'><strong>,</strong></span> <span class='ocrx_word' id='word_1_416' title='bbox 3521 2128 3660 2182; x_wconf 88' lang='lat' dir='ltr'><strong>sicut</strong></span> <span class='ocrx_word' id='word_1_417' title='bbox 3689 2130 3949 2198; x_wconf 69' lang='lat' dir='ltr'><strong>praecepit</strong></span> 
     </span>
    </p>
   </div>
   <div class='ocr_carea' id='block_1_51' title="bbox 2379 2212 3949 2288">
    <p class='ocr_par' dir='ltr' id='par_1_51' title="bbox 2379 2212 3949 2288">
     <span class='ocr_line' id='line_1_51' title="bbox 2379 2212 3949 2288; baseline 0.008 -24"><span class='ocrx_word' id='word_1_418' title='bbox 2379 2212 2514 2264; x_wconf 85' lang='lat' dir='ltr'><strong>mihi</strong></span> <span class='ocrx_word' id='word_1_419' title='bbox 2544 2212 2823 2267; x_wconf 89' lang='lat' dir='ltr'><strong>Dominus.</strong></span> <span class='ocrx_word' id='word_1_420' title='bbox 2854 2215 2916 2268; x_wconf 83' lang='lat' dir='ltr'><strong>Et</strong></span> <span class='ocrx_word' id='word_1_421' title='bbox 2951 2215 3156 2270; x_wconf 90' lang='lat' dir='ltr'><strong>factum</strong></span> <span class='ocrx_word' id='word_1_422' title='bbox 3182 2229 3263 2272; x_wconf 89' lang='lat' dir='ltr'><strong>est</strong></span> <span class='ocrx_word' id='word_1_423' title='bbox 3289 2233 3411 2272; x_wconf 90' lang='lat' dir='ltr'><strong>cum</strong></span> <span class='ocrx_word' id='word_1_424' title='bbox 3444 2221 3825 2288; x_wconf 84' lang='lat' dir='ltr'><strong>prophetarem</strong></span> <span class='ocrx_word' id='word_1_425' title='bbox 3848 2263 3862 2280; x_wconf 89' lang='lat'><strong>.</strong></span> <span class='ocrx_word' id='word_1_426' title='bbox 3890 2231 3949 2277; x_wconf 83' lang='lat' dir='ltr'><strong>et</strong></span> 
     </span>
    </p>
   </div>
   <div class='ocr_carea' id='block_1_52' title="bbox 2378 2310 3946 2384">
    <p class='ocr_par' dir='ltr' id='par_1_52' title="bbox 2378 2310 3946 2384">
     <span class='ocr_line' id='line_1_52' title="bbox 2378 2310 3946 2384; baseline 0.006 -28"><span class='ocrx_word' id='word_1_427' title='bbox 2378 2318 2508 2358; x_wconf 86' lang='lat' dir='ltr'><strong>ecce</strong></span> <span class='ocrx_word' id='word_1_428' title='bbox 2548 2317 2706 2360; x_wconf 67' lang='lat' dir='ltr'><strong>terrae</strong></span> <span class='ocrx_word' id='word_1_429' title='bbox 2729 2318 2924 2374; x_wconf 88' lang='lat' dir='ltr'><strong>motus,</strong></span> <span class='ocrx_word' id='word_1_430' title='bbox 2953 2319 3006 2362; x_wconf 89' lang='lat' dir='ltr'><strong>et</strong></span> <span class='ocrx_word' id='word_1_431' title='bbox 3029 2310 3438 2366; x_wconf 84' lang='lat' dir='ltr'><strong>adducebantur</strong></span> <span class='ocrx_word' id='word_1_432' title='bbox 3464 2329 3584 2369; x_wconf 89' lang='lat' dir='ltr'><strong>ossa</strong></span> <span class='ocrx_word' id='word_1_433' title='bbox 3606 2317 3946 2384; x_wconf 86' lang='lat' dir='ltr'><strong>unumquod-</strong></span> 
     </span>
    </p>
   </div>
   <div class='ocr_carea' id='block_1_53' title="bbox 2376 2401 3948 2477">
    <p class='ocr_par' dir='ltr' id='par_1_53' title="bbox 2376 2401 3948 2477">
     <span class='ocr_line' id='line_1_53' title="bbox 2376 2401 3948 2477; baseline 0.006 -25"><span class='ocrx_word' id='word_1_434' title='bbox 2376 2413 2484 2467; x_wconf 92' lang='lat' dir='ltr'><strong>que</strong></span> <span class='ocrx_word' id='word_1_435' title='bbox 2512 2401 2577 2452; x_wconf 89' lang='lat' dir='ltr'><strong>ad</strong></span> <span class='ocrx_word' id='word_1_436' title='bbox 2605 2404 2976 2471; x_wconf 84' lang='lat' dir='ltr'><strong>compaginem</strong></span> <span class='ocrx_word' id='word_1_437' title='bbox 3007 2417 3201 2471; x_wconf 88' lang='lat' dir='ltr'><strong>suam;</strong></span> <span class='ocrx_word' id='word_1_438' title='bbox 3246 2414 3298 2461; x_wconf 88' lang='lat' dir='ltr'><strong>et</strong></span> <span class='ocrx_word' id='word_1_439' title='bbox 3343 2406 3476 2475; x_wconf 89' lang='lat' dir='ltr'><strong>vidi,</strong></span> <span class='ocrx_word' id='word_1_440' title='bbox 3524 2419 3579 2460; x_wconf 90' lang='lat' dir='ltr'><strong>et</strong></span> <span class='ocrx_word' id='word_1_441' title='bbox 3617 2422 3742 2462; x_wconf 89' lang='lat' dir='ltr'><strong>ecce</strong></span> <span class='ocrx_word' id='word_1_442' title='bbox 3780 2423 3948 2477; x_wconf 87' lang='lat' dir='ltr'><strong>super</strong></span> 
     </span>
    </p>
   </div>
   <div class='ocr_carea' id='block_1_54' title="bbox 2378 2491 3948 2563">
    <p class='ocr_par' dir='ltr' id='par_1_54' title="bbox 2378 2491 3948 2563">
     <span class='ocr_line' id='line_1_54' title="bbox 2378 2491 3948 2563; baseline 0.007 -18"><span class='ocrx_word' id='word_1_443' title='bbox 2378 2504 2436 2545; x_wconf 85' lang='lat' dir='ltr'><strong>ea</strong></span> <span class='ocrx_word' id='word_1_444' title='bbox 2471 2491 2580 2562; x_wconf 71' lang='lat'><strong>(20)</strong></span> <span class='ocrx_word' id='word_1_445' title='bbox 2610 2494 2762 2547; x_wconf 86' lang='lat' dir='ltr'><strong>nervi</strong></span> <span class='ocrx_word' id='word_1_446' title='bbox 2791 2504 2840 2548; x_wconf 93' lang='lat' dir='ltr'><strong>et</strong></span> <span class='ocrx_word' id='word_1_447' title='bbox 2865 2509 3058 2549; x_wconf 88' lang='lat' dir='ltr'><strong>carnes</strong></span> <span class='ocrx_word' id='word_1_448' title='bbox 3089 2497 3472 2563; x_wconf 89' lang='lat' dir='ltr'><strong>nascebantur,</strong></span> <span class='ocrx_word' id='word_1_449' title='bbox 3498 2508 3553 2552; x_wconf 92' lang='lat' dir='ltr'><strong>et</strong></span> <span class='ocrx_word' id='word_1_450' title='bbox 3576 2503 3948 2556; x_wconf 85' lang='lat' dir='ltr'><strong>ascendebant</strong></span> 
     </span>
    </p>
   </div>
   <div class='ocr_carea' id='block_1_55' title="bbox 2374 2585 3938 2653">
    <p class='ocr_par' dir='ltr' id='par_1_55' title="bbox 2374 2585 3938 2653">
     <span class='ocr_line' id='line_1_55' title="bbox 2374 2585 3938 2653; baseline 0.003 -16"><span class='ocrx_word' id='word_1_451' title='bbox 2374 2597 2540 2649; x_wconf 83' lang='lat' dir='ltr'><strong>Super</strong></span> <span class='ocrx_word' id='word_1_452' title='bbox 2572 2598 2632 2636; x_wconf 89' lang='lat' dir='ltr'><strong>ea</strong></span> <span class='ocrx_word' id='word_1_453' title='bbox 2663 2594 2815 2637; x_wconf 88' lang='lat' dir='ltr'><strong>cutes</strong></span> <span class='ocrx_word' id='word_1_454' title='bbox 2850 2585 3104 2652; x_wconf 90' lang='lat' dir='ltr'><strong>desuper,</strong></span> <span class='ocrx_word' id='word_1_455' title='bbox 3137 2594 3190 2639; x_wconf 90' lang='lat' dir='ltr'><strong>et</strong></span> <span class='ocrx_word' id='word_1_456' title='bbox 3222 2586 3442 2653; x_wconf 85' lang='lat' dir='ltr'><strong>spiritus</strong></span> <span class='ocrx_word' id='word_1_457' title='bbox 3463 2603 3570 2640; x_wconf 90' lang='lat' dir='ltr'><strong>non</strong></span> <span class='ocrx_word' id='word_1_458' title='bbox 3600 2599 3721 2640; x_wconf 89' lang='lat' dir='ltr'><strong>erat</strong></span> <span class='ocrx_word' id='word_1_459' title='bbox 3751 2587 3803 2640; x_wconf 91' lang='lat' dir='ltr'><strong>in</strong></span> <span class='ocrx_word' id='word_1_460' title='bbox 3837 2590 3938 2642; x_wconf 91' lang='lat' dir='ltr'><strong>eis.</strong></span> 
     </span>
    </p>
   </div>
   <div class='ocr_carea' id='block_1_56' title="bbox 2374 2674 3935 2745">
    <p class='ocr_par' dir='ltr' id='par_1_56' title="bbox 2374 2674 3935 2745">
     <span class='ocr_line' id='line_1_56' title="bbox 2374 2674 3935 2745; baseline 0.001 -16"><span class='ocrx_word' id='word_1_461' title='bbox 2374 2674 2439 2729; x_wconf 85' lang='lat' dir='ltr'><strong>Et</strong></span> <span class='ocrx_word' id='word_1_462' title='bbox 2463 2675 2602 2728; x_wconf 88' lang='lat' dir='ltr'><strong>dixit</strong></span> <span class='ocrx_word' id='word_1_463' title='bbox 2627 2676 2691 2729; x_wconf 89' lang='lat' dir='ltr'><strong>ad</strong></span> <span class='ocrx_word' id='word_1_464' title='bbox 2716 2692 2798 2728; x_wconf 87' lang='lat' dir='ltr'><strong>me</strong></span> <span class='ocrx_word' id='word_1_465' title='bbox 2825 2693 2836 2727; x_wconf 93' lang='lat'><strong>:</strong></span> <span class='ocrx_word' id='word_1_466' title='bbox 2863 2676 2944 2728; x_wconf 84' lang='lat' dir='ltr'><strong>Ad</strong></span> <span class='ocrx_word' id='word_1_467' title='bbox 2974 2675 3220 2744; x_wconf 85' lang='lat' dir='ltr'><strong>spiritum</strong></span> <span class='ocrx_word' id='word_1_468' title='bbox 3252 2677 3537 2745; x_wconf 85' lang='lat' dir='ltr'><strong>propheta,</strong></span> <span class='ocrx_word' id='word_1_469' title='bbox 3566 2675 3637 2728; x_wconf 88' lang='lat' dir='ltr'><strong>fili</strong></span> <span class='ocrx_word' id='word_1_470' title='bbox 3678 2677 3935 2740; x_wconf 85' lang='lat' dir='ltr'><strong>hominis,</strong></span> 
     </span>
    </p>
   </div>
   <div class='ocr_carea' id='block_1_57' title="bbox 2372 2767 3943 2837">
    <p class='ocr_par' dir='ltr' id='par_1_57' title="bbox 2372 2767 3943 2837">
     <span class='ocr_line' id='line_1_57' title="bbox 2372 2767 3943 2837; baseline -0.002 -14"><span class='ocrx_word' id='word_1_471' title='bbox 2372 2778 2425 2823; x_wconf 88' lang='lat' dir='ltr'><strong>et</strong></span> <span class='ocrx_word' id='word_1_472' title='bbox 2477 2768 2564 2822; x_wconf 89' lang='lat' dir='ltr'><strong>die</strong></span> <span class='ocrx_word' id='word_1_473' title='bbox 2613 2767 2824 2836; x_wconf 90' lang='lat' dir='ltr'><strong>spiritui</strong></span> <span class='ocrx_word' id='word_1_474' title='bbox 2861 2781 2875 2820; x_wconf 91' lang='lat'><strong>:</strong></span> <span class='ocrx_word' id='word_1_475' title='bbox 2924 2767 3048 2821; x_wconf 65' lang='lat' dir='ltr'><strong>Haec</strong></span> <span class='ocrx_word' id='word_1_476' title='bbox 3094 2767 3228 2820; x_wconf 90' lang='lat' dir='ltr'><strong>dicit</strong></span> <span class='ocrx_word' id='word_1_477' title='bbox 3270 2767 3578 2822; x_wconf 89' lang='lat' dir='ltr'><strong>Dominus:</strong></span> <span class='ocrx_word' id='word_1_478' title='bbox 3615 2767 3657 2820; x_wconf 84' lang='lat' dir='ltr'><strong>A</strong></span> <span class='ocrx_word' id='word_1_479' title='bbox 3704 2777 3943 2837; x_wconf 75' lang='lat' dir='ltr'><strong>quatuor</strong></span> 
     </span>
    </p>
   </div>
   <div class='ocr_carea' id='block_1_58' title="bbox 2369 2858 3941 2927">
    <p class='ocr_par' dir='ltr' id='par_1_58' title="bbox 2369 2858 3941 2927">
     <span class='ocr_line' id='line_1_58' title="bbox 2369 2858 3941 2927; baseline 0 -13"><span class='ocrx_word' id='word_1_480' title='bbox 2369 2859 2651 2927; x_wconf 79' lang='lat' dir='ltr'><strong>Spiritibus</strong></span> <span class='ocrx_word' id='word_1_481' title='bbox 2683 2861 2842 2922; x_wconf 89' lang='lat' dir='ltr'><strong>veni,</strong></span> <span class='ocrx_word' id='word_1_482' title='bbox 2871 2871 2924 2913; x_wconf 87' lang='lat' dir='ltr'><strong>et</strong></span> <span class='ocrx_word' id='word_1_483' title='bbox 2971 2858 3179 2914; x_wconf 72' lang='lat' dir='ltr'><strong>insulﬂa</strong></span> <span class='ocrx_word' id='word_1_484' title='bbox 3212 2862 3264 2913; x_wconf 91' lang='lat' dir='ltr'><strong>in</strong></span> <span class='ocrx_word' id='word_1_485' title='bbox 3296 2870 3538 2915; x_wconf 89' lang='lat' dir='ltr'><strong>mortuos</strong></span> <span class='ocrx_word' id='word_1_486' title='bbox 3566 2861 3698 2914; x_wconf 89' lang='lat' dir='ltr'><strong>istos</strong></span> <span class='ocrx_word' id='word_1_487' title='bbox 3721 2900 3735 2925; x_wconf 96' lang='lat'><strong>,</strong></span> <span class='ocrx_word' id='word_1_488' title='bbox 3771 2869 3824 2915; x_wconf 90' lang='lat' dir='ltr'><strong>et</strong></span> <span class='ocrx_word' id='word_1_489' title='bbox 3855 2861 3941 2914; x_wconf 88' lang='lat' dir='ltr'><strong>vi-</strong></span> 
     </span>
    </p>
   </div>
   <div class='ocr_carea' id='block_1_59' title="bbox 2371 2950 3937 3020">
    <p class='ocr_par' dir='ltr' id='par_1_59' title="bbox 2371 2950 3937 3020">
     <span class='ocr_line' id='line_1_59' title="bbox 2371 2950 3937 3020; baseline -0.001 -14"><span class='ocrx_word' id='word_1_490' title='bbox 2371 2965 2524 3010; x_wconf 85' lang='lat' dir='ltr'><strong>vant.</strong></span> <span class='ocrx_word' id='word_1_491' title='bbox 2550 2952 2614 3006; x_wconf 87' lang='lat' dir='ltr'><strong>Et</strong></span> <span class='ocrx_word' id='word_1_492' title='bbox 2640 2950 2976 3020; x_wconf 88' lang='lat' dir='ltr'><strong>prophetavi,</strong></span> <span class='ocrx_word' id='word_1_493' title='bbox 3014 2952 3465 3019; x_wconf 88' lang='lat' dir='ltr'><strong>quemadmodum</strong></span> <span class='ocrx_word' id='word_1_494' title='bbox 3500 2950 3756 3019; x_wconf 65' lang='lat' dir='ltr'><strong>praecepit</strong></span> <span class='ocrx_word' id='word_1_495' title='bbox 3797 2950 3937 3004; x_wconf 88' lang='lat' dir='ltr'><strong>mihi</strong></span> 
     </span>
    </p>
   </div>
   <div class='ocr_carea' id='block_1_60' title="bbox 2371 3042 3939 3109">
    <p class='ocr_par' dir='ltr' id='par_1_60' title="bbox 2371 3042 3939 3109">
     <span class='ocr_line' id='line_1_60' title="bbox 2371 3042 3939 3109; baseline 0.001 -13"><span class='ocrx_word' id='word_1_496' title='bbox 2371 3045 2650 3108; x_wconf 87' lang='lat' dir='ltr'><strong>Dominus,</strong></span> <span class='ocrx_word' id='word_1_497' title='bbox 2682 3054 2734 3100; x_wconf 89' lang='lat' dir='ltr'><strong>et</strong></span> <span class='ocrx_word' id='word_1_498' title='bbox 2762 3044 2988 3096; x_wconf 88' lang='lat' dir='ltr'><strong>intravit</strong></span> <span class='ocrx_word' id='word_1_499' title='bbox 3012 3043 3063 3095; x_wconf 91' lang='lat' dir='ltr'><strong>in</strong></span> <span class='ocrx_word' id='word_1_500' title='bbox 3095 3057 3189 3096; x_wconf 89' lang='lat' dir='ltr'><strong>eos</strong></span> <span class='ocrx_word' id='word_1_501' title='bbox 3219 3042 3471 3109; x_wconf 87' lang='lat' dir='ltr'><strong>spiritus,</strong></span> <span class='ocrx_word' id='word_1_502' title='bbox 3497 3051 3550 3096; x_wconf 88' lang='lat' dir='ltr'><strong>et</strong></span> <span class='ocrx_word' id='word_1_503' title='bbox 3573 3043 3845 3101; x_wconf 81' lang='lat' dir='ltr'><strong>vixerunt.</strong></span> <span class='ocrx_word' id='word_1_504' title='bbox 3881 3051 3939 3097; x_wconf 86' lang='lat' dir='ltr'><strong>et</strong></span> 
     </span>
    </p>
   </div>
   <div class='ocr_carea' id='block_1_61' title="bbox 704 3134 3929 3226">
    <p class='ocr_par' dir='ltr' id='par_1_61' title="bbox 704 3134 3929 3226">
     <span class='ocr_line' id='line_1_61' title="bbox 704 3134 3929 3226; baseline -0.003 -30"><span class='ocrx_word' id='word_1_505' title='bbox 704 3136 867 3202; x_wconf 69' lang='lat' dir='ltr'><strong>snine</strong></span> <span class='ocrx_word' id='word_1_506' title='bbox 913 3137 1031 3208; x_wconf 84' lang='lat' dir='ltr'><strong>ejus</strong></span> <span class='ocrx_word' id='word_1_507' title='bbox 1081 3140 1414 3208; x_wconf 86' lang='lat' dir='ltr'><strong>redhibitus,</strong></span> <span class='ocrx_word' id='word_1_508' title='bbox 1457 3162 1474 3195; x_wconf 82' lang='lat'><strong>1</strong></span> <span class='ocrx_word' id='word_1_509' title='bbox 1521 3155 1576 3200; x_wconf 85' lang='lat' dir='ltr'><strong>et</strong></span> <span class='ocrx_word' id='word_1_510' title='bbox 1623 3154 1810 3203; x_wconf 78' lang='lat' dir='ltr'><strong>tenens</strong></span> <span class='ocrx_word' id='word_1_511' title='bbox 1836 3161 2026 3220; x_wconf 54' lang='lat' dir='ltr'><strong>caput,</strong></span> <span class='ocrx_word' id='word_1_512' title='bbox 2062 3170 2124 3209; x_wconf 70' lang='grc' dir='ltr'><strong>εχ</strong></span> <span class='ocrx_word' id='word_1_513' title='bbox 2160 3172 2265 3226; x_wconf 73' lang='lat' dir='ltr'><strong>quo</strong></span> <span class='ocrx_word' id='word_1_514' title='bbox 2292 3158 2334 3214; x_wconf 71' lang='grc' dir='ltr'><strong>ο</strong></span> <span class='ocrx_word' id='word_1_515' title='bbox 2371 3145 2637 3193; x_wconf 86' lang='lat' dir='ltr'><strong>steterunt</strong></span> <span class='ocrx_word' id='word_1_516' title='bbox 2664 3153 2827 3205; x_wconf 85' lang='lat' dir='ltr'><strong>supra</strong></span> <span class='ocrx_word' id='word_1_517' title='bbox 2850 3138 3013 3204; x_wconf 87' lang='lat' dir='ltr'><strong>pedes</strong></span> <span class='ocrx_word' id='word_1_518' title='bbox 3032 3151 3160 3189; x_wconf 88' lang='lat' dir='ltr'><strong>suos</strong></span> <span class='ocrx_word' id='word_1_519' title='bbox 3181 3134 3609 3189; x_wconf 84' lang='lat' dir='ltr'><strong>collectiomulta</strong></span> <span class='ocrx_word' id='word_1_520' title='bbox 3637 3135 3791 3186; x_wconf 81' lang='lat' dir='ltr'><strong>valde</strong></span> <span class='ocrx_word' id='word_1_521' title='bbox 3809 3136 3872 3187; x_wconf 83' lang='lat'><strong>&quot;.</strong></span> <span class='ocrx_word' id='word_1_522' title='bbox 3909 3151 3929 3185; x_wconf 74' lang='grc' dir='ltr'><strong><em>ι</em></strong></span> 
     </span>
    </p>
   </div>
   <div class='ocr_carea' id='block_1_62' title="bbox 705 3224 2264 3310">
    <p class='ocr_par' dir='ltr' id='par_1_62' title="bbox 705 3224 2264 3310">
     <span class='ocr_line' id='line_1_62' title="bbox 705 3224 2264 3310; baseline 0.015 -35"><span class='ocrx_word' id='word_1_523' title='bbox 705 3224 1020 3281; x_wconf 85' lang='lat' dir='ltr'><strong>universum</strong></span> <span class='ocrx_word' id='word_1_524' title='bbox 1064 3243 1257 3296; x_wconf 88' lang='lat' dir='ltr'><strong>corpus</strong></span> <span class='ocrx_word' id='word_1_525' title='bbox 1298 3249 1316 3282; x_wconf 70' lang='grc' dir='ltr'><strong><em>ι</em></strong></span> <span class='ocrx_word' id='word_1_526' title='bbox 1356 3229 1613 3288; x_wconf 68' lang='lat' dir='ltr'><strong>Ecclesiae</strong></span> <span class='ocrx_word' id='word_1_527' title='bbox 1644 3253 1662 3286; x_wconf 85' lang='lat'><strong>1</strong></span> <span class='ocrx_word' id='word_1_528' title='bbox 1700 3240 2129 3310; x_wconf 86' lang='lat' dir='ltr'><strong>compaginatum</strong></span> <span class='ocrx_word' id='word_1_529' title='bbox 2171 3224 2264 3298; x_wconf 80' lang='lat' dir='ltr'><strong>au-</strong></span> 
     </span>
    </p>
   </div>
   <div class='ocr_carea' id='block_1_63' title="bbox 703 3318 2261 3406">
    <p class='ocr_par' dir='ltr' id='par_1_63' title="bbox 703 3318 2261 3406">
     <span class='ocr_line' id='line_1_63' title="bbox 703 3318 2261 3406; baseline 0.015 -39"><span class='ocrx_word' id='word_1_530' title='bbox 703 3318 875 3385; x_wconf 86' lang='lat' dir='ltr'><strong>gescit</strong></span> <span class='ocrx_word' id='word_1_531' title='bbox 908 3319 976 3385; x_wconf 75' lang='grc'><strong>⁶⁸,</strong></span> <span class='ocrx_word' id='word_1_532' title='bbox 1013 3339 1032 3373; x_wconf 75' lang='grc' dir='ltr'><strong><em>ι</em></strong></span> <span class='ocrx_word' id='word_1_533' title='bbox 1077 3321 1181 3377; x_wconf 92' lang='lat' dir='ltr'><strong>hoc</strong></span> <span class='ocrx_word' id='word_1_534' title='bbox 1220 3335 1323 3390; x_wconf 90' lang='lat' dir='ltr'><strong>est,</strong></span> <span class='ocrx_word' id='word_1_535' title='bbox 1355 3327 1626 3381; x_wconf 88' lang='lat' dir='ltr'><strong>carnalem</strong></span> <span class='ocrx_word' id='word_1_536' title='bbox 1657 3330 1942 3385; x_wconf 89' lang='lat' dir='ltr'><strong>adventum</strong></span> <span class='ocrx_word' id='word_1_537' title='bbox 1979 3333 2098 3387; x_wconf 86' lang='lat' dir='ltr'><strong>Filii</strong></span> <span class='ocrx_word' id='word_1_538' title='bbox 2134 3336 2261 3406; x_wconf 90' lang='lat' dir='ltr'><strong>Dei,</strong></span> 
     </span>
    </p>
   </div>
   <div class='ocr_carea' id='block_1_64' title="bbox 701 3408 2264 3491">
    <p class='ocr_par' dir='ltr' id='par_1_64' title="bbox 701 3408 2264 3491">
     <span class='ocr_line' id='line_1_64' title="bbox 701 3408 2264 3491; baseline 0.012 -29"><span class='ocrx_word' id='word_1_539' title='bbox 701 3417 756 3462; x_wconf 94' lang='lat' dir='ltr'><strong>et</strong></span> <span class='ocrx_word' id='word_1_540' title='bbox 784 3408 954 3464; x_wconf 88' lang='lat' dir='ltr'><strong>Deum</strong></span> <span class='ocrx_word' id='word_1_541' title='bbox 984 3413 1250 3468; x_wconf 85' lang='lat' dir='ltr'><strong>confitens</strong></span> <span class='ocrx_word' id='word_1_542' title='bbox 1272 3455 1285 3479; x_wconf 92' lang='lat'><strong>,</strong></span> <span class='ocrx_word' id='word_1_543' title='bbox 1334 3426 1387 3470; x_wconf 92' lang='lat' dir='ltr'><strong>et</strong></span> <span class='ocrx_word' id='word_1_544' title='bbox 1416 3416 1686 3472; x_wconf 91' lang='lat' dir='ltr'><strong>hominem</strong></span> <span class='ocrx_word' id='word_1_545' title='bbox 1719 3420 1834 3489; x_wconf 89' lang='lat' dir='ltr'><strong>ejus</strong></span> <span class='ocrx_word' id='word_1_546' title='bbox 1873 3420 1986 3491; x_wconf 75' lang='lat' dir='ltr'><strong>(l4)</strong></span> <span class='ocrx_word' id='word_1_547' title='bbox 2036 3423 2264 3480; x_wconf 82' lang='lat' dir='ltr'><strong>ﬁrmiter</strong></span> 
     </span>
    </p>
   </div>
   <div class='ocr_carea' id='block_1_65' title="bbox 700 3499 2263 3583">
    <p class='ocr_par' dir='ltr' id='par_1_65' title="bbox 700 3499 2263 3583">
     <span class='ocr_line' id='line_1_65' title="bbox 700 3499 2263 3583; baseline 0.012 -31"><span class='ocrx_word' id='word_1_548' title='bbox 700 3499 1006 3570; x_wconf 76' lang='lat' dir='ltr'><strong>excipiens,</strong></span> <span class='ocrx_word' id='word_1_549' title='bbox 1031 3513 1190 3559; x_wconf 90' lang='lat' dir='ltr'><strong>utens</strong></span> <span class='ocrx_word' id='word_1_550' title='bbox 1220 3507 1382 3560; x_wconf 87' lang='lat' dir='ltr'><strong>etiam</strong></span> <span class='ocrx_word' id='word_1_551' title='bbox 1406 3508 1491 3562; x_wconf 91' lang='lat' dir='ltr'><strong>his</strong></span> <span class='ocrx_word' id='word_1_552' title='bbox 1522 3512 1950 3577; x_wconf 89' lang='lat' dir='ltr'><strong>ostensionibus,</strong></span> <span class='ocrx_word' id='word_1_553' title='bbox 1987 3530 2104 3583; x_wconf 75' lang='lat' dir='ltr'><strong>quae</strong></span> <span class='ocrx_word' id='word_1_554' title='bbox 2136 3526 2263 3572; x_wconf 90' lang='lat' dir='ltr'><strong>sunt</strong></span> 
     </span>
    </p>
   </div>
   <div class='ocr_carea' id='block_1_66' title="bbox 700 3594 2263 3672">
    <p class='ocr_par' dir='ltr' id='par_1_66' title="bbox 700 3594 2263 3672">
     <span class='ocr_line' id='line_1_66' title="bbox 700 3594 2263 3672; baseline 0.013 -28"><span class='ocrx_word' id='word_1_555' title='bbox 700 3607 769 3645; x_wconf 89' lang='lat' dir='ltr'><strong>ex</strong></span> <span class='ocrx_word' id='word_1_556' title='bbox 809 3594 1146 3663; x_wconf 90' lang='lat' dir='ltr'><strong>Scripturis,</strong></span> <span class='ocrx_word' id='word_1_557' title='bbox 1189 3596 1353 3652; x_wconf 81' lang='lat' dir='ltr'><strong>facile</strong></span> <span class='ocrx_word' id='word_1_558' title='bbox 1396 3602 1632 3667; x_wconf 80' lang='lat' dir='ltr'><strong>evertis,</strong></span> <span class='ocrx_word' id='word_1_559' title='bbox 1679 3605 2126 3672; x_wconf 84' lang='lat' dir='ltr'><strong>quemadmodum</strong></span> <span class='ocrx_word' id='word_1_560' title='bbox 2168 3608 2263 3664; x_wconf 90' lang='lat' dir='ltr'><strong>de-</strong></span> 
     </span>
    </p>
   </div>
   <div class='ocr_carea' id='block_1_67' title="bbox 699 3688 2257 3769">
    <p class='ocr_par' dir='ltr' id='par_1_67' title="bbox 699 3688 2257 3769">
     <span class='ocr_line' id='line_1_67' title="bbox 699 3688 2257 3769; baseline 0.012 -31"><span class='ocrx_word' id='word_1_561' title='bbox 699 3688 1141 3752; x_wconf 85' lang='lat' dir='ltr'><strong>monstravimus,</strong></span> <span class='ocrx_word' id='word_1_562' title='bbox 1179 3705 1371 3746; x_wconf 89' lang='lat' dir='ltr'><strong>omnes</strong></span> <span class='ocrx_word' id='word_1_563' title='bbox 1390 3708 1500 3760; x_wconf 90' lang='lat' dir='ltr'><strong>eas,</strong></span> <span class='ocrx_word' id='word_1_564' title='bbox 1530 3711 1649 3766; x_wconf 74' lang='lat' dir='ltr'><strong>qua:</strong></span> <span class='ocrx_word' id='word_1_565' title='bbox 1674 3706 1861 3769; x_wconf 86' lang='lat' dir='ltr'><strong>postea</strong></span> <span class='ocrx_word' id='word_1_566' title='bbox 1893 3696 2080 3754; x_wconf 69' lang='lat' dir='ltr'><strong>amotae</strong></span> <span class='ocrx_word' id='word_1_567' title='bbox 2111 3712 2257 3769; x_wconf 87' lang='lat' dir='ltr'><strong>sunt,</strong></span> 
     </span>
    </p>
   </div>
   <div class='ocr_carea' id='block_1_68' title="bbox 699 3779 1424 3840">
    <p class='ocr_par' dir='ltr' id='par_1_68' title="bbox 699 3779 1424 3840">
     <span class='ocr_line' id='line_1_68' title="bbox 699 3779 1424 3840; baseline 0.012 -9"><span class='ocrx_word' id='word_1_568' title='bbox 699 3779 1079 3836; x_wconf 61' lang='lat' dir='ltr'><strong>hereticorum</strong></span> <span class='ocrx_word' id='word_1_569' title='bbox 1104 3788 1424 3840; x_wconf 83' lang='lat' dir='ltr'><strong>sententias.</strong></span> 
     </span>
    </p>
   </div>
   <div class='ocr_carea' id='block_1_69' title="bbox 1245 3940 1619 3999">
    <p class='ocr_par' dir='ltr' id='par_1_69' title="bbox 1245 3940 1619 3999">
     <span class='ocr_line' id='line_1_69' title="bbox 1245 3940 1619 3999; baseline 0.016 -6"><span class='ocrx_word' id='word_1_570' title='bbox 1245 3940 1470 3997; x_wconf 77' lang='lat' dir='ltr'><strong>CAPUT</strong></span> <span class='ocrx_word' id='word_1_571' title='bbox 1503 3944 1619 3999; x_wconf 82' lang='lat' dir='ltr'><strong>XV.</strong></span> 
     </span>
    </p>
   </div>
   <div class='ocr_carea' id='block_1_70' title="bbox 697 4049 2254 4127">
    <p class='ocr_par' dir='ltr' id='par_1_70' title="bbox 697 4049 2254 4127">
     <span class='ocr_line' id='line_1_70' title="bbox 697 4049 2254 4127; baseline 0.013 -26"><span class='ocrx_word' id='word_1_572' title='bbox 697 4049 1029 4105; x_wconf 80' lang='lat' dir='ltr'><strong>Testimoniis</strong></span> <span class='ocrx_word' id='word_1_573' title='bbox 1075 4051 1233 4127; x_wconf 53' lang='lat' dir='ltr'><strong>Isaia)</strong></span> <span class='ocrx_word' id='word_1_574' title='bbox 1273 4066 1320 4108; x_wconf 85' lang='lat' dir='ltr'><strong>et</strong></span> <span class='ocrx_word' id='word_1_575' title='bbox 1360 4055 1645 4112; x_wconf 74' lang='lat' dir='ltr'><strong>Ezechielis</strong></span> <span class='ocrx_word' id='word_1_576' title='bbox 1694 4062 1879 4127; x_wconf 80' lang='lat' dir='ltr'><strong>probat</strong></span> <span class='ocrx_word' id='word_1_577' title='bbox 1916 4073 2254 4121; x_wconf 74' lang='lat' dir='ltr'><strong>resurrectio-</strong></span> 
     </span>
    </p>
   </div>
   <div class='ocr_carea' id='block_1_71' title="bbox 764 4126 2252 4205">
    <p class='ocr_par' dir='ltr' id='par_1_71' title="bbox 764 4126 2252 4205">
     <span class='ocr_line' id='line_1_71' title="bbox 764 4126 2252 4205; baseline 0.013 -32"><span class='ocrx_word' id='word_1_578' title='bbox 764 4138 900 4200; x_wconf 77' lang='lat' dir='ltr'><strong>nem,</strong></span> <span class='ocrx_word' id='word_1_579' title='bbox 937 4126 1272 4203; x_wconf 73' lang='lat' dir='ltr'><strong>eamdemque</strong></span> <span class='ocrx_word' id='word_1_580' title='bbox 1313 4127 1474 4179; x_wconf 86' lang='lat' dir='ltr'><strong>Deum</strong></span> <span class='ocrx_word' id='word_1_581' title='bbox 1508 4143 1600 4182; x_wconf 79' lang='lat' dir='ltr'><strong>nos</strong></span> <span class='ocrx_word' id='word_1_582' title='bbox 1647 4136 2078 4189; x_wconf 76' lang='lat' dir='ltr'><strong>resuscitaturum</strong></span> <span class='ocrx_word' id='word_1_583' title='bbox 2108 4155 2252 4205; x_wconf 77' lang='lat' dir='ltr'><strong>esse,</strong></span> 
     </span>
    </p>
   </div>
   <div class='ocr_carea' id='block_1_72' title="bbox 763 4207 1089 4259">
    <p class='ocr_par' dir='ltr' id='par_1_72' title="bbox 763 4207 1089 4259">
     <span class='ocr_line' id='line_1_72' title="bbox 763 4207 1089 4259; baseline 0.021 -18"><span class='ocrx_word' id='word_1_584' title='bbox 763 4207 848 4259; x_wconf 75' lang='lat' dir='ltr'><strong>qui</strong></span> <span class='ocrx_word' id='word_1_585' title='bbox 875 4208 1089 4248; x_wconf 78' lang='lat' dir='ltr'><strong>creavit.</strong></span> 
     </span>
    </p>
   </div>
   <div class='ocr_carea' id='block_1_73' title="bbox 766 4294 2253 4401">
    <p class='ocr_par' dir='ltr' id='par_1_73' title="bbox 766 4294 2253 4401">
     <span class='ocr_line' id='line_1_73' title="bbox 766 4294 2253 4401; baseline 0.013 -22"><span class='ocrx_word' id='word_1_586' title='bbox 766 4327 814 4380; x_wconf 87' lang='lat' dir='ltr'><strong>I.</strong></span> <span class='ocrx_word' id='word_1_587' title='bbox 849 4327 1112 4393; x_wconf 87' lang='lat' dir='ltr'><strong>Quoniam</strong></span> <span class='ocrx_word' id='word_1_588' title='bbox 1159 4340 1342 4384; x_wconf 85' lang='lat' dir='ltr'><strong>autem</strong></span> <span class='ocrx_word' id='word_1_589' title='bbox 1386 4333 1429 4386; x_wconf 90' lang='lat' dir='ltr'><strong>is</strong></span> <span class='ocrx_word' id='word_1_590' title='bbox 1463 4333 1551 4401; x_wconf 93' lang='lat' dir='ltr'><strong>qui</strong></span> <span class='ocrx_word' id='word_1_591' title='bbox 1592 4334 1658 4388; x_wconf 92' lang='lat' dir='ltr'><strong>ab</strong></span> <span class='ocrx_word' id='word_1_592' title='bbox 1689 4294 1842 4391; x_wconf 69' lang='lat' dir='ltr'><strong>initid</strong></span> <span class='ocrx_word' id='word_1_593' title='bbox 1875 4340 2119 4397; x_wconf 88' lang='lat' dir='ltr'><strong>condidit</strong></span> <span class='ocrx_word' id='word_1_594' title='bbox 2159 4345 2253 4399; x_wconf 89' lang='lat' dir='ltr'><strong>ho-</strong></span> 
     </span>
    </p>
   </div>
   <div class='ocr_carea' id='block_1_74' title="bbox 690 4418 2250 4503">
    <p class='ocr_par' dir='ltr' id='par_1_74' title="bbox 690 4418 2250 4503">
     <span class='ocr_line' id='line_1_74' title="bbox 690 4418 2250 4503; baseline 0.013 -33"><span class='ocrx_word' id='word_1_595' title='bbox 690 4418 916 4484; x_wconf 87' lang='lat' dir='ltr'><strong>minem,</strong></span> <span class='ocrx_word' id='word_1_596' title='bbox 953 4432 1073 4488; x_wconf 85' lang='lat' dir='ltr'><strong>post</strong></span> <span class='ocrx_word' id='word_1_597' title='bbox 1105 4423 1484 4479; x_wconf 82' lang='lat' dir='ltr'><strong>reSolntioneni</strong></span> <span class='ocrx_word' id='word_1_598' title='bbox 1526 4427 1641 4495; x_wconf 91' lang='lat' dir='ltr'><strong>ejus</strong></span> <span class='ocrx_word' id='word_1_599' title='bbox 1677 4431 1729 4483; x_wconf 93' lang='lat' dir='ltr'><strong>in</strong></span> <span class='ocrx_word' id='word_1_600' title='bbox 1761 4441 1956 4486; x_wconf 90' lang='lat' dir='ltr'><strong>terram</strong></span> <span class='ocrx_word' id='word_1_601' title='bbox 2005 4438 2250 4503; x_wconf 86' lang='lat' dir='ltr'><strong>promisit</strong></span> 
     </span>
    </p>
   </div>
   <div class='ocr_carea' id='block_1_75' title="bbox 690 4510 2250 4591">
    <p class='ocr_par' dir='ltr' id='par_1_75' title="bbox 690 4510 2250 4591">
     <span class='ocr_line' id='line_1_75' title="bbox 690 4510 2250 4591; baseline 0.014 -30"><span class='ocrx_word' id='word_1_602' title='bbox 690 4510 736 4561; x_wconf 89' lang='lat' dir='ltr'><strong>ei</strong></span> <span class='ocrx_word' id='word_1_603' title='bbox 773 4512 1064 4564; x_wconf 87' lang='lat' dir='ltr'><strong>secundam</strong></span> <span class='ocrx_word' id='word_1_604' title='bbox 1108 4517 1548 4583; x_wconf 89' lang='lat' dir='ltr'><strong>generationem,</strong></span> <span class='ocrx_word' id='word_1_605' title='bbox 1581 4520 1748 4576; x_wconf 89' lang='lat' dir='ltr'><strong>Isaias</strong></span> <span class='ocrx_word' id='word_1_606' title='bbox 1776 4524 1990 4591; x_wconf 85' lang='lat' dir='ltr'><strong>quidem</strong></span> <span class='ocrx_word' id='word_1_607' title='bbox 2029 4528 2107 4580; x_wconf 91' lang='lat' dir='ltr'><strong>sic</strong></span> <span class='ocrx_word' id='word_1_608' title='bbox 2132 4530 2206 4581; x_wconf 88' lang='lat' dir='ltr'><strong>ait</strong></span> <span class='ocrx_word' id='word_1_609' title='bbox 2239 4552 2250 4585; x_wconf 86' lang='grc'>;</span> 
     </span>
    </p>
   </div>
   <div class='ocr_carea' id='block_1_76' title="bbox 693 4604 2252 4684">
    <p class='ocr_par' dir='ltr' id='par_1_76' title="bbox 693 4604 2252 4684">
     <span class='ocr_line' id='line_1_76' title="bbox 693 4604 2252 4684; baseline 0.014 -30"><span class='ocrx_word' id='word_1_610' title='bbox 693 4623 709 4653; x_wconf 77' lang='lat'><strong>1</strong></span> <span class='ocrx_word' id='word_1_611' title='bbox 751 4604 1052 4674; x_wconf 79' lang='lat' dir='ltr'><strong>Besurgent</strong></span> <span class='ocrx_word' id='word_1_612' title='bbox 1085 4609 1312 4672; x_wconf 93' lang='lat' dir='ltr'><strong>mortui,</strong></span> <span class='ocrx_word' id='word_1_613' title='bbox 1356 4620 1410 4663; x_wconf 92' lang='lat' dir='ltr'><strong>et</strong></span> <span class='ocrx_word' id='word_1_614' title='bbox 1453 4624 1680 4681; x_wconf 89' lang='lat' dir='ltr'><strong>surgent</strong></span> <span class='ocrx_word' id='word_1_615' title='bbox 1713 4617 1803 4684; x_wconf 92' lang='lat' dir='ltr'><strong>qui</strong></span> <span class='ocrx_word' id='word_1_616' title='bbox 1847 4617 1896 4671; x_wconf 91' lang='lat' dir='ltr'><strong>in</strong></span> <span class='ocrx_word' id='word_1_617' title='bbox 1937 4635 2252 4676; x_wconf 86' lang='lat' dir='ltr'><strong>monumen-</strong></span> 
     </span>
    </p>
   </div>
   <div class='ocr_carea' id='block_1_77' title="bbox 689 4695 2250 4769">
    <p class='ocr_par' dir='ltr' id='par_1_77' title="bbox 689 4695 2250 4769">
     <span class='ocr_line' id='line_1_77' title="bbox 689 4695 2250 4769; baseline 0.015 -23"><span class='ocrx_word' id='word_1_618' title='bbox 689 4696 754 4747; x_wconf 91' lang='lat' dir='ltr'><strong>tis</strong></span> <span class='ocrx_word' id='word_1_619' title='bbox 781 4695 916 4764; x_wconf 83' lang='lat' dir='ltr'><strong>(l5),</strong></span> <span class='ocrx_word' id='word_1_620' title='bbox 948 4707 1002 4749; x_wconf 92' lang='lat' dir='ltr'><strong>et</strong></span> <span class='ocrx_word' id='word_1_621' title='bbox 1032 4696 1356 4752; x_wconf 75' lang='lat' dir='ltr'><strong>lzctabuntur</strong></span> <span class='ocrx_word' id='word_1_622' title='bbox 1386 4704 1476 4768; x_wconf 92' lang='lat' dir='ltr'><strong>qui</strong></span> <span class='ocrx_word' id='word_1_623' title='bbox 1517 4715 1640 4759; x_wconf 89' lang='lat' dir='ltr'><strong>sunt</strong></span> <span class='ocrx_word' id='word_1_624' title='bbox 1686 4709 1738 4760; x_wconf 90' lang='lat' dir='ltr'><strong>in</strong></span> <span class='ocrx_word' id='word_1_625' title='bbox 1774 4720 1937 4768; x_wconf 87' lang='lat' dir='ltr'><strong>terra.</strong></span> <span class='ocrx_word' id='word_1_626' title='bbox 1967 4710 2076 4766; x_wconf 69' lang='lat' dir='ltr'><strong>llos</strong></span> <span class='ocrx_word' id='word_1_627' title='bbox 2108 4717 2250 4769; x_wconf 87' lang='lat' dir='ltr'><strong>enim</strong></span> 
     </span>
    </p>
   </div>
   <div class='ocr_carea' id='block_1_78' title="bbox 754 4791 1746 4866">
    <p class='ocr_par' dir='ltr' id='par_1_78' title="bbox 754 4791 1746 4866">
     <span class='ocr_line' id='line_1_78' title="bbox 754 4791 1746 4866; baseline 0.016 -27"><span class='ocrx_word' id='word_1_628' title='bbox 754 4791 797 4866; x_wconf 60' lang='grc' dir='ltr'><strong>αξ</strong></span> <span class='ocrx_word' id='word_1_629' title='bbox 841 4792 1036 4866; x_wconf 71' lang='grc' dir='ltr'><strong>Ερὴρε.</strong></span> <span class='ocrx_word' id='word_1_630' title='bbox 1074 4809 1117 4866; x_wconf 62' lang='grc' dir='ltr'><strong>ι,</strong></span> <span class='ocrx_word' id='word_1_631' title='bbox 1147 4794 1199 4847; x_wconf 87' lang='lat'><strong>7.</strong></span> <span class='ocrx_word' id='word_1_632' title='bbox 1275 4797 1319 4827; x_wconf 74' lang='grc' dir='ltr'><strong>σο</strong></span> <span class='ocrx_word' id='word_1_633' title='bbox 1365 4797 1517 4863; x_wconf 80' lang='lat' dir='ltr'><strong>Ibid,</strong></span> <span class='ocrx_word' id='word_1_634' title='bbox 1547 4802 1746 4866; x_wconf 76' lang='lat'><strong>11,15.</strong></span> 
     </span>
    </p>
   </div>
   <div class='ocr_carea' id='block_1_79' title="bbox 685 4860 1771 4939">
    <p class='ocr_par' dir='ltr' id='par_1_79' title="bbox 685 4860 1771 4939">
     <span class='ocr_line' id='line_1_79' title="bbox 685 4860 1771 4939; baseline 0.013 -27"><span class='ocrx_word' id='word_1_635' title='bbox 685 4860 728 4891; x_wconf 81' lang='lat'><strong>“</strong></span> <span class='ocrx_word' id='word_1_636' title='bbox 760 4862 976 4939; x_wconf 60' lang='lat' dir='ltr'><strong>C0l0§§o-</strong></span> <span class='ocrx_word' id='word_1_637' title='bbox 1007 4879 1067 4928; x_wconf 88' lang='lat' dir='ltr'><strong>Il,</strong></span> <span class='ocrx_word' id='word_1_638' title='bbox 1102 4865 1189 4919; x_wconf 82' lang='lat' dir='ltr'><strong>I9.</strong></span> <span class='ocrx_word' id='word_1_639' title='bbox 1238 4866 1311 4939; x_wconf 32' lang='grc' dir='ltr'><strong>’ξ’</strong></span> <span class='ocrx_word' id='word_1_640' title='bbox 1347 4866 1453 4921; x_wconf 84' lang='lat' dir='ltr'><strong>lsa.</strong></span> <span class='ocrx_word' id='word_1_641' title='bbox 1479 4860 1646 4939; x_wconf 64' lang='lat' dir='ltr'><strong>xxvi,</strong></span> <span class='ocrx_word' id='word_1_642' title='bbox 1685 4875 1771 4928; x_wconf 78' lang='grc'><strong>19.</strong></span> 
     </span>
    </p>
   </div>
   <div class='ocr_carea' id='block_1_80' title="bbox 681 4931 1325 4998">
    <p class='ocr_par' dir='ltr' id='par_1_80' title="bbox 681 4931 1325 4998">
     <span class='ocr_line' id='line_1_80' title="bbox 681 4931 1325 4998; baseline 0.009 -14"><span class='ocrx_word' id='word_1_643' title='bbox 681 4946 834 4998; x_wconf 83' lang='lat' dir='ltr'><strong>seqq.</strong></span> <span class='ocrx_word' id='word_1_644' title='bbox 895 4931 938 4962; x_wconf 82' lang='lat'><strong>&quot;</strong></span> <span class='ocrx_word' id='word_1_645' title='bbox 961 4932 1063 4986; x_wconf 90' lang='lat' dir='ltr'><strong>lsa.</strong></span> <span class='ocrx_word' id='word_1_646' title='bbox 1087 4950 1210 4998; x_wconf 84' lang='lat' dir='ltr'><strong>va,</strong></span> <span class='ocrx_word' id='word_1_647' title='bbox 1233 4935 1325 4990; x_wconf 75' lang='lat'><strong>22.</strong></span> 
     </span>
    </p>
   </div>
   <div class='ocr_carea' id='block_1_81' title="bbox 751 5024 2240 5113">
    <p class='ocr_par' dir='ltr' id='par_1_81' title="bbox 751 5024 2240 5113">
     <span class='ocr_line' id='line_1_81' title="bbox 751 5024 2240 5113; baseline 0.021 -39"><span class='ocrx_word' id='word_1_648' title='bbox 751 5024 861 5113; x_wconf 50' lang='lat' dir='ltr'><strong>(Id)</strong></span> <span class='ocrx_word' id='word_1_649' title='bbox 886 5025 1171 5113; x_wconf 55' lang='lat' dir='ltr'><strong>flgptinem</strong></span> <span class='ocrx_word' id='word_1_650' title='bbox 1201 5033 1336 5113; x_wconf 64' lang='lat' dir='ltr'><strong>ejus.</strong></span> <span class='ocrx_word' id='word_1_651' title='bbox 1362 5034 1450 5088; x_wconf 88' lang='lat' dir='ltr'><strong>Sic</strong></span> <span class='ocrx_word' id='word_1_652' title='bbox 1485 5037 1710 5113; x_wconf 69' lang='lat' dir='ltr'><strong>Feuard.</strong></span> <span class='ocrx_word' id='word_1_653' title='bbox 1741 5042 1792 5094; x_wconf 90' lang='lat' dir='ltr'><strong>in</strong></span> <span class='ocrx_word' id='word_1_654' title='bbox 1823 5059 2018 5113; x_wconf 85' lang='lat' dir='ltr'><strong>marg.,</strong></span> <span class='ocrx_word' id='word_1_655' title='bbox 2052 5048 2240 5105; x_wconf 45' lang='lat' dir='ltr'><strong>Claro‘</strong></span> 
     </span>
    </p>
   </div>
   <div class='ocr_carea' id='block_1_82' title="bbox 679 5095 2137 5174">
    <p class='ocr_par' dir='ltr' id='par_1_82' title="bbox 679 5095 2137 5174">
     <span class='ocr_line' id='line_1_82' title="bbox 679 5095 2137 5174; baseline 0.019 -30"><span class='ocrx_word' id='word_1_656' title='bbox 679 5106 852 5174; x_wconf 45' lang='lat' dir='ltr'><strong>ruunt.</strong></span> <span class='ocrx_word' id='word_1_657' title='bbox 876 5095 1136 5174; x_wconf 74' lang='lat' dir='ltr'><strong>et_Vuss.,</strong></span> <span class='ocrx_word' id='word_1_658' title='bbox 1171 5095 1360 5174; x_wconf 67' lang='lat' dir='ltr'><strong>melius</strong></span> <span class='ocrx_word' id='word_1_659' title='bbox 1389 5121 1548 5172; x_wconf 87' lang='lat' dir='ltr'><strong>quant</strong></span> <span class='ocrx_word' id='word_1_660' title='bbox 1578 5110 1689 5174; x_wconf 84' lang='lat' dir='ltr'><strong>alii,</strong></span> <span class='ocrx_word' id='word_1_661' title='bbox 1717 5095 2137 5174; x_wconf 52' lang='lat' dir='ltr'><strong>homirtencteurn:</strong></span> 
     </span>
    </p>
   </div>
   <div class='ocr_carea' id='block_1_83' title="bbox 749 5164 2242 5251">
    <p class='ocr_par' dir='ltr' id='par_1_83' title="bbox 749 5164 2242 5251">
     <span class='ocr_line' id='line_1_83' title="bbox 749 5164 2242 5251; baseline 0.019 -36"><span class='ocrx_word' id='word_1_662' title='bbox 749 5164 860 5245; x_wconf 63' lang='lat' dir='ltr'><strong>(lii)</strong></span> <span class='ocrx_word' id='word_1_663' title='bbox 894 5164 1468 5251; x_wconf 34' lang='lat' dir='ltr'><strong>Moriunierttis.“Sm&#39;u,</strong></span> <span class='ocrx_word' id='word_1_664' title='bbox 1490 5181 1631 5246; x_wconf 86' lang='lat' dir='ltr'><strong>quod</strong></span> <span class='ocrx_word' id='word_1_665' title='bbox 1676 5164 2242 5251; x_wconf 38' lang='lat' dir='ltr'><strong>adduntedilLTex-</strong></span> 
     </span>
    </p>
   </div>
   <div class='ocr_carea' id='block_1_84' title="bbox 676 5241 2242 5326">
    <p class='ocr_par' dir='ltr' id='par_1_84' title="bbox 676 5241 2242 5326">
     <span class='ocr_line' id='line_1_84' title="bbox 676 5241 2242 5326; baseline 0.02 -42"><span class='ocrx_word' id='word_1_666' title='bbox 676 5241 1216 5326; x_wconf 55' lang='lat' dir='ltr'><strong>pullix‘iwauc_t_orita_te</strong></span> <span class='ocrx_word' id='word_1_667' title='bbox 1252 5241 1585 5326; x_wconf 58' lang='lat' dir='ltr'><strong>Claromont.</strong></span> <span class='ocrx_word' id='word_1_668' title='bbox 1635 5253 1931 5326; x_wconf 72' lang='lat' dir='ltr'><strong>et___\’oss.,</strong></span> <span class='ocrx_word' id='word_1_669' title='bbox 1972 5241 2098 5326; x_wconf 73' lang='lat' dir='ltr'><strong>quia</strong></span> <span class='ocrx_word' id='word_1_670' title='bbox 2141 5241 2242 5314; x_wconf 72' lang='lat' dir='ltr'><strong>nec</strong></span> 
     </span>
    </p>
   </div>
   <div class='ocr_carea' id='block_1_85' title="bbox 677 5303 1925 5390">
    <p class='ocr_par' dir='ltr' id='par_1_85' title="bbox 677 5303 1925 5390">
     <span class='ocr_line' id='line_1_85' title="bbox 677 5303 1925 5390; baseline 0.017 -34"><span class='ocrx_word' id='word_1_671' title='bbox 677 5308 730 5357; x_wconf 85' lang='lat' dir='ltr'><strong>in</strong></span> <span class='ocrx_word' id='word_1_672' title='bbox 863 5303 1278 5390; x_wconf 46' lang='lat' dir='ltr'><strong>Xnexp‘rin‘titur,</strong></span> <span class='ocrx_word' id='word_1_673' title='bbox 1315 5316 1452 5390; x_wconf 78' lang='lat' dir='ltr'><strong>licet</strong></span> <span class='ocrx_word' id='word_1_674' title='bbox 1471 5303 1925 5390; x_wconf 30' lang='lat' dir='ltr'><strong>Stillintelligat&#39;ur.‘</strong></span> 
     </span>
    </p>
   </div>
   <div class='ocr_carea' id='block_1_86' title="bbox 709 5375 2241 5455">
    <p class='ocr_par' dir='ltr' id='par_1_86' title="bbox 709 5375 2241 5455">
     <span class='ocr_line' id='line_1_86' title="bbox 709 5375 2241 5455; baseline 0.018 -29"><span class='ocrx_word' id='word_1_675' title='bbox 709 5375 856 5453; x_wconf 40' lang='lat' dir='ltr'><strong>tto)</strong></span> <span class='ocrx_word' id='word_1_676' title='bbox 887 5375 1134 5431; x_wconf 70' lang='lat' dir='ltr'><strong>Ezechiel</strong></span> <span class='ocrx_word' id='word_1_677' title='bbox 1181 5394 1354 5437; x_wconf 86' lang='lat' dir='ltr'><strong>autem</strong></span> <span class='ocrx_word' id='word_1_678' title='bbox 1404 5386 1500 5440; x_wconf 75' lang='lat' dir='ltr'><strong>sic.</strong></span> <span class='ocrx_word' id='word_1_679' title='bbox 1540 5386 1703 5442; x_wconf 84' lang='lat' dir='ltr'><strong>Editt.</strong></span> <span class='ocrx_word' id='word_1_680' title='bbox 1750 5375 1956 5450; x_wconf 60' lang='lat' dir='ltr'><strong>3am...</strong></span> <span class='ocrx_word' id='word_1_681' title='bbox 1997 5397 2070 5450; x_wconf 78' lang='lat' dir='ltr'><strong>ait</strong></span> <span class='ocrx_word' id='word_1_682' title='bbox 2118 5408 2241 5455; x_wconf 88' lang='lat' dir='ltr'><strong>ante</strong></span> 
     </span>
    </p>
   </div>
   <div class='ocr_carea' id='block_1_87' title="bbox 674 5461 767 5496">
    <p class='ocr_par' dir='ltr' id='par_1_87' title="bbox 674 5461 767 5496">
     <span class='ocr_line' id='line_1_87' title="bbox 674 5461 767 5496; baseline 0.011 -1"><span class='ocrx_word' id='word_1_683' title='bbox 674 5461 767 5496; x_wconf 68' lang='lat' dir='ltr'><strong>HC.</strong></span> 
     </span>
    </p>
   </div>
   <div class='ocr_carea' id='block_1_88' title="bbox 741 5516 2238 5604">
    <p class='ocr_par' dir='ltr' id='par_1_88' title="bbox 741 5516 2238 5604">
     <span class='ocr_line' id='line_1_88' title="bbox 741 5516 2238 5604; baseline 0.017 -38"><span class='ocrx_word' id='word_1_684' title='bbox 741 5517 850 5600; x_wconf 43' lang='lat'><strong>$17)</strong></span> <span class='ocrx_word' id='word_1_685' title='bbox 887 5516 1108 5604; x_wconf 65' lang='lat' dir='ltr'><strong>Eduxit.</strong></span> <span class='ocrx_word' id='word_1_686' title='bbox 1133 5521 1368 5604; x_wconf 40' lang='lat' dir='ltr'><strong>.lla‘cod.</strong></span> <span class='ocrx_word' id='word_1_687' title='bbox 1409 5526 1560 5584; x_wconf 85' lang='lat' dir='ltr'><strong>Voss.</strong></span> <span class='ocrx_word' id='word_1_688' title='bbox 1595 5540 1650 5585; x_wconf 91' lang='lat' dir='ltr'><strong>et</strong></span> <span class='ocrx_word' id='word_1_689' title='bbox 1692 5530 1856 5587; x_wconf 87' lang='lat' dir='ltr'><strong>Grab.</strong></span> <span class='ocrx_word' id='word_1_690' title='bbox 1881 5532 2036 5602; x_wconf 86' lang='lat' dir='ltr'><strong>juxta</strong></span> <span class='ocrx_word' id='word_1_691' title='bbox 2072 5537 2238 5604; x_wconf 77' lang='lat' dir='ltr'><strong>LXX,</strong></span> 
     </span>
    </p>
   </div>
   <div class='ocr_carea' id='block_1_89' title="bbox 671 5585 1374 5656">
    <p class='ocr_par' dir='ltr' id='par_1_89' title="bbox 671 5585 1374 5656">
     <span class='ocr_line' id='line_1_89' title="bbox 671 5585 1374 5656; baseline 0.014 -17"><span class='ocrx_word' id='word_1_692' title='bbox 671 5585 924 5656; x_wconf 69' lang='grc' dir='ltr'><strong>ἐξήγαγε.</strong></span> <span class='ocrx_word' id='word_1_693' title='bbox 956 5591 1164 5651; x_wconf 65' lang='lat' dir='ltr'><strong>Cancri,</strong></span> <span class='ocrx_word' id='word_1_694' title='bbox 1199 5595 1374 5649; x_wconf 74' lang='lat' dir='ltr'><strong>duxit.</strong></span> 
     </span>
    </p>
   </div>
   <div class='ocr_carea' id='block_1_90' title="bbox 743 5657 2238 5742">
    <p class='ocr_par' dir='ltr' id='par_1_90' title="bbox 743 5657 2238 5742">
     <span class='ocr_line' id='line_1_90' title="bbox 743 5657 2238 5742; baseline 0.017 -35"><span class='ocrx_word' id='word_1_695' title='bbox 743 5658 854 5742; x_wconf 64' lang='grc' dir='ltr'><strong>μδ)</strong></span> <span class='ocrx_word' id='word_1_696' title='bbox 893 5657 955 5742; x_wconf 63' lang='grc' dir='ltr'><strong>ζμ</strong></span> <span class='ocrx_word' id='word_1_697' title='bbox 986 5663 1262 5742; x_wconf 67' lang='lat' dir='ltr'><strong>circuitum</strong></span> <span class='ocrx_word' id='word_1_698' title='bbox 1301 5667 1352 5742; x_wconf 75' lang='lat' dir='ltr'><strong>in</strong></span> <span class='ocrx_word' id='word_1_699' title='bbox 1380 5683 1528 5742; x_wconf 75' lang='lat' dir='ltr'><strong>gyro.</strong></span> <span class='ocrx_word' id='word_1_700' title='bbox 1566 5670 1746 5734; x_wconf 43' lang='lat' dir='ltr'><strong>Era»,</strong></span> <span class='ocrx_word' id='word_1_701' title='bbox 1787 5672 2015 5742; x_wconf 84' lang='lat' dir='ltr'><strong>Gallas.,</strong></span> <span class='ocrx_word' id='word_1_702' title='bbox 2059 5679 2238 5732; x_wconf 82' lang='lat' dir='ltr'><strong>Arun-</strong></span> 
     </span>
    </p>
   </div>
   <div class='ocr_carea' id='block_1_91' title="bbox 671 5723 2236 5820">
    <p class='ocr_par' dir='ltr' id='par_1_91' title="bbox 671 5723 2236 5820">
     <span class='ocr_line' id='line_1_91' title="bbox 671 5723 2236 5820; baseline 0.019 -44"><span class='ocrx_word' id='word_1_703' title='bbox 671 5723 773 5778; x_wconf 26' lang='lat' dir='ltr'><strong>Jel‘.</strong></span> <span class='ocrx_word' id='word_1_704' title='bbox 807 5723 859 5784; x_wconf 76' lang='lat' dir='ltr'><strong>et</strong></span> <span class='ocrx_word' id='word_1_705' title='bbox 895 5729 1078 5797; x_wconf 63' lang='lat' dir='ltr'><strong>Mem,</strong></span> <span class='ocrx_word' id='word_1_706' title='bbox 1127 5735 1342 5790; x_wconf 83' lang='lat' dir='ltr'><strong>omissis</strong></span> <span class='ocrx_word' id='word_1_707' title='bbox 1374 5723 1438 5789; x_wconf 72' lang='grc' dir='ltr'><em>ἷιῖ</em></span> <span class='ocrx_word' id='word_1_708' title='bbox 1461 5723 1774 5809; x_wconf 54' lang='lat' dir='ltr'><strong>circuitum,</strong></span> 
     </span>
    </p>
   </div>
   <div class='ocr_carea' id='block_1_92' title="bbox 699 5815 801 5851">
    <p class='ocr_par' dir='ltr' id='par_1_92' title="bbox 699 5815 801 5851">
     <span class='ocr_line' id='line_1_92' title="bbox 699 5815 801 5851; baseline 0.039 -3"><span class='ocrx_word' id='word_1_709' title='bbox 699 5815 801 5851; x_wconf 71' lang='grc' dir='ltr'><strong>κιιι.</strong></span> 
     </span>
    </p>
   </div>
   <div class='ocr_carea' id='block_1_93' title="bbox 1828 4807 2955 4876">
    <p class='ocr_par' dir='ltr' id='par_1_93' title="bbox 1828 4807 2955 4876">
     <span class='ocr_line' id='line_1_93' title="bbox 1828 4807 2955 4876; baseline 0.001 -16"><span class='ocrx_word' id='word_1_710' title='bbox 1828 4807 1866 4836; x_wconf 75' lang='grc'>⁸³</span> <span class='ocrx_word' id='word_1_711' title='bbox 1914 4808 2069 4875; x_wconf 88' lang='lat' dir='ltr'><strong>lbid.,</strong></span> <span class='ocrx_word' id='word_1_712' title='bbox 2108 4813 2191 4876; x_wconf 78' lang='grc'><strong>14,</strong></span> <span class='ocrx_word' id='word_1_713' title='bbox 2227 4815 2312 4868; x_wconf 81' lang='grc'><strong>15.</strong></span> <span class='ocrx_word' id='word_1_714' title='bbox 2374 4816 2417 4846; x_wconf 76' lang='grc'><strong>⁸⁸</strong></span> <span class='ocrx_word' id='word_1_715' title='bbox 2457 4814 2614 4866; x_wconf 76' lang='lat' dir='ltr'><strong>Rom.</strong></span> <span class='ocrx_word' id='word_1_716' title='bbox 2641 4826 2714 4872; x_wconf 72' lang='lat' dir='ltr'><strong>vr.</strong></span> <span class='ocrx_word' id='word_1_717' title='bbox 2745 4810 2831 4875; x_wconf 73' lang='grc'><strong>12,</strong></span> <span class='ocrx_word' id='word_1_718' title='bbox 2867 4809 2955 4862; x_wconf 79' lang='lat' dir='ltr'><strong>l3.</strong></span> 
     </span>
    </p>
   </div>
   <div class='ocr_carea' id='block_1_94' title="bbox 1850 4876 2444 4951">
    <p class='ocr_par' dir='ltr' id='par_1_94' title="bbox 1850 4876 2444 4951">
     <span class='ocr_line' id='line_1_94' title="bbox 1850 4876 2444 4951; baseline 0.019 -22"><span class='ocrx_word' id='word_1_719' title='bbox 1850 4876 1894 4908; x_wconf 71' lang='lat'><strong>‘°</strong></span> <span class='ocrx_word' id='word_1_720' title='bbox 1926 4877 2032 4934; x_wconf 85' lang='lat' dir='ltr'><strong>lsa.</strong></span> <span class='ocrx_word' id='word_1_721' title='bbox 2056 4897 2202 4951; x_wconf 77' lang='lat' dir='ltr'><strong>wa,</strong></span> <span class='ocrx_word' id='word_1_722' title='bbox 2234 4887 2321 4947; x_wconf 80' lang='grc'><strong>13,</strong></span> <span class='ocrx_word' id='word_1_723' title='bbox 2358 4884 2444 4940; x_wconf 69' lang='grc'><strong>14.</strong></span> 
     </span>
    </p>
   </div>
   <div class='ocr_carea' id='block_1_95' title="bbox 2370 3228 3937 3299">
    <p class='ocr_par' dir='ltr' id='par_1_95' title="bbox 2370 3228 3937 3299">
     <span class='ocr_line' id='line_1_95' title="bbox 2370 3228 3937 3299; baseline -0.002 -14"><span class='ocrx_word' id='word_1_724' title='bbox 2370 3233 2434 3285; x_wconf 80' lang='lat' dir='ltr'><strong>Et</strong></span> <span class='ocrx_word' id='word_1_725' title='bbox 2457 3246 2647 3284; x_wconf 90' lang='lat' dir='ltr'><strong>rursus</strong></span> <span class='ocrx_word' id='word_1_726' title='bbox 2680 3231 2791 3299; x_wconf 90' lang='lat' dir='ltr'><strong>ipse</strong></span> <span class='ocrx_word' id='word_1_727' title='bbox 2816 3231 2890 3282; x_wconf 88' lang='lat' dir='ltr'><strong>ait</strong></span> <span class='ocrx_word' id='word_1_728' title='bbox 2922 3243 2936 3282; x_wconf 87' lang='lat'><strong>:</strong></span> <span class='ocrx_word' id='word_1_729' title='bbox 2968 3249 2984 3279; x_wconf 82' lang='lat'><strong>1</strong></span> <span class='ocrx_word' id='word_1_730' title='bbox 3011 3228 3136 3282; x_wconf 75' lang='lat' dir='ltr'><strong>llzec</strong></span> <span class='ocrx_word' id='word_1_731' title='bbox 3169 3228 3304 3281; x_wconf 91' lang='lat' dir='ltr'><strong>dicit</strong></span> <span class='ocrx_word' id='word_1_732' title='bbox 3333 3229 3592 3282; x_wconf 88' lang='lat' dir='ltr'><strong>Dominus</strong></span> <span class='ocrx_word' id='word_1_733' title='bbox 3619 3245 3632 3279; x_wconf 92' lang='lat'><strong>:</strong></span> <span class='ocrx_word' id='word_1_734' title='bbox 3667 3228 3802 3280; x_wconf 82' lang='lat' dir='ltr'><strong>Ecce</strong></span> <span class='ocrx_word' id='word_1_735' title='bbox 3832 3241 3937 3293; x_wconf 83' lang='lat' dir='ltr'><strong>ego</strong></span> 
     </span>
    </p>
   </div>
   <div class='ocr_carea' id='block_1_96' title="bbox 2369 3309 3937 3392">
    <p class='ocr_par' dir='ltr' id='par_1_96' title="bbox 2369 3309 3937 3392">
     <span class='ocr_line' id='line_1_96' title="bbox 2369 3309 3937 3392; baseline -0.003 -15"><span class='ocrx_word' id='word_1_736' title='bbox 2369 3324 2609 3392; x_wconf 83' lang='lat' dir='ltr'><strong>aperiam</strong></span> <span class='ocrx_word' id='word_1_737' title='bbox 2639 3309 2988 3375; x_wconf 85' lang='lat' dir='ltr'><strong>monumenta</strong></span> <span class='ocrx_word' id='word_1_738' title='bbox 3023 3329 3227 3381; x_wconf 90' lang='lat' dir='ltr'><strong>vestra,</strong></span> <span class='ocrx_word' id='word_1_739' title='bbox 3257 3329 3310 3374; x_wconf 88' lang='lat' dir='ltr'><strong>et</strong></span> <span class='ocrx_word' id='word_1_740' title='bbox 3337 3320 3562 3374; x_wconf 89' lang='lat' dir='ltr'><strong>educam</strong></span> <span class='ocrx_word' id='word_1_741' title='bbox 3598 3334 3691 3373; x_wconf 87' lang='lat' dir='ltr'><strong>vos</strong></span> <span class='ocrx_word' id='word_1_742' title='bbox 3721 3321 3787 3374; x_wconf 89' lang='lat' dir='ltr'><strong>de</strong></span> <span class='ocrx_word' id='word_1_743' title='bbox 3818 3335 3937 3373; x_wconf 86' lang='lat' dir='ltr'><strong>mo-</strong></span> 
     </span>
    </p>
   </div>
   <div class='ocr_carea' id='block_1_97' title="bbox 2366 3404 3933 3481">
    <p class='ocr_par' dir='ltr' id='par_1_97' title="bbox 2366 3404 3933 3481">
     <span class='ocr_line' id='line_1_97' title="bbox 2366 3404 3933 3481; baseline -0.003 -10"><span class='ocrx_word' id='word_1_744' title='bbox 2366 3414 2640 3471; x_wconf 90' lang='lat' dir='ltr'><strong>numentis</strong></span> <span class='ocrx_word' id='word_1_745' title='bbox 2663 3414 2883 3481; x_wconf 88' lang='lat' dir='ltr'><strong>vestris,</strong></span> <span class='ocrx_word' id='word_1_746' title='bbox 2913 3423 2965 3468; x_wconf 92' lang='lat' dir='ltr'><strong>et</strong></span> <span class='ocrx_word' id='word_1_747' title='bbox 2995 3404 3246 3468; x_wconf 80' lang='lat' dir='ltr'><strong>inducam</strong></span> <span class='ocrx_word' id='word_1_748' title='bbox 3271 3428 3367 3468; x_wconf 89' lang='lat' dir='ltr'><strong>vos</strong></span> <span class='ocrx_word' id='word_1_749' title='bbox 3397 3415 3450 3467; x_wconf 90' lang='lat' dir='ltr'><strong>in</strong></span> <span class='ocrx_word' id='word_1_750' title='bbox 3483 3423 3685 3467; x_wconf 87' lang='lat' dir='ltr'><strong>terram</strong></span> <span class='ocrx_word' id='word_1_751' title='bbox 3725 3412 3933 3481; x_wconf 84' lang='lat' dir='ltr'><strong>Israel,</strong></span> 
     </span>
    </p>
   </div>
   <div class='ocr_carea' id='block_1_98' title="bbox 2365 3507 3934 3578">
    <p class='ocr_par' dir='ltr' id='par_1_98' title="bbox 2365 3507 3934 3578">
     <span class='ocr_line' id='line_1_98' title="bbox 2365 3507 3934 3578; baseline 0 -16"><span class='ocrx_word' id='word_1_752' title='bbox 2365 3519 2417 3564; x_wconf 92' lang='lat' dir='ltr'><strong>et</strong></span> <span class='ocrx_word' id='word_1_753' title='bbox 2440 3509 2779 3578; x_wconf 84' lang='lat' dir='ltr'><strong>cognoscetis</strong></span> <span class='ocrx_word' id='word_1_754' title='bbox 2809 3508 2933 3578; x_wconf 88' lang='lat' dir='ltr'><strong>quia</strong></span> <span class='ocrx_word' id='word_1_755' title='bbox 2958 3521 3059 3576; x_wconf 86' lang='lat' dir='ltr'><strong>ego</strong></span> <span class='ocrx_word' id='word_1_756' title='bbox 3081 3521 3200 3562; x_wconf 90' lang='lat' dir='ltr'><strong>sum</strong></span> <span class='ocrx_word' id='word_1_757' title='bbox 3232 3507 3508 3572; x_wconf 89' lang='lat' dir='ltr'><strong>Dominus,</strong></span> <span class='ocrx_word' id='word_1_758' title='bbox 3542 3523 3662 3561; x_wconf 86' lang='lat' dir='ltr'><strong>eum</strong></span> <span class='ocrx_word' id='word_1_759' title='bbox 3691 3508 3934 3576; x_wconf 81' lang='lat' dir='ltr'><strong>aperiam</strong></span> 
     </span>
    </p>
   </div>
   <div class='ocr_carea' id='block_1_99' title="bbox 2362 3598 3935 3670">
    <p class='ocr_par' dir='ltr' id='par_1_99' title="bbox 2362 3598 3935 3670">
     <span class='ocr_line' id='line_1_99' title="bbox 2362 3598 3935 3670; baseline 0.003 -16"><span class='ocrx_word' id='word_1_760' title='bbox 2362 3613 2461 3669; x_wconf 87' lang='lat' dir='ltr'><strong>ego</strong></span> <span class='ocrx_word' id='word_1_761' title='bbox 2493 3598 2742 3669; x_wconf 85' lang='lat' dir='ltr'><strong>sepulcra</strong></span> <span class='ocrx_word' id='word_1_762' title='bbox 2776 3610 2954 3654; x_wconf 90' lang='lat' dir='ltr'><strong>vestra</strong></span> <span class='ocrx_word' id='word_1_763' title='bbox 2985 3639 3000 3664; x_wconf 91' lang='lat'><strong>,</strong></span> <span class='ocrx_word' id='word_1_764' title='bbox 3041 3607 3100 3653; x_wconf 91' lang='lat' dir='ltr'><strong>ut</strong></span> <span class='ocrx_word' id='word_1_765' title='bbox 3146 3601 3398 3653; x_wconf 88' lang='lat' dir='ltr'><strong>reducam</strong></span> <span class='ocrx_word' id='word_1_766' title='bbox 3430 3599 3540 3670; x_wconf 66' lang='grc' dir='ltr'><strong>(Ξῖ)</strong></span> <span class='ocrx_word' id='word_1_767' title='bbox 3577 3602 3642 3655; x_wconf 93' lang='lat' dir='ltr'><strong>de</strong></span> <span class='ocrx_word' id='word_1_768' title='bbox 3669 3601 3935 3669; x_wconf 83' lang='lat' dir='ltr'><strong>sepulcris</strong></span> 
     </span>
    </p>
   </div>
   <div class='ocr_carea' id='block_1_100' title="bbox 2365 3690 3933 3760">
    <p class='ocr_par' dir='ltr' id='par_1_100' title="bbox 2365 3690 3933 3760">
     <span class='ocr_line' id='line_1_100' title="bbox 2365 3690 3933 3760; baseline 0.003 -16"><span class='ocrx_word' id='word_1_769' title='bbox 2365 3691 2619 3760; x_wconf 90' lang='lat' dir='ltr'><strong>populum</strong></span> <span class='ocrx_word' id='word_1_770' title='bbox 2651 3706 2852 3755; x_wconf 89' lang='lat' dir='ltr'><strong>meum,</strong></span> <span class='ocrx_word' id='word_1_771' title='bbox 2887 3700 2938 3744; x_wconf 92' lang='lat' dir='ltr'><strong>et</strong></span> <span class='ocrx_word' id='word_1_772' title='bbox 2971 3691 3110 3744; x_wconf 82' lang='lat' dir='ltr'><strong>dabo</strong></span> <span class='ocrx_word' id='word_1_773' title='bbox 3141 3690 3392 3760; x_wconf 88' lang='lat' dir='ltr'><strong>spiritum</strong></span> <span class='ocrx_word' id='word_1_774' title='bbox 3423 3706 3601 3745; x_wconf 88' lang='lat' dir='ltr'><strong>meum</strong></span> <span class='ocrx_word' id='word_1_775' title='bbox 3631 3693 3683 3746; x_wconf 92' lang='lat' dir='ltr'><strong>in</strong></span> <span class='ocrx_word' id='word_1_776' title='bbox 3715 3708 3811 3747; x_wconf 81' lang='lat' dir='ltr'><strong>vos</strong></span> <span class='ocrx_word' id='word_1_777' title='bbox 3834 3734 3847 3757; x_wconf 93' lang='lat'><strong>,</strong></span> <span class='ocrx_word' id='word_1_778' title='bbox 3877 3703 3933 3748; x_wconf 90' lang='lat' dir='ltr'><strong>et</strong></span> 
     </span>
    </p>
   </div>
   <div class='ocr_carea' id='block_1_101' title="bbox 2363 3784 3931 3856">
    <p class='ocr_par' dir='ltr' id='par_1_101' title="bbox 2363 3784 3931 3856">
     <span class='ocr_line' id='line_1_101' title="bbox 2363 3784 3931 3856; baseline 0.003 -20"><span class='ocrx_word' id='word_1_779' title='bbox 2363 3784 2580 3849; x_wconf 87' lang='lat' dir='ltr'><strong>vivetis,</strong></span> <span class='ocrx_word' id='word_1_780' title='bbox 2613 3794 2668 3839; x_wconf 91' lang='lat' dir='ltr'><strong>et</strong></span> <span class='ocrx_word' id='word_1_781' title='bbox 2693 3799 2890 3852; x_wconf 85' lang='lat' dir='ltr'><strong>ponam</strong></span> <span class='ocrx_word' id='word_1_782' title='bbox 2927 3799 3021 3838; x_wconf 90' lang='lat' dir='ltr'><strong>vos</strong></span> <span class='ocrx_word' id='word_1_783' title='bbox 3055 3785 3109 3837; x_wconf 92' lang='lat' dir='ltr'><strong>in</strong></span> <span class='ocrx_word' id='word_1_784' title='bbox 3142 3794 3339 3837; x_wconf 89' lang='lat' dir='ltr'><strong>terram</strong></span> <span class='ocrx_word' id='word_1_785' title='bbox 3364 3793 3619 3851; x_wconf 87' lang='lat' dir='ltr'><strong>vestram,</strong></span> <span class='ocrx_word' id='word_1_786' title='bbox 3645 3796 3698 3839; x_wconf 87' lang='lat' dir='ltr'><strong>et</strong></span> <span class='ocrx_word' id='word_1_787' title='bbox 3724 3800 3931 3856; x_wconf 64' lang='lat' dir='ltr'><strong>cogno»</strong></span> 
     </span>
    </p>
   </div>
   <div class='ocr_carea' id='block_1_102' title="bbox 2360 3877 3929 3948">
    <p class='ocr_par' dir='ltr' id='par_1_102' title="bbox 2360 3877 3929 3948">
     <span class='ocr_line' id='line_1_102' title="bbox 2360 3877 3929 3948; baseline 0.001 -17"><span class='ocrx_word' id='word_1_788' title='bbox 2360 3877 2524 3932; x_wconf 89' lang='lat' dir='ltr'><strong>scetis</strong></span> <span class='ocrx_word' id='word_1_789' title='bbox 2567 3877 2688 3944; x_wconf 84' lang='lat' dir='ltr'><strong>quia</strong></span> <span class='ocrx_word' id='word_1_790' title='bbox 2724 3892 2821 3946; x_wconf 88' lang='lat' dir='ltr'><strong>ego</strong></span> <span class='ocrx_word' id='word_1_791' title='bbox 2862 3877 3121 3932; x_wconf 87' lang='lat' dir='ltr'><strong>Dominus</strong></span> <span class='ocrx_word' id='word_1_792' title='bbox 3153 3877 3284 3948; x_wconf 71' lang='lat'><strong>(9.9.).</strong></span> <span class='ocrx_word' id='word_1_793' title='bbox 3324 3877 3558 3933; x_wconf 83' lang='lat' dir='ltr'><strong>Locutus</strong></span> <span class='ocrx_word' id='word_1_794' title='bbox 3593 3895 3734 3944; x_wconf 90' lang='lat' dir='ltr'><strong>sum,</strong></span> <span class='ocrx_word' id='word_1_795' title='bbox 3762 3891 3812 3935; x_wconf 90' lang='lat' dir='ltr'><strong>et</strong></span> <span class='ocrx_word' id='word_1_796' title='bbox 3844 3881 3929 3933; x_wconf 80' lang='lat' dir='ltr'><strong>fa-</strong></span> 
     </span>
    </p>
   </div>
   <div class='ocr_carea' id='block_1_103' title="bbox 2361 3967 3935 4042">
    <p class='ocr_par' dir='ltr' id='par_1_103' title="bbox 2361 3967 3935 4042">
     <span class='ocr_line' id='line_1_103' title="bbox 2361 3967 3935 4042; baseline 0.003 -17"><span class='ocrx_word' id='word_1_797' title='bbox 2361 3973 2527 4034; x_wconf 89' lang='lat' dir='ltr'><strong>ciam,</strong></span> <span class='ocrx_word' id='word_1_798' title='bbox 2562 3967 2695 4024; x_wconf 84' lang='lat' dir='ltr'><strong>dicit</strong></span> <span class='ocrx_word' id='word_1_799' title='bbox 2737 3970 2849 4040; x_wconf 66' lang='lat'><strong>(25)</strong></span> <span class='ocrx_word' id='word_1_800' title='bbox 2884 3970 3145 4025; x_wconf 87' lang='lat' dir='ltr'><strong>Dominus</strong></span> <span class='ocrx_word' id='word_1_801' title='bbox 3177 3971 3242 4021; x_wconf 77' lang='grc'><strong>⁸⁸.</strong></span> <span class='ocrx_word' id='word_1_802' title='bbox 3284 3990 3302 4022; x_wconf 77' lang='grc' dir='ltr'><strong><em>ι</em></strong></span> <span class='ocrx_word' id='word_1_803' title='bbox 3350 3973 3635 4041; x_wconf 84' lang='lat' dir='ltr'><strong>Demiurgo</strong></span> <span class='ocrx_word' id='word_1_804' title='bbox 3665 3975 3845 4042; x_wconf 89' lang='lat' dir='ltr'><strong>itaque</strong></span> <span class='ocrx_word' id='word_1_805' title='bbox 3871 3986 3935 4030; x_wconf 74' lang='lat' dir='ltr'><strong>et</strong></span> 
     </span>
    </p>
   </div>
   <div class='ocr_carea' id='block_1_104' title="bbox 2360 4064 3930 4136">
    <p class='ocr_par' dir='ltr' id='par_1_104' title="bbox 2360 4064 3930 4136">
     <span class='ocr_line' id='line_1_104' title="bbox 2360 4064 3930 4136; baseline 0.002 -17"><span class='ocrx_word' id='word_1_806' title='bbox 2360 4065 2450 4119; x_wconf 92' lang='lat' dir='ltr'><strong>hic</strong></span> <span class='ocrx_word' id='word_1_807' title='bbox 2479 4064 2795 4118; x_wconf 75' lang='lat' dir='ltr'><strong>vivificante</strong></span> <span class='ocrx_word' id='word_1_808' title='bbox 2833 4078 3061 4133; x_wconf 83' lang='lat' dir='ltr'><strong>corpora</strong></span> <span class='ocrx_word' id='word_1_809' title='bbox 3093 4076 3276 4119; x_wconf 89' lang='lat' dir='ltr'><strong>nostra</strong></span> <span class='ocrx_word' id='word_1_810' title='bbox 3311 4066 3423 4136; x_wconf 73' lang='lat'><strong>(‘24)</strong></span> <span class='ocrx_word' id='word_1_811' title='bbox 3455 4077 3698 4133; x_wconf 90' lang='lat' dir='ltr'><strong>mortua,</strong></span> <span class='ocrx_word' id='word_1_812' title='bbox 3733 4084 3930 4136; x_wconf 86' lang='lat' dir='ltr'><strong>quem-</strong></span> 
     </span>
    </p>
   </div>
   <div class='ocr_carea' id='block_1_105' title="bbox 2358 4158 3930 4225">
    <p class='ocr_par' dir='ltr' id='par_1_105' title="bbox 2358 4158 3930 4225">
     <span class='ocr_line' id='line_1_105' title="bbox 2358 4158 3930 4225; baseline 0.002 -12"><span class='ocrx_word' id='word_1_813' title='bbox 2358 4160 2647 4214; x_wconf 86' lang='lat' dir='ltr'><strong>admodum</strong></span> <span class='ocrx_word' id='word_1_814' title='bbox 2690 4159 2875 4212; x_wconf 80' lang='lat' dir='ltr'><strong>videre</strong></span> <span class='ocrx_word' id='word_1_815' title='bbox 2919 4158 3107 4225; x_wconf 91' lang='lat' dir='ltr'><strong>adest,</strong></span> <span class='ocrx_word' id='word_1_816' title='bbox 3151 4168 3205 4212; x_wconf 90' lang='lat' dir='ltr'><strong>et</strong></span> <span class='ocrx_word' id='word_1_817' title='bbox 3245 4161 3695 4215; x_wconf 87' lang='lat' dir='ltr'><strong>resurrectionem</strong></span> <span class='ocrx_word' id='word_1_818' title='bbox 3721 4162 3802 4215; x_wconf 91' lang='lat' dir='ltr'><strong>eis</strong></span> <span class='ocrx_word' id='word_1_819' title='bbox 3839 4177 3930 4217; x_wconf 82' lang='lat' dir='ltr'><strong>re-</strong></span> 
     </span>
    </p>
   </div>
   <div class='ocr_carea' id='block_1_106' title="bbox 2358 4250 3928 4322">
    <p class='ocr_par' dir='ltr' id='par_1_106' title="bbox 2358 4250 3928 4322">
     <span class='ocr_line' id='line_1_106' title="bbox 2358 4250 3928 4322; baseline 0.003 -16"><span class='ocrx_word' id='word_1_820' title='bbox 2358 4254 2725 4322; x_wconf 87' lang='lat' dir='ltr'><strong>promittente,</strong></span> <span class='ocrx_word' id='word_1_821' title='bbox 2754 4261 2808 4304; x_wconf 89' lang='lat' dir='ltr'><strong>et</strong></span> <span class='ocrx_word' id='word_1_822' title='bbox 2835 4251 2899 4303; x_wconf 93' lang='lat' dir='ltr'><strong>de</strong></span> <span class='ocrx_word' id='word_1_823' title='bbox 2927 4250 3190 4319; x_wconf 85' lang='lat' dir='ltr'><strong>sepulcris</strong></span> <span class='ocrx_word' id='word_1_824' title='bbox 3219 4260 3271 4306; x_wconf 91' lang='lat' dir='ltr'><strong>et</strong></span> <span class='ocrx_word' id='word_1_825' title='bbox 3301 4254 3669 4308; x_wconf 90' lang='lat' dir='ltr'><strong>monumentis</strong></span> <span class='ocrx_word' id='word_1_826' title='bbox 3694 4254 3928 4310; x_wconf 83' lang='lat' dir='ltr'><strong>suscita-</strong></span> 
     </span>
    </p>
   </div>
   <div class='ocr_carea' id='block_1_107' title="bbox 2360 4342 3925 4411">
    <p class='ocr_par' dir='ltr' id='par_1_107' title="bbox 2360 4342 3925 4411">
     <span class='ocr_line' id='line_1_107' title="bbox 2360 4342 3925 4411; baseline 0.002 -12"><span class='ocrx_word' id='word_1_827' title='bbox 2360 4347 2592 4410; x_wconf 83' lang='lat' dir='ltr'><strong>tionem,</strong></span> <span class='ocrx_word' id='word_1_828' title='bbox 2644 4355 2700 4399; x_wconf 92' lang='lat' dir='ltr'><strong>et</strong></span> <span class='ocrx_word' id='word_1_829' title='bbox 2747 4342 3173 4411; x_wconf 85' lang='lat' dir='ltr'><strong>incorruptelam</strong></span> <span class='ocrx_word' id='word_1_830' title='bbox 3229 4343 3501 4398; x_wconf 86' lang='lat' dir='ltr'><strong>donante:</strong></span> <span class='ocrx_word' id='word_1_831' title='bbox 3539 4362 3556 4396; x_wconf 72' lang='grc' dir='ltr'>ι</span> <span class='ocrx_word' id='word_1_832' title='bbox 3610 4345 3925 4402; x_wconf 88' lang='lat' dir='ltr'><strong>Secundum</strong></span> 
     </span>
    </p>
   </div>
   <div class='ocr_carea' id='block_1_108' title="bbox 2358 4435 4016 4509">
    <p class='ocr_par' dir='ltr' id='par_1_108' title="bbox 2358 4435 4016 4509">
     <span class='ocr_line' id='line_1_108' title="bbox 2358 4435 4016 4509; baseline 0.002 -18"><span class='ocrx_word' id='word_1_833' title='bbox 2358 4440 2500 4492; x_wconf 91' lang='lat' dir='ltr'><strong>enim</strong></span> <span class='ocrx_word' id='word_1_834' title='bbox 2528 4439 2732 4509; x_wconf 86' lang='lat' dir='ltr'><strong>lignum</strong></span> <span class='ocrx_word' id='word_1_835' title='bbox 2760 4438 2904 4501; x_wconf 71' lang='lat' dir='ltr'><strong>vitae,</strong></span> <span class='ocrx_word' id='word_1_836' title='bbox 2932 4437 3025 4503; x_wconf 91' lang='lat' dir='ltr'><strong>ait,</strong></span> <span class='ocrx_word' id='word_1_837' title='bbox 3056 4436 3170 4491; x_wconf 89' lang='lat' dir='ltr'><strong>dies</strong></span> <span class='ocrx_word' id='word_1_838' title='bbox 3207 4435 3449 4505; x_wconf 88' lang='lat' dir='ltr'><strong>ipsorum</strong></span> <span class='ocrx_word' id='word_1_839' title='bbox 3487 4439 3744 4502; x_wconf 69' lang='lat' dir='ltr'><strong>erunt”;</strong></span> <span class='ocrx_word' id='word_1_840' title='bbox 3782 4457 3802 4489; x_wconf 69' lang='grc' dir='ltr'>ι</span> <span class='ocrx_word' id='word_1_841' title='bbox 3835 4438 3928 4494; x_wconf 89' lang='lat' dir='ltr'><strong>hic</strong></span> <span class='ocrx_word' id='word_1_842' title='bbox 4007 4496 4016 4505; x_wconf 69' lang='grc'><em>,</em></span> 
     </span>
    </p>
   </div>
   <div class='ocr_carea' id='block_1_109' title="bbox 2312 4494 3924 4599">
    <p class='ocr_par' dir='ltr' id='par_1_109' title="bbox 2312 4494 3924 4599">
     <span class='ocr_line' id='line_1_109' title="bbox 2312 4494 3924 4599; baseline 0.001 -13"><span class='ocrx_word' id='word_1_843' title='bbox 2312 4494 2332 4544; x_wconf 67' lang='grc'><strong>)</strong></span> <span class='ocrx_word' id='word_1_844' title='bbox 2361 4533 2506 4587; x_wconf 90' lang='lat' dir='ltr'><strong>solus</strong></span> <span class='ocrx_word' id='word_1_845' title='bbox 2535 4534 2677 4587; x_wconf 91' lang='lat' dir='ltr'><strong>Deus</strong></span> <span class='ocrx_word' id='word_1_846' title='bbox 2701 4531 3032 4593; x_wconf 88' lang='lat' dir='ltr'><strong>ostenditur,</strong></span> <span class='ocrx_word' id='word_1_847' title='bbox 3059 4532 3148 4599; x_wconf 90' lang='lat' dir='ltr'><strong>qui</strong></span> <span class='ocrx_word' id='word_1_848' title='bbox 3183 4533 3297 4585; x_wconf 61' lang='lat' dir='ltr'><strong>haec</strong></span> <span class='ocrx_word' id='word_1_849' title='bbox 3328 4530 3471 4593; x_wconf 86' lang='lat' dir='ltr'><strong>facit,</strong></span> <span class='ocrx_word' id='word_1_850' title='bbox 3514 4540 3567 4587; x_wconf 91' lang='lat' dir='ltr'><strong>et</strong></span> <span class='ocrx_word' id='word_1_851' title='bbox 3603 4533 3716 4599; x_wconf 90' lang='lat' dir='ltr'><strong>ipse</strong></span> <span class='ocrx_word' id='word_1_852' title='bbox 3747 4533 3924 4587; x_wconf 87' lang='lat' dir='ltr'><strong>bonus</strong></span> 
     </span>
    </p>
   </div>
   <div class='ocr_carea' id='block_1_110' title="bbox 2362 4620 3926 4691">
    <p class='ocr_par' dir='ltr' id='par_1_110' title="bbox 2362 4620 3926 4691">
     <span class='ocr_line' id='line_1_110' title="bbox 2362 4620 3926 4691; baseline 0 -14"><span class='ocrx_word' id='word_1_853' title='bbox 2362 4625 2536 4688; x_wconf 88' lang='lat' dir='ltr'><strong>Pater,</strong></span> <span class='ocrx_word' id='word_1_854' title='bbox 2570 4624 2803 4690; x_wconf 87' lang='lat' dir='ltr'><strong>benigne</strong></span> <span class='ocrx_word' id='word_1_855' title='bbox 2820 4622 2986 4674; x_wconf 89' lang='lat' dir='ltr'><strong>vitam</strong></span> <span class='ocrx_word' id='word_1_856' title='bbox 3015 4620 3224 4675; x_wconf 90' lang='lat' dir='ltr'><strong>donans</strong></span> <span class='ocrx_word' id='word_1_857' title='bbox 3257 4621 3374 4686; x_wconf 89' lang='lat' dir='ltr'><strong>his,</strong></span> <span class='ocrx_word' id='word_1_858' title='bbox 3403 4622 3492 4691; x_wconf 88' lang='lat' dir='ltr'><strong>qui</strong></span> <span class='ocrx_word' id='word_1_859' title='bbox 3517 4637 3579 4678; x_wconf 84' lang='lat' dir='ltr'><strong>ex</strong></span> <span class='ocrx_word' id='word_1_860' title='bbox 3615 4640 3672 4678; x_wconf 85' lang='lat' dir='ltr'><strong>se</strong></span> <span class='ocrx_word' id='word_1_861' title='bbox 3695 4639 3799 4678; x_wconf 90' lang='lat' dir='ltr'><strong>non</strong></span> <span class='ocrx_word' id='word_1_862' title='bbox 3826 4624 3926 4677; x_wconf 88' lang='lat' dir='ltr'><strong>ha-</strong></span> 
     </span>
    </p>
   </div>
   <div class='ocr_carea' id='block_1_111' title="bbox 2360 4717 2736 4773">
    <p class='ocr_par' dir='ltr' id='par_1_111' title="bbox 2360 4717 2736 4773">
     <span class='ocr_line' id='line_1_111' title="bbox 2360 4717 2736 4773; baseline -0.011 0"><span class='ocrx_word' id='word_1_863' title='bbox 2360 4720 2520 4773; x_wconf 84' lang='lat' dir='ltr'><strong>beant</strong></span> <span class='ocrx_word' id='word_1_864' title='bbox 2553 4717 2736 4769; x_wconf 77' lang='lat' dir='ltr'><strong>vitam.</strong></span> 
     </span>
    </p>
   </div>
   <div class='ocr_carea' id='block_1_112' title="bbox 3032 4808 3918 4876">
    <p class='ocr_par' dir='ltr' id='par_1_112' title="bbox 3032 4808 3918 4876">
     <span class='ocr_line' id='line_1_112' title="bbox 3032 4808 3918 4876; baseline 0.007 -16"><span class='ocrx_word' id='word_1_865' title='bbox 3032 4809 3076 4860; x_wconf 65' lang='grc'><strong>9³</strong></span> <span class='ocrx_word' id='word_1_866' title='bbox 3108 4808 3264 4873; x_wconf 88' lang='lat' dir='ltr'><strong>Ibid.,</strong></span> <span class='ocrx_word' id='word_1_867' title='bbox 3307 4809 3366 4862; x_wconf 71' lang='lat'><strong>2|</strong></span> <span class='ocrx_word' id='word_1_868' title='bbox 3399 4850 3414 4874; x_wconf 88' lang='lat'><strong>,</strong></span> <span class='ocrx_word' id='word_1_869' title='bbox 3466 4809 3562 4873; x_wconf 70' lang='lat'><strong>22;</strong></span> <span class='ocrx_word' id='word_1_870' title='bbox 3624 4827 3731 4876; x_wconf 85' lang='lat' dir='ltr'><strong>vu,</strong></span> <span class='ocrx_word' id='word_1_871' title='bbox 3766 4811 3820 4874; x_wconf 82' lang='grc'>5,</span> <span class='ocrx_word' id='word_1_872' title='bbox 3865 4813 3918 4866; x_wconf 88' lang='grc'><strong>6.</strong></span> 
     </span>
    </p>
   </div>
   <div class='ocr_carea' id='block_1_113' title="bbox 2522 4882 3921 4950">
    <p class='ocr_par' dir='ltr' id='par_1_113' title="bbox 2522 4882 3921 4950">
     <span class='ocr_line' id='line_1_113' title="bbox 2522 4882 3921 4950; baseline 0.011 -19"><span class='ocrx_word' id='word_1_873' title='bbox 2522 4885 2564 4915; x_wconf 78' lang='grc'><strong>⁸⁷</strong></span> <span class='ocrx_word' id='word_1_874' title='bbox 2603 4882 2802 4937; x_wconf 78' lang='lat' dir='ltr'><strong>Ezech.</strong></span> <span class='ocrx_word' id='word_1_875' title='bbox 2839 4895 3045 4946; x_wconf 78' lang='lat' dir='ltr'><strong>xxxv”,</strong></span> <span class='ocrx_word' id='word_1_876' title='bbox 3081 4882 3106 4935; x_wconf 84' lang='lat' dir='ltr'><strong>I</strong></span> <span class='ocrx_word' id='word_1_877' title='bbox 3149 4890 3204 4935; x_wconf 85' lang='lat' dir='ltr'><strong>et</strong></span> <span class='ocrx_word' id='word_1_878' title='bbox 3246 4895 3399 4950; x_wconf 81' lang='lat' dir='ltr'><strong>seqq.</strong></span> <span class='ocrx_word' id='word_1_879' title='bbox 3477 4882 3521 4912; x_wconf 77' lang='lat'><strong>°&#39;</strong></span> <span class='ocrx_word' id='word_1_880' title='bbox 3559 4882 3718 4949; x_wconf 44' lang='lat' dir='ltr'><strong>Ibid”</strong></span> <span class='ocrx_word' id='word_1_881' title='bbox 3768 4883 3835 4937; x_wconf 69' lang='grc'>12</span> <span class='ocrx_word' id='word_1_882' title='bbox 3865 4896 3921 4938; x_wconf 71' lang='grc' dir='ltr'><strong>ει</strong></span> 
     </span>
    </p>
   </div>
   <div class='ocr_carea' id='block_1_114' title="bbox 2425 5049 3917 5124">
    <p class='ocr_par' dir='ltr' id='par_1_114' title="bbox 2425 5049 3917 5124">
     <span class='ocr_line' id='line_1_114' title="bbox 2425 5049 3917 5124; baseline 0.001 -17"><span class='ocrx_word' id='word_1_883' title='bbox 2425 5052 2535 5124; x_wconf 85' lang='lat' dir='ltr'><strong>(l9)</strong></span> <span class='ocrx_word' id='word_1_884' title='bbox 2572 5049 2674 5118; x_wconf 80' lang='lat' dir='ltr'><strong>Qui</strong></span> <span class='ocrx_word' id='word_1_885' title='bbox 2703 5051 2896 5122; x_wconf 77' lang='lat' dir='ltr'><strong>fecisti.</strong></span> <span class='ocrx_word' id='word_1_886' title='bbox 2932 5050 3043 5105; x_wconf 88' lang='lat' dir='ltr'><strong>Has</strong></span> <span class='ocrx_word' id='word_1_887' title='bbox 3073 5065 3236 5107; x_wconf 86' lang='lat' dir='ltr'><strong>voces</strong></span> <span class='ocrx_word' id='word_1_888' title='bbox 3275 5065 3379 5104; x_wconf 93' lang='lat' dir='ltr'><strong>non</strong></span> <span class='ocrx_word' id='word_1_889' title='bbox 3411 5059 3712 5119; x_wconf 84' lang='lat' dir='ltr'><strong>agnoscunt</strong></span> <span class='ocrx_word' id='word_1_890' title='bbox 3740 5052 3917 5108; x_wconf 86' lang='lat' dir='ltr'><strong>nostri</strong></span> 
     </span>
    </p>
   </div>
   <div class='ocr_carea' id='block_1_115' title="bbox 2349 5123 2722 5178">
    <p class='ocr_par' dir='ltr' id='par_1_115' title="bbox 2349 5123 2722 5178">
     <span class='ocr_line' id='line_1_115' title="bbox 2349 5123 2722 5178; baseline 0.003 -3"><span class='ocrx_word' id='word_1_891' title='bbox 2349 5123 2455 5176; x_wconf 66' lang='grc' dir='ltr'><strong>τῶν</strong></span> <span class='ocrx_word' id='word_1_892' title='bbox 2483 5123 2539 5176; x_wconf 87' lang='lat'><strong>0’</strong></span> <span class='ocrx_word' id='word_1_893' title='bbox 2568 5124 2722 5178; x_wconf 87' lang='lat' dir='ltr'><strong>codd.</strong></span> 
     </span>
    </p>
   </div>
   <div class='ocr_carea' id='block_1_116' title="bbox 2423 5190 3926 5265">
    <p class='ocr_par' dir='ltr' id='par_1_116' title="bbox 2423 5190 3926 5265">
     <span class='ocr_line' id='line_1_116' title="bbox 2423 5190 3926 5265; baseline -0.001 -17"><span class='ocrx_word' id='word_1_894' title='bbox 2423 5196 2534 5265; x_wconf 75' lang='lat'><strong>(&#39;20)</strong></span> <span class='ocrx_word' id='word_1_895' title='bbox 2565 5195 2736 5260; x_wconf 81' lang='lat' dir='ltr'><strong>Super</strong></span> <span class='ocrx_word' id='word_1_896' title='bbox 2766 5210 2847 5246; x_wconf 89' lang='lat' dir='ltr'><strong>ea.</strong></span> <span class='ocrx_word' id='word_1_897' title='bbox 2888 5193 3144 5265; x_wconf 44' lang='lat' dir='ltr'><strong>Clarum.)</strong></span> <span class='ocrx_word' id='word_1_898' title='bbox 3187 5190 3340 5246; x_wconf 82' lang='lat' dir='ltr'><strong>Voss.</strong></span> <span class='ocrx_word' id='word_1_899' title='bbox 3383 5203 3436 5244; x_wconf 88' lang='lat' dir='ltr'><strong>et</strong></span> <span class='ocrx_word' id='word_1_900' title='bbox 3465 5190 3628 5245; x_wconf 81' lang='lat' dir='ltr'><strong>Merc.</strong></span> <span class='ocrx_word' id='word_1_901' title='bbox 3667 5192 3689 5244; x_wconf 86' lang='lat' dir='ltr'><strong>I</strong></span> <span class='ocrx_word' id='word_1_902' title='bbox 3718 5232 3732 5257; x_wconf 97' lang='lat'><strong>,</strong></span> <span class='ocrx_word' id='word_1_903' title='bbox 3763 5209 3926 5262; x_wconf 77' lang='lat' dir='ltr'><strong>super</strong></span> 
     </span>
    </p>
   </div>
   <div class='ocr_carea' id='block_1_117' title="bbox 2348 5260 3159 5332">
    <p class='ocr_par' dir='ltr' id='par_1_117' title="bbox 2348 5260 3159 5332">
     <span class='ocr_line' id='line_1_117' title="bbox 2348 5260 3159 5332; baseline -0.006 -14"><span class='ocrx_word' id='word_1_904' title='bbox 2348 5260 2484 5319; x_wconf 71' lang='lat' dir='ltr'><strong>eaiii.</strong></span> <span class='ocrx_word' id='word_1_905' title='bbox 2517 5260 2632 5316; x_wconf 72' lang='lat' dir='ltr'><strong>Sed</strong></span> <span class='ocrx_word' id='word_1_906' title='bbox 2668 5275 2968 5332; x_wconf 86' lang='lat' dir='ltr'><strong>repugnant</strong></span> <span class='ocrx_word' id='word_1_907' title='bbox 2999 5260 3159 5315; x_wconf 80' lang='lat' dir='ltr'><strong>LXX.</strong></span> 
     </span>
    </p>
   </div>
   <div class='ocr_carea' id='block_1_118' title="bbox 2421 5330 3921 5407">
    <p class='ocr_par' dir='ltr' id='par_1_118' title="bbox 2421 5330 3921 5407">
     <span class='ocr_line' id='line_1_118' title="bbox 2421 5330 3921 5407; baseline -0.001 -19"><span class='ocrx_word' id='word_1_908' title='bbox 2421 5333 2533 5407; x_wconf 68' lang='lat' dir='ltr'><strong>(2i)</strong></span> <span class='ocrx_word' id='word_1_909' title='bbox 2570 5330 2948 5407; x_wconf 12' lang='lat' dir='ltr'><strong>Utrreduéaim.</strong></span> <span class='ocrx_word' id='word_1_910' title='bbox 2983 5335 3058 5388; x_wconf 83' lang='lat' dir='ltr'><strong>Ita</strong></span> <span class='ocrx_word' id='word_1_911' title='bbox 3105 5333 3365 5393; x_wconf 76' lang='lat' dir='ltr'><strong>Clarom.,</strong></span> <span class='ocrx_word' id='word_1_912' title='bbox 3411 5331 3644 5407; x_wconf 60' lang='lat' dir='ltr'><strong>Arund.,</strong></span> <span class='ocrx_word' id='word_1_913' title='bbox 3686 5330 3853 5387; x_wconf 79' lang='lat' dir='ltr'><strong>Mere.</strong></span> <span class='ocrx_word' id='word_1_914' title='bbox 3883 5333 3921 5387; x_wconf 71' lang='lat'><strong>‘2</strong></span> 
     </span>
    </p>
   </div>
   <div class='ocr_carea' id='block_1_119' title="bbox 2350 5404 3597 5473">
    <p class='ocr_par' dir='ltr' id='par_1_119' title="bbox 2350 5404 3597 5473">
     <span class='ocr_line' id='line_1_119' title="bbox 2350 5404 3597 5473; baseline -0.005 -13"><span class='ocrx_word' id='word_1_915' title='bbox 2350 5417 2402 5460; x_wconf 85' lang='lat' dir='ltr'><strong>et</strong></span> <span class='ocrx_word' id='word_1_916' title='bbox 2433 5404 2599 5460; x_wconf 83' lang='lat' dir='ltr'><strong>Grah.</strong></span> <span class='ocrx_word' id='word_1_917' title='bbox 2632 5406 2776 5473; x_wconf 80' lang='lat' dir='ltr'><strong>juxta</strong></span> <span class='ocrx_word' id='word_1_918' title='bbox 2813 5404 2973 5471; x_wconf 77' lang='lat' dir='ltr'><strong>LXX,</strong></span> <span class='ocrx_word' id='word_1_919' title='bbox 3007 5407 3214 5469; x_wconf 63' lang='lat' dir='ltr'><strong>caeleri,</strong></span> <span class='ocrx_word' id='word_1_920' title='bbox 3247 5414 3292 5455; x_wconf 80' lang='lat' dir='ltr'><strong>et</strong></span> <span class='ocrx_word' id='word_1_921' title='bbox 3329 5404 3597 5455; x_wconf 84' lang='lat' dir='ltr'><strong>reducant.</strong></span> 
     </span>
    </p>
   </div>
   <div class='ocr_carea' id='block_1_120' title="bbox 2422 5474 3918 5548">
    <p class='ocr_par' dir='ltr' id='par_1_120' title="bbox 2422 5474 3918 5548">
     <span class='ocr_line' id='line_1_120' title="bbox 2422 5474 3918 5548; baseline 0 -20"><span class='ocrx_word' id='word_1_922' title='bbox 2422 5476 2534 5548; x_wconf 55' lang='grc' dir='ltr'><strong>(ἓῆ)</strong></span> <span class='ocrx_word' id='word_1_923' title='bbox 2574 5478 2712 5540; x_wconf 74' lang='lat' dir='ltr'><strong>Quia</strong></span> <span class='ocrx_word' id='word_1_924' title='bbox 2756 5492 2847 5544; x_wconf 85' lang='lat' dir='ltr'><strong>ego</strong></span> <span class='ocrx_word' id='word_1_925' title='bbox 2893 5477 3170 5531; x_wconf 83' lang='lat' dir='ltr'><strong>Dominus.</strong></span> <span class='ocrx_word' id='word_1_926' title='bbox 3208 5475 3448 5528; x_wconf 73' lang='lat' dir='ltr'><strong>Clarom.</strong></span> <span class='ocrx_word' id='word_1_927' title='bbox 3477 5513 3492 5536; x_wconf 95' lang='lat'><strong>,</strong></span> <span class='ocrx_word' id='word_1_928' title='bbox 3539 5474 3784 5541; x_wconf 83' lang='lat' dir='ltr'><strong>quoniam</strong></span> <span class='ocrx_word' id='word_1_929' title='bbox 3822 5491 3918 5544; x_wconf 83' lang='lat' dir='ltr'><strong>ego</strong></span> 
     </span>
    </p>
   </div>
   <div class='ocr_carea' id='block_1_121' title="bbox 2348 5546 2768 5600">
    <p class='ocr_par' dir='ltr' id='par_1_121' title="bbox 2348 5546 2768 5600">
     <span class='ocr_line' id='line_1_121' title="bbox 2348 5546 2768 5600; baseline -0.002 0"><span class='ocrx_word' id='word_1_930' title='bbox 2348 5546 2460 5600; x_wconf 78' lang='lat' dir='ltr'><strong>sunt</strong></span> <span class='ocrx_word' id='word_1_931' title='bbox 2488 5546 2768 5600; x_wconf 73' lang='lat' dir='ltr'><strong>“Dominus.</strong></span> 
     </span>
    </p>
   </div>
   <div class='ocr_carea' id='block_1_122' title="bbox 2419 5617 3890 5696">
    <p class='ocr_par' dir='ltr' id='par_1_122' title="bbox 2419 5617 3890 5696">
     <span class='ocr_line' id='line_1_122' title="bbox 2419 5617 3890 5696; baseline -0.001 -28"><span class='ocrx_word' id='word_1_932' title='bbox 2569 5617 2721 5696; x_wconf 70' lang='grc' dir='ltr'><strong>ρει-ξι.</strong></span> <span class='ocrx_word' id='word_1_933' title='bbox 2765 5617 2874 5679; x_wconf 84' lang='grc' dir='ltr'><strong>ΑΙ..</strong></span> <span class='ocrx_word' id='word_1_934' title='bbox 2915 5617 3114 5696; x_wconf 48' lang='lat' dir='ltr'><strong>dixit.“</strong></span> <span class='ocrx_word' id='word_1_935' title='bbox 3182 5685 3234 5696; x_wconf 62' lang='grc' dir='ltr'><strong>Μ</strong></span> <span class='ocrx_word' id='word_1_936' title='bbox 3483 5695 3488 5696; x_wconf 12' lang='lat'><em>7</em></span> <span class='ocrx_word' id='word_1_937' title='bbox 3536 5687 3550 5696; x_wconf 44' lang='lat'><strong>-</strong></span> <span class='ocrx_word' id='word_1_938' title='bbox 3697 5686 3708 5696; x_wconf 41' lang='lat' dir='ltr'><strong>I</strong></span> 
     </span>
    </p>
   </div>
   <div class='ocr_carea' id='block_1_123' title="bbox 2421 5684 3918 5758">
    <p class='ocr_par' dir='ltr' id='par_1_123' title="bbox 2421 5684 3918 5758">
     <span class='ocr_line' id='line_1_123' title="bbox 2421 5684 3918 5758; baseline -0.001 -19"><span class='ocrx_word' id='word_1_939' title='bbox 2421 5688 2532 5757; x_wconf 70' lang='lat'><strong>(‘24)</strong></span> <span class='ocrx_word' id='word_1_940' title='bbox 2563 5687 2794 5758; x_wconf 80' lang='lat' dir='ltr'><strong>Corpora</strong></span> <span class='ocrx_word' id='word_1_941' title='bbox 2827 5698 3023 5743; x_wconf 74' lang='lat' dir='ltr'><strong>nostra.</strong></span> <span class='ocrx_word' id='word_1_942' title='bbox 3060 5687 3148 5743; x_wconf 89' lang='lat' dir='ltr'><strong>Sic</strong></span> <span class='ocrx_word' id='word_1_943' title='bbox 3176 5685 3412 5744; x_wconf 80' lang='lat' dir='ltr'><strong>Clarum.</strong></span> <span class='ocrx_word' id='word_1_944' title='bbox 3442 5695 3495 5740; x_wconf 90' lang='lat' dir='ltr'><strong>et</strong></span> <span class='ocrx_word' id='word_1_945' title='bbox 3523 5686 3731 5740; x_wconf 82' lang='lat' dir='ltr'><strong>Arund.</strong></span> <span class='ocrx_word' id='word_1_946' title='bbox 3757 5700 3770 5751; x_wconf 90' lang='lat'><strong>;</strong></span> <span class='ocrx_word' id='word_1_947' title='bbox 3796 5684 3918 5754; x_wconf 84' lang='lat' dir='ltr'><strong>alii,</strong></span> 
     </span>
    </p>
   </div>
   <div class='ocr_carea' id='block_1_124' title="bbox 2349 5769 2536 5813">
    <p class='ocr_par' dir='ltr' id='par_1_124' title="bbox 2349 5769 2536 5813">
     <span class='ocr_line' id='line_1_124' title="bbox 2349 5769 2536 5813; baseline 0.011 -1"><span class='ocrx_word' id='word_1_948' title='bbox 2349 5769 2536 5813; x_wconf 76' lang='lat' dir='ltr'><strong>vestra.</strong></span> 
     </span>
    </p>
   </div>
  </div>
