4238 6316
301 413 438 472 1165

1452 405 1729 466 CONTRA
1767 397 2107 464 HADRESES
2146 406 2271 460 Lm.
2315 403 2377 460 ι’.

3404 395 3544 462 me

369 531 425 585 ει.
460 530 527 584 Et
553 537 774 600 propter
800 525 903 582 hoc
927 524 1369 583 manifestissime
1395 528 1654 582 Dominus
1687 537 1866 582 osten-
1896 535 1940 590 Α
1969 530 2159 584 matris
2209 543 2339 580 meae
2364 567 2377 588 ,
2440 526 2516 578 uti
2572 523 3004 594 evangelizarem
3063 541 3186 580 eum
3242 526 3294 579 in
3359 527 3542 596 gentid

297 623 379 677 dit
409 639 489 687 se,
523 637 575 676 et
599 622 814 676 Patrem
844 621 1060 689 quidem
1086 621 1198 674 suis
1225 620 1540 687 discipulis;
1569 636 1632 673 ne
1660 620 1866 674 scilicet

297 727 604 786 quaererent
627 718 854 770 alterum
886 714 1078 780 Deum,
1112 724 1308 784 praater
1336 727 1457 767 eum
1500 715 1589 783 qui
1624 715 1861 783 plasma-

294 807 433 860 verit
462 806 755 867 hominem,
782 813 838 858 et
858 803 1092 858 atilatum
1122 805 1242 859 vitae
1267 806 1549 858 donaverit
1574 805 1656 869 ei;
1693 818 1866 872 neque

292 901 349 956 in
382 909 585 956 tantam
614 899 886 953 insaniam
918 901 1294 969 procederent,
1329 900 1404 953 uti
1433 915 1592 968 super
1615 899 1865 952 Demiur-

292 1006 420 1061 gum
453 991 682 1046 alterum
706 991 1025 1060 attingerent
1065 992 1306 1046 Patrem.
1352 991 1417 1044 Et
1458 992 1579 1045 ideo
1626 991 1864 1059 reliquos

291 1082 510 1148 quidem
543 1097 752 1147 omnes,
784 1083 1198 1151 quibuscunqtie
1227 1092 1445 1151 propter
1470 1083 1864 1151 transgressio-

290 1189 416 1228 nem
475 1187 666 1228 eorum
724 1175 1052 1227 eveniebant
1100 1176 1424 1244 ianguores,
1475 1175 1705 1228 curabat
1746 1188 1863 1228 ser—

291 1279 483 1330 mone;
524 1267 724 1335 quibus
772 1275 827 1320 et.
859 1265 1108 1320 dicebat:
1141 1285 1158 1316 ι
1191 1265 1330 1320 Ecce
1363 1281 1524 1320 sanus
1551 1265 1724 1320 factus
1767 1280 1857 1329 es,

279 1355 396 1426 iam
443 1361 553 1413 noli
590 1371 844 1427 peccare,
886 1373 953 1413 ne
996 1362 1122 1428 quid
1171 1360 1264 1414 tibi
1317 1359 1554 1414 deterius
1581 1360 1674 1414 flat
1703 1351 1784 1425 7‘;
1835 1380 1854 1413 ι

287 1452 648 1508 manifestans
681 1455 940 1522 quoniam
986 1464 1216 1522 propter
1256 1452 1633 1508 inobedientia‘.
1671 1469 1861 1522 pecca-

285 1554 402 1598 tum
428 1545 701 1600 subsecuti
729 1555 856 1599 sunt
884 1546 1173 1616 languores
1205 1549 1540 1603 hominibus.
1585 1548 1646 1602 Ei
1677 1558 1858 1603 autem

284 1642 378 1710 qui
413 1656 590 1697 cacus
622 1643 808 1696 fuerat
841 1658 869 1695 a
901 1644 1209 1707 nativitate,
1239 1644 1346 1711 jam
1381 1659 1486 1697 non
1524 1659 1620 1712 per
1646 1658 1856 1698 sermo-

284 1749 408 1787 nem
437 1774 454 1798 ,
505 1733 600 1788 sed
636 1749 734 1802 per
782 1736 1159 1802 operationem
1195 1736 1453 1801 praestitit
1488 1737 1702 1801 visum;
1752 1751 1856 1790 non

279 1833 444 1884 vane,
483 1834 655 1886 neque
689 1831 847 1888 prout
876 1823 1056 1875 evenit
1087 1822 1187 1874 hoc
1219 1819 1443 1886 faciens,
1468 1825 1561 1876 sed
1591 1834 1648 1876 ut
1675 1836 1858 1878 osten-

1969 623 2070 676 bus
2093 622 2157 672 ⁷⁸.
2205 640 2222 672 ι
2262 620 2393 674 Cum
2433 633 2563 687 ergo
2591 620 2644 672 in
2678 627 2866 673 ventre
2899 634 2926 671 a
2965 619 3140 673 Verbo
3166 620 3499 682 plasmemur
3521 655 3538 685 ,

1969 714 2200 782 idipsum
2233 711 2466 766 Verbum
2493 712 2566 777 ei,
2601 711 2746 780 quia
2785 711 3075 765 nativitate
3107 727 3285 766 caecus
3318 711 3537 778 fuerat,

1967 803 2220 858 formavit
2250 808 2550 866 visionem;
2585 820 2730 870 eum,
2758 806 2847 872 qui
2874 804 2925 857 in
2958 805 3279 860 abscondito
3303 808 3539 875 plasma-

1968 907 2052 950 tor
2080 909 2264 951 nas-ter
2307 907 2429 964 est,
2476 899 2528 950 in
2581 896 2873 951 manifesto
2911 899 3234 963 ostendens,
3280 901 3539 968 quoniam

1967 989 2139 1057 ipsum
2169 989 2406 1043 Verbum
2448 989 2795 1044 manifestum
2832 989 3146 1044 hominibus
3180 991 3382 1046 faetum
3425 992 3540 1046 fue—

1966 1089 2086 1144 rat;
2123 1089 2175 1134 et
2205 1084 2486 1148 antiquam
2517 1081 2932 1150 plasmationem
2976 1082 3105 1136 Adae
3136 1085 3448 1148 disserens,
3483 1094 3540 1139 et

1963 1172 2236 1241 quomodo
2260 1170 2432 1226 factus
2459 1183 2561 1237 est,
2591 1181 2646 1226 et
2677 1189 2771 1243 per
2806 1188 2966 1243 quam
3001 1175 3298 1243 plasmatus
3326 1187 3410 1229 est
3432 1192 3540 1228 ma-

1965 1281 2114 1329 num,
2149 1279 2215 1319 ex
2239 1273 2398 1334 parte
2431 1273 2600 1319 totum
2629 1267 2937 1320 ostendens.
2964 1266 3064 1333 Qui
3097 1268 3245 1320 enim
3271 1267 3538 1322 visionem

1963 1353 2222 1408 formavit
2254 1353 2538 1418 Dominus,
2569 1351 2657 1408 h'i'c
2677 1364 2761 1409 est
2786 1356 2876 1423 qui
2911 1357 3224 1409 universum
3258 1357 3534 1411 hominem

1961 1450 2220 1505 formavit
2255 1449 2392 1519 (55),
2424 1450 2692 1504 voluntati
2730 1451 2910 1507 Patris
2934 1455 3273 1507 deserviens.
3308 1451 3374 1505 Et
3403 1468 3538 1521 quo-

1962 1544 2110 1598 niam
2159 1545 2212 1597 in
2265 1543 2350 1600 illa
2405 1543 2806 1612 plasmatione,
2857 1559 2977 1612 quae
3019 1546 3316 1598 secundum
3361 1546 3536 1599 Adam

1959 1635 2064 1690 fuit
2087 1636 2200 1707 (54)
2225 1679 2240 1704 ,
2278 1637 2332 1690 in
2366 1636 2802 1706 transgressione
2834 1636 3009 1690 factus
3040 1637 3200 1691 homo
3243 1637 3355 1709 (55)
3389 1638 3536 1691 indi-

1959 1730 2117 1798 gebat
2145 1731 2366 1785 lavacro
2400 1731 2867 1801 regenerationis;
2905 1741 3191 1799 postquam
3229 1731 3407 1786 linivit
3450 1733 3535 1787 lu-

1962 1833 2073 1876 tum
2106 1836 2270 1891 super
2301 1823 2489 1879 oculos
2516 1823 2654 1892 ejus.
2689 1824 2827 1876 dixit
2854 1823 2902 1876 ei
2940 1841 2951 1875 :
2986 1842 3002 1872 ι
3044 1823 3188 1878 Vade
3219 1823 3272 1877 in
3306 1825 3536 1890 Siloam,

279 1910 434 1964 deret
466 1927 683 1964 manum
718 1911 838 1976 Dei,
873 1928 992 1966 eam
1022 1927 1141 1980 qua:
1173 1915 1239 1966 ab
1264 1913 1421 1968 initio
1454 1915 1737 1983 plasmavit
1767 1917 1859 1970 ho-
1890 1888 1930 1941 Β
1962 1922 2015 1967 et
2046 1914 2227 1968 lavare
2255 1913 2333 1979 7';
2368 1933 2387 1966 ι
2427 1913 2587 1968 simul
2625 1922 2678 1967 et
2713 1914 3146 1982 plasmationem,
3175 1921 3232 1968 et
3261 1931 3380 1970 eam
3412 1933 3536 1987 qua:

281 1999 506 2056 minem.
547 2000 612 2053 Et
645 2011 928 2068 propterea
968 2003 1430 2071 interrogantibus
1456 2020 1576 2058 eum
1613 2004 1854 2075 discipu-

276 2088 365 2157 lis,
394 2106 498 2160 qua
537 2106 603 2144 ex
641 2107 803 2145 causa
836 2108 1023 2146 caicus
1053 2102 1213 2148 natus
1247 2104 1412 2160 esset,
1452 2106 1706 2152 utrumne
1735 2114 1851 2161 sua,

279 2197 347 2236 an
377 2194 660 2251 parentum
692 2183 886 2251 culpa?
920 2184 995 2237 ait
1029 2202 1041 2237 :
1072 2202 1090 2234 ‹
1128 2182 1239 2238 Nec
1269 2186 1355 2238 hic
1383 2191 1647 2253 peccavit,
1680 2204 1857 2258 neque

277 2284 531 2343 parentes
563 2274 699 2340 ejus.
730 2275 825 2328 scd
864 2284 923 2328 ut
955 2275 1377 2330 manifestentur
1407 2278 1517 2346 (25)
1551 2294 1715 2348 opera
1759 2280 1851 2334 Dei

278 2367 330 2417 in
366 2366 483 2433 ipso
512 2366 581 2418 ⁷⁷.
624 2384 640 2414 ι
678 2361 851 2434 Opera
887 2377 1065 2420 autem
1104 2367 1196 2420 Dei
1238 2368 1528 2436 plasrnatio
1555 2379 1640 2422 est
1675 2371 1853 2424 homi-

277 2455 383 2510 nis.
415 2455 566 2511 Hanc
620 2457 760 2510 enim
812 2455 924 2526 (26)
976 2473 1071 2524 per
1118 2460 1489 2527 operationem
1536 2459 1647 2528 (27)
1685 2459 1849 2521 fecit,

276 2549 737 2616 quemadmodum
776 2545 1061 2614 Scriptura
1099 2551 1209 2602 ait:
1252 2567 1270 2601 ι
1313 2550 1376 2603 Et
1411 2552 1638 2619 sumpsit
1668 2551 1852 2605 Domi-

276 2655 380 2693 nus
409 2640 596 2693 limum
629 2641 695 2693 de
730 2650 874 2694 terra
900 2680 916 2702 ,
967 2651 1024 2693 et
1068 2642 1357 2709 piasmavit
1413 2642 1684 2696 hominem
1720 2641 1787 2693 ".
1827 2661 1847 2694 ι

274 2731 617 2801 Quapropter
644 2741 698 2784 et
724 2730 985 2786 Dominus
1017 2735 1231 2801 exspuit
1260 2735 1312 2787 in
1347 2743 1572 2797 terram,
1607 2743 1662 2787 et
1691 2733 1852 2803 312

275 2823 408 2878 fecit
444 2824 639 2890 lutum,
670 2834 723 2878 et
767 2825 1121 2896 superlinivit
1153 2827 1279 2880 illud
1313 2828 1527 2891 oculis;
1564 2827 1852 2880 ostendens

275 2917 563 2985 antiquam
594 2916 1015 2988 plasmationem
1053 2919 1506 2986 quemadmodum
1556 2918 1696 2972 facta
1735 2928 1851 2984 est,

273 3015 331 3062 et
363 3021 585 3061 manum
621 3009 711 3062 Dei
744 3009 1109 3064 manifestans
1146 3011 1230 3063 his
1273 3011 1362 3079 qui
1402 3009 1701 3079 intelligere
1730 3024 1851 3078 pos-

274 3100 388 3154 sint
416 3099 567 3170 (28),
604 3114 700 3169 per
737 3116 900 3170 quam
949 3117 979 3156 e
1027 3102 1160 3156 limo
1208 3105 1502 3170 plasmatus
1537 3111 1618 3155 est
1666 3103 1848 3156 homo.

1963 2015 2047 2059 est
2074 2021 2170 2074 per
2199 2005 2473 2059 lavacrum
2525 2006 2993 2076 regenerationem
3042 2008 3328 2062 restituens
3363 2009 3433 2063 ei.
3469 2009 3538 2063 Et

1963 2108 2183 2167 propter
2219 2098 2322 2151 hoc
2363 2098 2507 2151 lotus
2535 2099 2686 2151 venit
2716 2097 2935 2161 videns,
2969 2110 3027 2150 ut
3056 2107 3112 2150 et
3139 2113 3294 2151 suum
3327 2115 3534 2169 cogno-

1962 2200 2138 2243 sceret
2165 2189 2569 2258 plasmatorem,
2607 2199 2660 2241 et
2684 2188 2921 2242 disceret
2957 2189 3121 2243 homo
3144 2205 3265 2243 eum
3299 2194 3390 2258 qui
3436 2194 3534 2247 tio-

1959 2279 2108 2332 navit
2132 2279 2180 2331 ei
2213 2279 2400 2331 vitam.

2026 2372 2080 2424 4.
2125 2371 2394 2424 Excidunt
2430 2372 2612 2438 itaque
2639 2380 2694 2424 et
2736 2370 2792 2425 hi
2829 2371 2922 2440 qui
2957 2387 2986 2425 a
3034 2370 3324 2427 Valentino
3368 2383 3531 2438 sunt,

1956 2465 2198 2518 dicentes
2218 2505 2232 2529 ,
2265 2479 2371 2517 non
2416 2474 2483 2516 ex
2518 2464 2622 2518 hac
2651 2474 2798 2518 terra
2829 2465 3155 2534 plasmatum
3186 2481 3306 2521 esse
3355 2468 3535 2521 homi-

1956 2569 2100 2619 nem,
2133 2556 2227 2608 sed
2255 2572 2281 2607 a
2321 2554 2483 2608 fluida
2517 2556 2748 2611 materia
2787 2566 2835 2611 et
2877 2556 3066 2614 effusa.
3110 2557 3188 2610 Ex
3239 2569 3342 2627 qua
3386 2560 3533 2613 enim

1959 2659 2101 2701 terra
2139 2648 2397 2702 Dominus
2428 2647 2542 2718 (56)
2577 2649 2627 2702 ei
2655 2647 2908 2703 formavit
2940 2650 3149 2715 oculos,
3181 2667 3244 2705 ex
3279 2654 3380 2706 hac
3418 2669 3533 2706 ma‘

1955 2738 2211 2793 nifestum
2257 2749 2344 2794 est
2391 2741 2648 2808 quoniam
2699 2750 2753 2795 et
2793 2741 2860 2793 ab
2907 2741 3063 2796 initio
3102 2743 3397 2811 plasmatus
3449 2753 3534 2800 est

1958 2833 2140 2887 homo.
2169 2832 2283 2886 Non
2317 2835 2460 2886 enim
2494 2849 2835 2903 consequens
2863 2845 3015 2900 erat,
3059 2835 3280 2891 aliunde
3307 2839 3530 2905 quidem

1955 2923 2162 2990 oculos,
2207 2924 2430 2979 aliunde
2458 2932 2640 2978 autem
2670 2926 2932 2992 reliquum
2968 2941 3166 2994 corpus
3202 2926 3531 2994 plasmatum

1957 3030 2076 3069 esse
2104 3040 2114 3070 ;
2143 3017 2600 3085 quemadmodum
2638 3033 2735 3071 nec
2769 3033 3108 3086 consequens
3142 3027 3256 3085 est,
3297 3019 3531 3074 alterum

1956 3108 2172 3176 quidem
2201 3122 2417 3177 corpus,
2447 3107 2676 3162 alterum
2713 3123 2842 3161 vero
2870 3109 3169 3177 plasmasse
3193 3111 3397 3165 oculos.
3426 3108 3533 3166 Sed

273 3193 428 3258 Quod
457 3193 599 3246 enim
630 3195 681 3247 iu
716 3205 906 3250 ventre
938 3196 1208 3264 plasmare
1239 3196 1350 3265 (‘29)
1387 3195 1733 3262 praetermisit
1762 3210 1852 3249 ar-
1875 3217 1922 3275 ρ
1958 3201 2100 3254 idem
2126 3200 2241 3268 ipse
2273 3199 2369 3268 qui
2398 3200 2466 3254 ab
2489 3199 2650 3255 initio
2679 3199 2967 3270 plasmavit
3006 3201 3177 3255 Adam
3199 3237 3216 3267 ,
3256 3218 3378 3257 cum
3420 3219 3531 3273 quo

275 3284 403 3338 tifex
439 3285 698 3350 Verbum,
730 3286 831 3340 hoc
859 3288 911 3340 in
938 3288 1229 3342 manifesto
1255 3288 1563 3356 adimplevit
1588 3303 1601 3352 ;
1633 3287 1711 3342 uti
1735 3303 1847 3342 ma-

272 3376 669 3430 nifestarentur
715 3393 879 3447 opera
915 3379 1008 3433 Dei
1045 3381 1099 3432 in
1136 3380 1286 3448 ipso,
1334 3394 1431 3432 nec
1473 3379 1582 3448 jam
1622 3379 1846 3434 alteram

273 3473 685 3541 requireremus
741 3488 962 3526 manum
993 3515 1007 3539 ,
1059 3489 1154 3542 per
1205 3490 1364 3542 quam
1418 3475 1713 3544 plasmatus
1769 3483 1852 3528 est

274 3565 476 3630 homo,
513 3579 689 3633 neque
725 3567 957 3619 alterum
1006 3563 1271 3632 Patrem;
1309 3568 1543 3622 scientes
1591 3569 1850 3636 quoniam

273 3670 396 3724 quae
428 3656 724 3724 plasmavit
755 3671 856 3712 nos
891 3657 1063 3722 initio,
1093 3669 1146 3713 et
1180 3659 1411 3725 plasmat
1434 3660 1488 3712 in
1518 3672 1707 3713 ventre
1739 3675 1849 3714 ma-

276 3763 380 3802 nus
436 3747 569 3809 Dei,
620 3751 736 3802 haec
770 3750 822 3802 in
863 3751 1180 3804 novissimis
1219 3751 1554 3818 temporibus
1604 3750 1850 3818 perditos

273 3841 570 3907 exquisivit
598 3856 718 3905 nos,
744 3855 897 3895 suam
932 3841 1300 3905 lucrifariens,
1328 3851 1382 3894 et
1406 3857 1566 3910 super
1597 3842 1851 3896 humeros

277 3943 565 3984 assumens
595 3945 752 3984 ovem
797 3932 1063 3999 perditam
1087 3971 1102 3996 ,
1149 3942 1202 3984 et
1245 3946 1367 3984 cum
1402 3931 1770 4000 gratulatione
1795 3931 1849 3984 in

275 4022 560 4076 cohortem
598 4025 890 4078 restituens
921 4025 1068 4078 vitae.

345 4117 399 4168 5.
429 4115 694 4180 Quooiam
742 4126 922 4172 autem
970 4116 1084 4189 (50)
1126 4117 1176 4170 in
1227 4126 1419 4171 ventre
1467 4116 1701 4187 plasmat
1746 4132 1852 4171 nos

275 4196 517 4261 Verbum
547 4207 664 4274 Dei,
698 4208 1082 4264 aitJeremiazz
1117 4229 1135 4262 ι
1173 4209 1496 4277 Priusquam
1532 4210 1850 4278 plasmarem

277 4305 330 4350 te
371 4296 425 4350 in
459 4307 612 4352 utero
637 4338 652 4362 ,
685 4301 808 4352 neri
854 4310 938 4365 te,
973 4309 1028 4352 et
1073 4300 1388 4368 priusquam
1422 4301 1604 4354 exires
1642 4301 1753 4371 (51)
1788 4301 1853 4354 de

274 4391 460 4456 vulva,
500 4393 842 4447 sanctiticavi
880 4405 955 4455 te,
978 4403 1032 4446 et
1063 4397 1380 4462 prophetam
1413 4395 1463 4445 in
1495 4394 1742 4460 gentibus
1768 4409 1857 4460 po-

274 4483 358 4536 sui
390 4492 442 4538 te
470 4483 515 4513 "
544 4482 680 4554 (32).
718 4484 822 4538 Sed
857 4494 908 4538 et
937 4483 1136 4537 Paulus
1162 4484 1408 4537 similiter
1435 4486 1547 4536 ait:
1579 4502 1595 4534 ‹
1631 4484 1856 4550 Quando

1952 3301 2005 3345 et
2036 3291 2355 3360 loquebatur
2383 3291 2540 3346 Pater
2577 3312 2589 3344 :
2630 3310 2648 3343 ς
2688 3291 2976 3346 Faciamus
3008 3294 3283 3348 hominem
3321 3310 3531 3349 secun-

1952 3380 2079 3433 dum
2131 3381 2422 3451 imaginem
2468 3391 2524 3437 et
2555 3383 2965 3437 similitudinem
3008 3394 3246 3438 nostram
3277 3387 3364 3452 ἐς
3422 3405 3441 3436 ι
3477 3387 3533 3440 in

1954 3470 2268 3525 novissimis
2295 3471 2636 3539 temporibus
2662 3477 3012 3544 semetipsum
3051 3476 3407 3531 manifestans
3433 3475 3532 3530 ho-

1956 3560 2217 3623 minibus,
2245 3563 2293 3615 ei
2331 3565 2423 3630 qui
2447 3564 2515 3617 ab
2554 3565 2727 3618 Adam
2754 3579 2930 3621 caecus
2967 3574 3126 3631 erat,
3158 3567 3413 3620 formavit
3449 3567 3530 3620 vi-

1953 3652 2188 3707 sionem.
2217 3654 2280 3707 Et
2307 3666 2525 3724 propter
2564 3657 2667 3712 hoc
2710 3657 2995 3725 Scriptura
3036 3658 3352 3726 significans
3387 3660 3532 3728 quod

1953 3743 2195 3797 futurum
2222 3756 2359 3808 erat,
2391 3748 2487 3810 ait,
2515 3751 2842 3801 abscondito
2878 3749 3050 3800 Adam
3083 3760 3312 3818 propter
3343 3752 3534 3804 inobe-

1956 3835 2254 3900 dientiam,
2297 3837 2584 3891 Dominum
2630 3841 2846 3894 venisse
2889 3853 3114 3908 vespere
3156 3842 3224 3894 ad
3268 3858 3393 3895 eum
3420 3882 3434 3904 ,
3476 3854 3535 3897 et

1953 3939 2214 3981 evocasse
2245 3942 2388 3994 eum,
2422 3939 2476 3981 et
2503 3929 2705 3984 dixisse
2738 3932 2786 3983 ei
2819 3948 2831 3983 :
2863 3948 2880 3980 ι
2916 3931 3016 3986 Ubi
3043 3945 3101 3986 es
3125 3933 3210 3984 "1?
3243 3951 3259 3983 ι
3295 3931 3406 3987 Hoc
3427 3943 3531 3997 est,

1954 4020 2212 4083 quoniam
2255 4020 2306 4072 in
2355 4020 2670 4074 novissimis
2723 4021 3060 4089 temporibus
3106 4023 3341 4091 idipsum
3385 4024 3536 4078 venit

1957 4111 2197 4166 Verbum
2236 4111 2326 4164 Dei
2366 4113 2634 4166 advocare
2674 4111 2988 4179 hominem,
3037 4128 3532 4169 recommemorans

1956 4219 2080 4257 eum
2116 4203 2226 4276 (37)
2253 4220 2417 4273 opera
2447 4220 2564 4269 sua,
2611 4206 2663 4258 in
2703 4207 2900 4274 quibus
2935 4209 3135 4277 degens
3174 4208 3534 4262 absconditus

1957 4298 2132 4350 fuerat
2159 4298 2405 4351 Domino.
2439 4299 2902 4364 Quemadmodum
2937 4301 3079 4354 enim
3110 4309 3237 4354 tunc
3263 4300 3328 4354 ad
3357 4300 3531 4353 Adam

1957 4404 2182 4458 vespere
2214 4389 2427 4443 locutus
2463 4398 2544 4442 est
2589 4392 2886 4459 exquirens
2931 4393 3078 4445 illum
3118 4393 3292 4457 Deus;
3342 4394 3420 4446 sic
3470 4391 3528 4446 in

1962 4483 2273 4536 novissimis
2303 4483 2631 4550 temporibus
2657 4496 2752 4549 per
2782 4485 3029 4537 eamdem
3064 4498 3251 4538 vocem
3290 4483 3532 4537 visitavit

274 4586 461 4630 autem
487 4577 816 4644 complacuit
857 4578 904 4631 ei
926 4618 940 4641 ,
991 4579 1082 4646 qui
1131 4593 1216 4631 me
1258 4581 1563 4646 segregavit
1597 4593 1662 4631 ex
1697 4588 1851 4631 utero
1885 4568 1926 4621 Ι)
1956 4575 2245 4643 exquirens
2275 4590 2446 4643 genus
2471 4573 2608 4639 ejus.

328 4695 375 4726 "
403 4692 565 4749 Joan.
591 4707 642 4756 ν,
672 4693 760 4748 14.

277 4760 325 4796 ’⁸
357 4767 554 4821 Genes.
587 4780 634 4828 ι,
664 4764 752 4818 26.

349 4884 466 4956 (25)
507 4881 943 4951 Manifestentur.
982 4880 1135 4934 Eras.
1183 4890 1235 4934 et
1272 4877 1499 4942 Gallas.,
1538 4879 1846 4946 manifesta-

277 4964 478 5011 rentur.

502 5023 652 5098 lianc
679 5024 836 5078 enim.
866 5023 1001 5098 Sci].
1037 5021 1460 5098 plasmationem.

349 5026 440 5098 (26
502 5026 652 5078 Hanc
679 5026 836 5078 enim.
871 5026 1001 5077 Scil.
1037 5026 1460 5090 plasmationem.

349 5026 465 5168 (27;
524 5095 624 5148 Per
674 5094 1053 5168 poperolionein.
1107 5092 1198 5145 Sic
1256 5090 1535 5155 Clarom.,
1587 5087 1745 5142 Voss.
1792 5097 1846 5141 et

276 5165 473 5229 omn,
504 5166 684 5218 cteteri
716 5165 854 5216 male
889 5165 1148 5215 omittunt
1175 5177 1288 5228 per.

349 5237 463 5308 (28)
509 5234 858 5302 Manifestum
993 5233 1215 5300 possint.
1266 5228 1350 5282 Al.
1378 5266 1393 5292 ,
1451 5229 1723 5284 ostendens

314 5315 512 5361 ouum.

276 5325 649 5448 Ροξὲὁῖιρυοά
670 5374 802 5426 enim
825 5373 889 5448 in
916 5381 1091 5448 ventre
1122 5372 1403 5448 plasmare.
1433 5369 1509 5448 Ita
1549 5384 1693 5448 recte
1722 5371 1846 5448 Cla-

279 5442 516 5502 romont.
568 5454 622 5498 et
668 5451 777 5498 vet.
823 5443 1054 5496 Feuard.
1101 5442 1222 5497 cod.
1253 5458 1373 5496 cum
1412 5443 1542 5495 edit.
1570 5446 1742 5496 Uxon.
1790 5443 1842 5495 ln

279 5517 509 5584 reliquis
542 5514 942 5582 exemplaribus
986 5527 1264 5584 perperam
1294 5530 1308 5568 :
1335 5513 1474 5584 quod
1502 5513 1637 5584 enim
1671 5515 1723 5564 in
1756 5530 1841 5565 ve-

279 5590 377 5642 teri
403 5581 677 5654 plasmate,
702 5586 804 5650 vel,
835 5581 1024 5637 invenit
1057 5581 1393 5652 replasmare.
1421 5581 1554 5654 Nam
1582 5583 1645 5636 de
1671 5584 1842 5654 oculis

278 5653 458 5711 sermo
485 5668 567 5710 est
593 5694 607 5715 .
659 5657 856 5724 quibus
896 5657 963 5708 ab
993 5666 1143 5708 utero
1189 5654 1379 5708 matris
1408 5653 1629 5707 orbatus
1663 5653 1841 5706 fuerat

279 5743 455 5780 circus
484 5739 677 5789 natus;
708 5743 834 5792 quos
857 5725 1074 5793 proinde
1106 5726 1158 5775 in
1194 5735 1365 5777 ventre
1396 5725 1659 5792 plasmare
1699 5741 1835 5791 prtu-

278 5798 573 5849 tcmtiserat
606 5797 798 5863 artifex
841 5797 1094 5860 Verbum;
1131 5797 1272 5862 quod
1303 5806 1357 5850 et
1384 5796 1668 5863 sequentia
1708 5797 1839 5850 satis

278 5869 578 5921 declarant.

838 4693 1058 4747 “Joan.
1101 4709 1175 4756 II,
1207 4692 1258 4745 5.
1338 4693 1382 4722 ⁷⁷
1411 4693 1549 4744 Gen.
1588 4707 1646 4755 ιι,
1681 4693 1732 4744 7.

831 4765 875 4796 ⁷⁷
917 4765 1116 4818 (lenes.
1154 4779 1236 4827 ιιι,
1275 4763 1329 4818 9.

1833 4691 1875 4719 ⁷³
1909 4689 2111 4744 Jerem.
2145 4707 2181 4754 t,
2213 4690 2266 4746 5.

2396 4689 2442 4720 ⁷⁸
2477 4689 2654 4744 Galat.
2693 4705 2730 4749 ι,
2762 4689 2847 4752 15,
2895 4689 2980 4741 16.
3084 4690 3131 4719 ⁷⁸
3165 4687 3320 4745 Joan.
3361 4705 3434 4756 tr,
3472 4691 3524 4746 7.

2029 4878 2140 4947 (30)
2180 4880 2444 4945 Quoniam
2472 4887 2664 4931 utilem.
2694 4881 2803 4940 AL,
2837 4880 2925 4946 qui
2951 4886 3148 4930 autem.

2027 4951 2140 5018 (51)
2175 4951 2382 5004 Exit-es.
2413 4950 2598 5011 Eilitt.,
2636 4950 3040 5017 progredereris.

2025 5021 2137 5090 (5‘).)
2173 5020 2335 5090 Βοευὶ
2372 5033 2440 5072 te.
2469 5020 2648 5083 Eras.,
2683 5018 2886 5072 Galla's.
2925 5028 2978 5090 ct
3017 5018 3274 5086 Feuard.,
3302 5023 3424 5075 dedi
3455 5036 3524 5082 te.

2023 5088 2136 5161 (55)
2171 5088 2463 5161 Εοῑηιαυίι.
2501 5093 2687 5150 Ιῦίιὶιι.,
2717 5089 3016 5161 plasmauit.

2025 5159 2136 5231 (54)
2169 5160 2468 5234 Secundum
2498 5167 2659 5234 Mani
2693 5161 2818 5234 fuit.
2853 5159 2927 5211 lta
2969 5159 3200 5234 Feuard.
3237 5161 3289 5214 in
3323 5179 3525 5234 marg.,

1954 5234 2190 5286 (llarom.
2223 5243 2274 5284 et
2324 5230 2518 5294 Voss.;
2564 5231 2650 5282 alii
2711 5230 2847 5282 male
2874 5270 2886 5292 ,
2930 5232 3214 5283 secundum
3261 5230 3528 5290 haminém

1981 5305 2077 5355 uit.
3055 5307 3058 5310 ’

1955 5303 2136 5442 ῘὝ55)
2178 5367 2372 5446 [factus
2402 5371 2572 5446 homo.
2609 5369 2789 5436 Eras.,
2821 5369 3025 5424 Gallas.
3058 5381 3110 5424 et
3143 5371 3378 5428 Feuard.
3413 5391 3528 5446 per-

1954 5441 2364 5511 peratii,f«iclus
2395 5441 2671 5511 esti/mmo.

2022 5512 2132 5580 ('56)
2157 5509 2434 5563 Dominus.
2474 5510 2543 5562 lla
2571 5512 2804 5563 tllarom.
2833 5521 2888 5564 et
2916 5512 3070 5565 Voss.
3100 5521 3154 5565 et
3187 5513 3379 5581 Grab.,
3411 5532 3524 5570 me-

1950 5583 2052 5635 lius
2106 5599 2265 5650 quam
2309 5581 2433 5645 alii,
2478 5582 2660 5645 Deus;
2706 5582 2833 5650 quia
2882 5583 2947 5636 de
2997 5581 3124 5636 Jesu
3173 5585 3389 5640 Christo
3437 5588 3526 5640 hic

1948 5665 2145 5704 llﬂllllf'.

1997 5670 2145 5704 'unr.

1982 5670 2132 5791 5(37)
2167 5721 2653 5794 Recommemorans
2691 5737 2828 5775 cum.
2860 5720 2951 5789 (id
2984 5732 3098 5785 est,
3131 5723 3181 5794 in
3210 5735 3442 5779 mentem
3476 5744 3524 5780 et

1951 5797 2251 5859 revneans.)
2290 5793 2364 5845 ita
2390 5794 2620 5846 Clarom.
2657 5795 2844 5846 melius
2876 5808 3039 5860 quam
3069 5794 3157 5846 alii
3188 5835 3199 5860 ,
3238 5811 3526 5848 rerumnu-

1956 5882 2162 5915 momm
2193 5865 2244 5913 in
2273 5879 2352 5914 eo.
