4238 6316
738 370 875 431 “67

1309 485 1536 548 CAPUT
1575 485 1716 544 XVI.

737 619 871 674 Cum
901 617 957 670 in
987 626 1185 670 terram
1217 630 1440 683 corpora
1469 622 1649 666 nostra
1677 621 2045 683 revertantur,
2071 621 2309 681 sequitur

809 705 871 742 ea
906 687 1030 740 inde
1076 678 1424 739 substantiam
1460 683 1668 736 habere.
1702 681 1835 735 Item
1894 678 2064 734 Verbi
2086 678 2308 735 adventu

803 758 1011 811 ttat-ius
1036 757 1092 810 in
1122 757 1269 810 nobis
1300 756 1470 822 imago
1494 752 1592 805 Dei
1624 753 1892 820 apparuit.

809 869 862 924 1.
911 867 981 923 Et
1020 865 1279 936 quoniam
1321 880 1389 918 ex
1428 863 1529 917 hac
1556 865 1689 932 quae
1730 861 2030 916 secundum
2076 873 2174 914 nos
2228 867 2313 915 est

739 967 911 1024 terra,
946 957 1234 1028 pllsmatio
1268 957 1373 1011 fuit
1400 955 1567 1021 Adm,
1609 954 1892 1022 Scriptura
1931 952 2062 1007 dicit
2107 950 2313 1007 dixisse

743 1048 911 1105 Deum
940 1051 988 1104 ei
1019 1070 1032 1105 :
1073 1070 1091 1102 ι
1119 1050 1178 1105 1η
1205 1053 1402 1105 sudore
1429 1048 1611 1104 vultus
1637 1049 1713 1103 tui
1743 1046 2096 1102 manducabis
2119 1059 2313 1116 panem

745 1155 918 1206 tuum,
953 1144 1312 1213 quoadusque
1347 1142 1690 1197 convertaris
1737 1141 1791 1194 in
1844 1149 2080 1204 terram,
2115 1148 2182 1194 e‘x
2210 1153 2315 1209 qua

742 1246 996 1304 sumptus
1023 1248 1084 1304 es
1114 1233 1184 1288 ⁷⁸.
1229 1253 1248 1288 ι
1284 1231 1342 1290 Si
1387 1233 1557 1305 igitur
1589 1232 1641 1286 in
1675 1232 1910 1301 aliquam
1945 1231 2172 1285 alteram
2205 1242 2319 1285 ter-

740 1342 859 1384 ram
892 1336 1243 1382 PGVGI'IUDIUI'
1279 1335 1402 1396 ροει
1430 1336 1660 1382 mortem
1686 1338 1915 1392 corpora
1947 1332 2152 1388 nostra,
2183 1336 2316 1376 con-

741 1431 981 1488 sequens
1013 1425 1100 1473 est
1129 1431 1190 1470 ea
1217 1416 1342 1470 inde
1365 1425 1420 1470 et
1445 1413 1814 1471 substantiam
1844 1414 2064 1469 habere.
2099 1413 2156 1468 Si
2193 1427 2318 1469 vero

739 1507 796 1564 in
822 1509 962 1563 hanc
993 1508 1187 1579 ipsam,
1213 1507 1564 1563 manifestum
1595 1518 1701 1574 est,
1726 1506 2004 1576 quoniam,
2039 1515 2089 1558 et
2122 1519 2188 1559 ex
2219 1504 2320 1560 hac

742 1600 956 1672 plasma
987 1600 1075 1655 eis
1115 1599 1320 1655 factum
1355 1608 1442 1654 est
1481 1599 1632 1671 (58);
1668 1599 1942 1671 quomodo
1971 1605 2027 1654 et
2060 1596 2320 1652 Dominus

741 1689 876 1744 fecit
905 1688 1255 1744 manifestum
1282 1728 1298 1752 ,
1346 1703 1412 1742 ex
1445 1689 1552 1744 hac
1593 1689 1783 1743 eadem
1829 1688 2020 1744 oculos
2063 1688 2172 1761 (39)
2205 1687 2319 1744 for-

741 1794 919 1834 mans.
951 1778 1020 1833 Et
1044 1794 1210 1833 manu
1234 1779 1419 1849 itaque
1443 1794 1574 1834 vere
1600 1780 1806 1850 liquido
1831 1779 1941 1852 (40)
1959 1790 2176 1836 ostensa
2201 1781 2316 1851 Dei,

1488 372 1541 428 S.
1581 367 1838 426 IRENIEI
1871 367 2179 426 EPISCOPI
2214 361 2699 425 LUGDUNENSIS
2737 357 2825 423 ET
2864 364 3222 421 MARTYRIS

2411 675 2538 745 φότε
2548 691 2614 745 pa
2667 670 2985 743 ἐπεκύρωσε
3001 687 3016 699 ο
3067 670 3161 723 καὶ

2409 770 2518 840 γὰρ
2546 769 2679 841 (καὶ)
2719 766 2818 838 τὴν
2869 765 3051 820 εἰκόνα
3111 764 3165 818 ἓ-

2411 857 2584 924 δειξεν
2603 853 2836 925 ἀληθῶς,
2870 853 3030 916 αὐτὸς
3051 849 3168 904 τοῦ-

2411 962 2472 1002 το
2498 947 2820 1019 γενόμενος,
2845 945 2980 1016 ὅπερ
3016 939 3085 1016 ἦν
3127 945 3160 1014 ὴ

2413 1043 2577 1097 εἰκὼν
2635 1042 2834 1095 αὐτοῦ’
2907 1038 3004 1095 καὶ
3063 1040 3164 1112 τὴν

2413 1137 2672 1210 ὁμοίωσιν
2720 1135 2950 1207 βεϐαίως
3001 1135 3164 1189 κατέ-

2417 1251 2604 1306 στησε,
2625 1229 3052 1303 συνεξομοιώσας
3074 1230 3166 1284 τὸν

2415 1329 2702 1402 ἄνθρωπον
2721 1327 2798 1398 τῷ
2813 1323 3028 1401 ἀοράτῳ
3053 1326 3168 1380 Πα-

2416 1419 3166 1495 τρί............

3841 363 3977 426 “68

2335 493 2381 548 Α
2412 483 2538 537 πότε
2576 483 2632 536 δὲ
2676 481 2812 553 σὰρξ
2861 479 3076 549 ἐγένετο
3126 476 3160 532 ’ὁ
3415 481 3644 552 Propter
3663 481 3770 539 hoc
3794 493 3978 538 autem

2407 580 2579 648 Λόγος
2610 577 2702 632 τοῦ
2730 575 2886 643 Θεοῦ,
2937 573 3009 628 τὰ
3049 576 3159 647 ἀμ·
3231 577 3287 630 et
3351 571 3760 628 similitudinem
3821 574 3982 632 facile

3233 666 3436 721 amisit.
3509 664 3736 733 Quando
3799 673 3978 721 autem

3238 757 3622 826 caroVerbum
3651 759 3744 813 Dei
3772 755 3977 813 factum

3237 858 3592 921 est,utraque
3607 849 3979 914 conﬁrmavit;

3238 952 3291 998 et
3318 943 3606 1014 imaginem
3630 942 3773 996 enim
3798 950 3985 997 osten-

3237 1036 3316 1100 dit
3344 1048 3528 1091 veram
3559 1033 3696 1103 (45),
3737 1035 3852 1103 ipse
3883 1032 3987 1088 hoc

3238 1127 3394 1195 ﬂens,
3452 1129 3596 1192 quod
3645 1133 3764 1180 erat
3807 1128 3986 1196 imago

3237 1221 3386 1291 ejus;
3467 1235 3524 1278 et
3580 1220 3986 1277 similitudinem

3239 1317 3464 1370 firmans
3524 1313 3634 1388 (46)
3709 1312 3946 1368 restituit
3969 1350 3988 1378 ,

3243 1409 3584 1470 consimilem
3643 1407 3851 1461 faciens
3889 1404 3989 1459 ho-

2419 1511 2915 1577 mineminvisibili
2949 1510 3098 1565 Patri
3139 1522 3234 1580 per
3268 1505 3478 1560 visibile
3499 1501 3762 1557 Verbum.

2493 1605 2546 1660 5.
2583 1605 2650 1658 Et
2675 1619 2782 1658 non
2815 1607 2986 1658 solum
3012 1614 3193 1655 autem
3215 1613 3312 1670 per
3337 1611 3398 1652 ea
3427 1610 3546 1664 quae
3566 1591 3824 1662 praedicta
3841 1593 3991 1650 sunt,

2421 1707 2478 1755 et
2521 1700 2763 1762 Patrem,
2806 1708 2862 1752 et
2899 1696 3254 1764 semetipsum
3285 1686 3657 1745 manifestavit
3702 1683 3992 1745 Dominus,

2424 1793 2517 1848 sed
2560 1795 2727 1846 etiam
2768 1805 2865 1858 per
2914 1790 3088 1858 ipsam
3126 1785 3450 1857 passionem.
3488 1776 3806 1834 Dissolvens
3845 1771 3995 1828 enim

741 1885 841 1938 ρετ
867 1883 1028 1940 (illam
1054 1870 1353 1941 Plasmalus
1377 1880 1462 1925 εει
1487 1872 1703 1939 il“idem
1727 1873 1922 1937 Adam:
1953 1874 2202 1942 ΡΙεεῐηθιί
2226 1890 2319 1928 all”
2349 1860 2393 1913 B
2423 1899 2570 1948 eam,
2596 1898 2718 1952 quae
2741 1879 2810 1936 ab
2835 1881 2990 1935 initio
3008 1880 3062 1933 in
3086 1877 3230 1945 ligno
3253 1875 3394 1930 facta
3426 1873 3625 1934 fuerat,
3652 1866 3885 1922 hominis
3915 1865 3996 1919 in-

742 1969 854 2016 tem
889 1976 1076 2016 sumus
1106 1971 1162 2015 et
1194 1975 1330 2027 nos;
1357 1971 1413 2015 et
1440 1977 1562 2015 cum
1603 1962 1674 2016 sit
1702 1977 1840 2016 unus
1871 1973 1927 2016 et
1969 1964 2108 2017 idem
2140 1964 2318 2029 Pater,

743 2052 903 2122 cujus
935 2066 1037 2108 vox
1064 2054 1133 2108 ab
1166 2051 1325 2107 initio
1366 2068 1541 2122 usque
1577 2054 1644 2108 ad
1683 2053 1841 2109 finem
1873 2055 2027 2111 adest
2070 2056 2320 2126 plasmau'

743 2158 879 2209 suo;
917 2151 974 2199 et
1008 2142 1308 2199 substantia
1339 2142 1623 2213 plasmatis
1651 2146 1824 2200 nostri
1851 2161 1950 2215 per
1972 2147 2322 2218 Evangelium

744 2244 967 2289 ostensa
1011 2230 1306 2292 manifeste
1342 2235 1490 2307 (41),
1517 2237 1630 2305 jam
1673 2253 1781 2291 non
1823 2248 2039 2308 Oportet
2080 2255 2324 2308 quaerere

743 2327 909 2380 alium
939 2327 1156 2382 Patrem
1194 2336 1398 2398 praeter
1449 2328 1630 2395 hunc;
1677 2344 1852 2397 neque
1886 2330 2044 2385 aliam
2071 2333 2324 2387 substan-

747 2420 880 2473 tiam
931 2418 1312 2488 plasmationis
1365 2429 1607 2484 nostrae,
1657 2429 1860 2490 prater
1900 2423 2215 2491 praedictam
2268 2432 2325 2477 et

743 2521 1024 2567 ostensam
1065 2523 1094 2566 a
1151 2511 1417 2579 Domino;
1467 2528 1646 2581 neque
1679 2513 1909 2566 alteram
1955 2530 2177 2568 manum
2228 2515 2325 2568 Dei

743 2613 946 2673 praeter
975 2603 1122 2657 hanc
1142 2643 1156 2668 ,
1195 2617 1314 2671 qme
1345 2604 1414 2658 ab
1445 2603 1602 2658 initio
1633 2619 1808 2674 usque
1841 2605 1894 2658 in
1929 2605 2089 2661 finem
2125 2607 2323 2661 format

745 2709 869 2757 nos,
903 2706 958 2748 et
983 2702 1205 2761 coaptat
1233 2694 1286 2746 in
1313 2693 1509 2758 vitam,
1543 2704 1597 2749 et
1628 2697 1782 2750 adest
1823 2698 2077 2767 plasmati
2106 2713 2235 2763 suo,
2268 2708 2323 2754 et

744 2784 960 2854 perficit
986 2783 1115 2838 illud
1151 2785 1452 2841 secundum
1491 2786 1784 2857 imaginem
1819 2800 1873 2844 et
1909 2791 2322 2845 similitudinem

747 2877 841 2930 Dei
867 2875 1000 2946 (42).

817 2987 871 3042 2.
904 2989 1056 3043 Tunc
1073 2997 1256 3044 autem
1283 2988 1389 3044 hoc
1414 2987 1654 3046 Verbum
1678 2999 1956 3049 ostensum
1981 3003 2082 3062 est,
2108 2997 2322 3066 quando

747 3081 914 3135 homo
937 3079 1175 3135 Verbum
1200 3080 1298 3135 Dei
1329 3079 1531 3136 factum
1570 3093 1672 3152 est,
1703 3087 2056 3156 semetipsum
2090 3087 2319 3152 homini,

749 3181 807 3226 et
838 3171 1114 3226 hominem
1140 3171 1464 3242 sibimetipsi
1494 3177 1828 3244 assimilans,
1861 3189 1918 3232 ut
1941 3193 2038 3248 per
2063 3193 2182 3234 eam
2207 3196 2325 3250 quae
2353 3193 2394 3249 ο
2431 3178 2750 3246 ποιήσαντες
2773 3171 2935 3225 αὐτοῦ
2961 3174 3060 3242 τὴν
3090 3172 3178 3224 ὲν-

2353 3193 2394 3249 C
2431 3178 2750 3246 ποιήσαντες
2773 3171 2935 3225 αὐτοῦ
2961 3174 3060 3242 τὴν
3090 3172 3178 3224 ὲν-

747 3262 922 3317 estad
957 3262 1156 3318 Filium
1188 3261 1628 3335 similitudinem,
1657 3267 1818 3340 313
1849 3271 2122 3340 pretiosus
2160 3272 2322 3327 homo

2425 1980 2816 2051 obedientiam,
2857 1995 2875 2028 ι
2909 1973 3168 2031 ob‘ediens
3191 1971 3368 2028 factus
3390 1979 3473 2026 est
3521 1983 3692 2038 usque
3718 1966 3808 2036 ,ad
3853 1979 3998 2020 mor-

2425 2048 2560 2134 tem,
2589 2078 2816 2124 mortem
2857 2073 3036 2121 autem
3070 2067 3251 2119 crucis
3272 2058 3353 2128 7’;
3397 2081 3415 2113 ι
3450 2076 3569 2116 eam
3596 2074 3716 2129 quae
3745 2059 3799 2113 in
3846 2056 3999 2125 ligno

2423 2160 2568 2216 facta
2597 2160 2773 2215 fuerat
2832 2157 3278 2218 inobedientiam,
3309 2169 3406 2222 per
3435 2167 3554 2206 eam
3611 2165 3732 2219 quae
3771 2149 3824 2203 in
3857 2149 3999 2218 ligno

2424 2252 2602 2308 fuerat
2627 2249 2988 2306 obedientiam
3014 2261 3236 2304 sanans.
3268 2243 3384 2299 Non
3418 2254 3594 2298 autem
3624 2257 3720 2310 per
3748 2242 3998 2295 eandem

2424 2346 2666 2399 venisset
2692 2342 2978 2397 exsolvere
3008 2354 3151 2406 eam,
3203 2352 3324 2408 qua:
3362 2335 3538 2390 fuerat
3579 2348 3708 2405 erga
3759 2332 4003 2403 plasma-

2428 2445 2599 2491 torem
2633 2446 2878 2489 nostrum
2911 2433 3356 2494 inobedientiam,
3381 2433 3428 2483 si
3455 2428 3683 2482 alterum
3711 2425 3996 2480 annuntiao

2424 2531 2519 2584 bat
2548 2523 2785 2581 Patrem.
2820 2524 3088 2592 Quoniam
3123 2534 3304 2578 autem
3335 2536 3432 2592 per
3461 2521 3596 2585 haec,
3625 2535 3722 2589 per
3745 2534 3867 2588 quae
3892 2532 4000 2572 non

2426 2620 2733 2673 audivimus
2758 2617 2926 2670 Deum
2956 2615 3095 2684 (47),
3128 2623 3184 2670 et
3225 2628 3335 2668 non
3364 2612 3698 2668 credidimus
3724 2609 3842 2679 ejus
3879 2625 4003 2664 ver-

2423 2713 2517 2774 bo,
2545 2721 2640 2777 per
2669 2710 2784 2762 haec
2808 2708 2997 2762 eadem
3027 2704 3396 2761 obedientiam
3427 2702 3762 2765 introduxit,
3795 2711 3848 2756 et
3877 2716 4003 2756 eam

2426 2820 2546 2872 quae
2575 2812 2722 2854 esset
2746 2815 2875 2869 erga
2907 2801 3133 2853 verbum
3165 2798 3280 2867 ejus
3311 2798 3685 2852 assensionem
3721 2792 3857 2866 (£8),
3903 2809 4002 2862 per

2426 2910 2546 2963 qua?
2578 2892 2688 2965 (49)
2722 2891 3013 2945 manifeste
3063 2891 3238 2959 ipsmn
3291 2884 3534 2944 ostendit
3589 2884 3779 2953 Deum,
3836 2901 4001 2956 quem

2425 2989 2482 3041 ὲν
2508 2987 2603 3056 μὲν
2625 2982 2825 3056 γὰρτῷ
2847 2979 3048 3054 πρώτῳ
3066 2979 3177 3051 (50)
3256 2982 3306 3033 in
3347 2983 3522 3049 primo
3571 2979 3788 3048 quidem
3825 2979 4002 3032 Adam

2436 3073 3064 3150 Ἂδὰμπροσεκόψαμεν,
3105 3074 3179 3146 μὴ
3252 3066 3597 3136 offendimus,
3630 3086 3737 3126 non
3795 3069 4004 3124 facien-

3253 3179 3333 3223 tes
3365 3172 3482 3238 ejus
3532 3175 3906 3238 praeceptum;
3946 3169 4002 3221 in

2429 3266 2615 3337 τολήν·
2670 3266 2726 3316 ἐν
2755 3265 2809 3317 δὲ
2842 3263 2919 3334 τῷ
2943 3262 3180 3333 δευτέρῳ
3256 3261 3494 3316 secundo
3512 3269 3694 3314 autem
3717 3259 3892 3313 Adam
3920 3276 4006 3314 re-

746 3356 843 3410 flat
871 3355 1042 3410 Patri.

760 3444 848 3500 Ἐν
883 3449 994 3510 τοῖς
1017 3447 1251 3519 πρόσθεν
1292 3447 1507 3518 χρόνοις

750 3541 861 3612 (45)
895 3539 1111 3608 ἐλέγετο
1142 3540 1240 3611 μὲν
1269 3543 1389 3594 κατ’
1431 3541 1507 3594 sl-

748 3635 884 3688 κόνα
916 3632 1050 3686 Θεοῦ
1095 3634 1373 3702 γεγονέναι
1414 3635 1505 3688 τὸν

747 3728 1054 3800 ἄνθρωπον,
1084 3729 1184 3781 οὐκ
1229 3724 1504 3783 ἐδείκνυτο

746 3820 824 3876 δέ.
857 3824 979 3875 Ἔτι
1015 3821 1124 3893 γὰρ
1171 3822 1395 3894 ἀόρατος
1436 3818 1505 3891 ἦν

749 3918 778 3970 ὁ
803 3917 992 3985 Λόγος,
1019 3912 1079 3971 οὗ
1110 3920 1228 3970 κατ’
1273 3917 1454 3969 εἰκόνα
1476 3918 1504 3968 ό

749 4011 846 4066 ἄνθ
856 4030 1035 4084 ρωπος
1091 4013 1353 4080 ἐγεγόνει.
1406 4011 1504 4063 Διὰ

748 4107 907 4160 τοῦτο
941 4108 1005 4176 δὴ
1044 4107 1137 4160 καὶ
1168 4108 1268 4177 τὴν
1307 4106 1504 4176 ὁμοίω-

754 4219 836 4254 σιν
872 4201 1069 4272 ῥᾳδίως
1088 4201 1380 4255 ἀπέϐαλεν.
1421 4201 1509 4253 '0-

1578 3451 1635 3508 ln
1664 3457 1956 3524 praeteritis
2006 3459 2150 3512 enim
2183 3468 2322 3513 tem-

1578 3547 1820 3614 poribus,
1876 3548 2160 3603 dicebatur
2204 3552 2326 3621 qui-

1578 3643 1699 3699 dem
1716 3645 2013 3699 secundum
2034 3645 2323 3716 imaginem

1575 3734 1670 3790 Dei
1725 3735 1929 3791 factum
1985 3752 2105 3791 esse
2151 3739 2326 3792 homi-

1578 3841 1724 3892 nem,
1761 3842 1867 3881 non
1921 3838 2101 3881 autem
2143 3839 2325 3883 osten-

1575 3919 1834 3974 debatur.
1863 3917 2050 3972 Adhuc
2069 3920 2211 3972 enim
2247 3921 2326 3974 in-

1579 4011 1793 4066 visibile
1862 4021 1982 4066 erat
2038 4009 2322 4077 Verbum,

1577 4103 1732 4170 cujus
1782 4099 2082 4156 secundum
2131 4102 2324 4171 imagi-

1586 4209 1709 4250 nem
1739 4193 1901 4248 bomo
1934 4192 2110 4246 factus
2149 4193 2326 4247 fuerat

823 4359 871 4391 '3
900 4358 1100 4415 Cenes.
1133 4375 1216 4427 ιιι,
1256 4360 1341 4416 19.
1418 4359 1463 4391 ⁷³
1496 4355 1694 4425 Philip.
1726 4368 1784 4409 tt.

831 4497 948 4567 (38)
985 4497 1210 4550 Plasma
1248 4498 1320 4550 eis
1355 4497 1554 4565 factum
1589 4505 1684 4548 est.
1722 4493 1798 4567 lia
1835 4491 2108 4567 Claroni.;
2145 4488 2332 4567 caeteri
2366 4477 2407 4529 Β

754 4558 981 4624 omnes:
1012 4568 1294 4635 plasmatio
1316 4558 1364 4619 ei
1386 4570 1528 4633 facta
1557 4575 1631 4618 est
1655 4581 1675 4629 ;
1703 4563 1898 4635 vitiose
1919 4560 2136 4635 quidem
2159 4558 2332 4625 quoad

753 4655 943 4694 vocem
976 4631 1058 4700 ei;
1087 4639 1151 4692 de
1178 4631 1500 4705 corporibus
1527 4638 1692 4699 enim,
1719 4647 1825 4686 non
1849 4633 1916 4686 de
1937 4631 2140 4684 Adamo
2156 4642 2334 4681 sermo

756 4721 860 4763 est.

831 4778 939 4846 (7)9)
978 4776 1192 4829 Oculos.
1230 4776 1296 4828 Ei
1330 4790 1615 4846 perperam
1653 4772 1894 4846 additum
1927 4787 1954 4824 a
1993 4767 2324 4846 Feuardcnt.

758 4838 996 4914 expunxi
1019 4838 1346 4900 auctoritate
1367 4838 1549 4909 Eras.,
1574 4845 1804 4907 Gallas.,
1824 4843 2086 4904 Clarom.,
2114 4838 2324 4890 Arund.

759 4930 811 4972 et
842 4918 1006 4970 Merc.
1035 4918 1088 4969 2.

823 4988 934 5056 (40)
976 4985 1102 5039 Vere
1134 4987 1352 5056 liquido.
1393 4987 1482 5040 Sic
1506 4985 1864 5047 Claromont.,
1895 4983 2051 5037 Voss.
2083 4989 2135 5033 et
2155 4975 2322 5031 Grab.

760 5058 967 5111 Ctetcra
1009 5059 1336 5126 exemplaria
1389 5067 1638 5125 corrupta
1693 5066 1817 5108 Stilll.
1851 5074 1864 5106 :
1902 5067 2023 5105 nam
2068 5061 2179 5126 pro
2211 5062 2326 5099 vere

762 5129 965 5193 liquido
1037 5119 1191 5179 [ᾔτης’.
1245 5139 1298 5180 et
1345 5119 1564 5180 Gallus:
1605 5127 1757 5178 cditt.
1803 5126 2034 5182 habent,
2085 5119 2324 5193 reliqua;

764 5187 933 5249 litare.
974 5197 1008 5249 2
1053 5198 1238 5257 rudd.,
1291 5198 1489 5263 reliqua
1536 5196 1651 5259 vel;
1699 5211 1800 5248 ms.
1842 5194 2072 5251 Aruntl.,
2126 5187 2326 5263 reliqua

762 5283 912 5327 tere;
937 5268 1171 5333 denique
1196 5258 1424 5319 Feuarti.
1457 5267 1611 5329 edil.,
1645 5266 1843 5333 reliqua
1871 5281 1987 5316 rere
2014 5258 2323 5333 aliquando.

838 5337 944 5404 (41)
979 5330 1288 5389 Substantia
1424 5347 1630 5388 Ostensa
1667 5330 1962 5403 manifeste.
1999 5334 2090 5387 Sic
2129 5330 2324 5381 iterum

759 5407 1001 5459 Clarum.
1041 5407 1094 5458 In
1149 5406 1298 5458 Voss.
1340 5420 1392 5460 ct
1447 5406 1647 5471 Grab.,
1703 5406 2090 5457 substantia
2123 5405 2325 5471 ostensa

761 5491 836 5527 cst
866 5477 1142 5544 manifeste
1161 5494 1179 5531 :
1207 5479 1294 5529 ubi
1338 5476 1473 5528 male
1501 5466 1738 5528 additum
1772 5477 1990 5526 verbum
2015 5482 2110 5524 est.
2138 5466 2326 5521 Czctcri

765 5548 936 5614 pejus,
970 5547 1316 5599 substantiam
1442 5548 1717 5599 ostendens
1744 5544 2041 5610 manifeste.

837 5609 948 5685 (42)
984 5617 1396 5670 ὸὶηιὶιὶιιιιλίηειη
1427 5617 1538 5669 Dei.
1565 5615 1750 5676 Eras.,
1780 5609 1983 5685 Gallus.
2012 5623 2063 5668 et
2090 5609 2324 5685 Feuard.

764 5680 978 5748 \‘itiosc,
1023 5697 1071 5739 ct
1118 5687 1540 5754 repugnantibus
1572 5687 1824 5739 omnibus
1859 5684 1966 5738 fere
1993 5701 2148 5745 nis-5.,
2182 5680 2324 5732 simi-

761 5758 1032 5809 litudinem
1065 5773 1214 5809 suam
1241 5758 1350 5808 Dei.

2442 3358 2613 3429 Ἀδὰμ
2628 3355 3051 3426 ’ἀποκατηλλάγη
3061 3372 3179 3424 μεν,

2431 3455 2662 3526 ὑπήκοοι
2726 3453 2886 3524 μέχρι
2952 3451 3182 3505 Θανάτου

2432 3549 2727 3617 γενόμενοι.
2751 3544 2885 3598 Οὐδὲ
2908 3543 3014 3615 γὰρ
3039 3542 3183 3612 ἄλλῳ

2431 3641 2538 3692 τιν).
2558 3635 2698 3708 ἦμεν
2724 3636 3014 3706 ὀφειλέται,
3066 3636 3179 3689 ἀλλ’

2433 3737 2466 3806 ἢ
2496 3735 2704 3806 ἐκείνῳ,
2729 3727 2790 3786 οὗ
2825 3735 2916 3785 καὶ
2951 3733 3050 3804 τὴν
3095 3735 3180 3786 ὲν-

2434 3828 2591 3897 τολὴν
2612 3825 2931 3897 παρέϐημεν
2969 3826 3062 3878 ἀπ’
3083 3824 3181 3895 ἀρ-

2433 3942 2551 3994 χης·

3255 3355 3530 3411 conciliati
3583 3369 3817 3420 sumus,
3874 3357 4005 3412 obe-

3257 3448 3468 3503 dientes
3509 3462 3678 3515 usque
3733 3448 3800 3502 ad
3851 3462 4006 3501 mor-

3260 3552 3366 3598 tem
3413 3543 3563 3599 facti.
3629 3542 3816 3612 Neque
3855 3545 4009 3598 enim

3253 3641 3413 3695 alteri
3488 3640 3704 3695 cuidam
3785 3654 4010 3694 eramus

3253 3733 3548 3793 debitores,
3572 3730 3666 3784 sed
3707 3727 3809 3792 illi,
3849 3726 4009 3793 cujus

3256 3836 3650 3896 etpraeceptum
3674 3823 4008 3893 transgressi

3254 3920 3534 3974 fueramus
3566 3919 3634 3970 ab
3665 3914 3842 3970 initio.

3001 4047 3229 4105 CAPUT
3270 4045 3434 4100 XVII.

2434 4192 2574 4246 Deus
2629 4203 2675 4246 et
2731 4189 3010 4254 Dominus,
3057 4186 3220 4241 Pater
3275 4195 3320 4240 et
3369 4194 3571 4238 creator
3620 4183 4007 4244 universorum,

2514 4487 2628 4556 (43)
2668 4484 2926 4556 'Erroi'g
2964 4485 3232 4556 πρόσθες
3256 4481 3752 4556 γρρνοιςηΗίε-ςοι
3781 4483 4012 4556 Damas-

2445 4551 2565 4610 ceni
2600 4554 2884 4609 Parallelis
2927 4556 3162 4624 vulgavit
3194 4552 3490 4606 Halloixms
3527 4552 3581 4605 in
3631 4551 3747 4607 l’ita
3787 4553 4006 4623 Irenwi,

2444 4642 2564 4695 pag.
2597 4625 2719 4695 480A.

2516 4692 2627 4761 (44)
2665 4693 2864 4748 Fartus
2916 4694 3112 4762 fuerat.
3183 4692 3381 4746 Factus
3439 4693 3593 4748 deest
3641 4694 3692 4746 in
3745 4694 3902 4751 Eras.
3953 4706 4010 4751 et

2437 4766 2637 4822 Gallus.

2511 4837 2622 4902 (45)

2513 4907 2622 4975 (46)
2653 4903 2928 4956 Firmana.
2957 4903 3155 4975 Graec"

2671 4834 2877 4888 Veram.
2905 4833 2959 4885 ln
2985 4832 3171 4887 Graeco
3203 4851 3334 4888 vere.

3195 4905 3439 4970 ﬁrmiter.

2507 4971 2940 5045 (‘47)Auditn’mus
2961 4974 3144 5025 Deum.
3161 4973 3252 5027 Sic
3279 4984 3429 5029 vetus
3452 4972 4006 5045 Eeuard.cod.,\’oss.

2435 5059 2487 5101 et
2516 5043 2865 5104 Claromont.;
2887 5045 3087 5103 caeteri,
3123 5045 3440 5096 obedivimus
3469 5043 3594 5097 Deo.

2510 5117 2622 5188 (48)
2651 5117 3035 5188 descensionem.
3065 5113 3240 5177 Eras.,
3265 5113 3489 5188 Gallae...
3534 5114 3793 5181 Feuard.,
3816 5115 4007 5170 Arna-

2437 5185 2539 5241 rlcl.
2584 5197 2638 5240 et
2661 5185 2827 5238 Merc.
2854 5185 2888 5236 ‘3
2913 5198 3224 5253 perperam,
3251 5186 3616 5238 ostensionem.

2509 5258 2621 5327 (49)
2652 5256 2758 5327 f’er
2806 5252 2942 5324 quae.
2977 5252 3210 5305 Feuard.

2433 5326 2608 5396 quem.
2643 5326 2848 5396 Mallem
2910 5340 3195 5392 perquam,

3267 5253 3319 5306 in
3373 5270 3545 5323 marg.
3582 5266 3638 5310 et
3689 5255 3871 5320 Voss.,
3916 5273 4012 5317 per

3268 5338 3371 5376 una
3425 5339 3574 5378 voce.
3615 5327 3684 5379 At
3730 5343 3821 5393 per
3865 5343 4007 5394 qum,

2436 5395 2627 5451 Saltem
2655 5395 2891 5462 accipias
2917 5407 3138 5446 necesse
3169 5403 3252 5447 est
3279 5409 3373 5461 pro
3409 5411 3500 5462 per
3521 5395 3654 5461 hazc,
3679 5411 3746 5450 ne
3773 5410 4009 5463 suspen-

2438 5484 2529 5522 SUS
2553 5475 2768 5519 maneat
2792 5480 3004 5518 SCDSUS.

2509 5539 2620 5607 (50)
2660 5537 2759 5589 Ἐν
2784 5535 2902 5607 μὲν
2953 5532 3072 5607 γὰρ
3107 5531 3186 5607 τῷ

3238 5531 3465 5600 πρώτῳ.
3497 5533 3694 5590 Ultima
3745 5535 3904 5602 hujus
3953 5549 4009 5591 et

2437 5605 2610 5676 prima
2654 5606 2933 5674 sequentis
2957 5605 3149 5676 capitis
3187 5607 3349 5658 verba
3377 5605 3570 5676 iterum
3614 5621 3644 5658 c
3686 5607 4008 5662 Damasceni

2442 5673 2901 5731 Paralieliseruit
2924 5677 3085 5730 modo
3119 5674 3364 5728 laudatus
3394 5673 3717 5729 Halloixius.
