4238 6316
293 407 432 465 “69

1460 403 1738 461 CONTRA
1776 400 2116 459 HERESES
2149 402 2277 458 LIB.
2316 402 2380 459 ν.

3399 399 3530 453 H70

364 534 555 587 unicus
585 537 635 584 et
673 525 814 583 solus
838 528 841 533 “
864 533 937 581 est
964 566 979 593 ,
1010 526 1100 596 qui
1126 540 1247 596 quos
1285 525 1345 596 in
1387 522 1598 578 Christo
1652 524 1855 596 dilexit,
1888 525 1935 582 Α
1963 522 2030 575 ab
2056 522 2324 577 haereticis
2347 524 2649 585 inventum,
2674 522 3009 592 incognitum
3040 521 3286 576 Patrem?
3308 520 3373 575 Et
3404 535 3532 589 quo-

358 609 620 671 prmcepta
648 599 824 671 dedit,
866 604 913 650 et
959 595 1169 671 remisit
1204 595 1352 671 nobis
1391 606 1646 671 peccata;
1699 595 1854 664 cujus

361 662 567 726 Filium
602 680 653 723 et
698 666 922 721 Verbum
970 682 1082 721 sese
1129 662 1679 729 Christus’prabavit,
1736 662 1854 717 cum

360 751 575 813 peccata
599 740 936 793 condonaret.

364 880 415 935 I.
440 878 595 949 Ἔστι
624 876 681 931 δὲ
702 868 856 937 οὗτος
880 874 909 925 ὁ
930 876 1036 944 Δη·
1178 873 1229 925 l.
1262 871 1358 927 Est
1387 868 1581 927 'autem
1626 870 1716 924 hic
1756 870 1855 924 De-

288 974 567 1049 μιουργὺς,
597 974 625 1027 ὀ
645 971 784 1026 κατὰ
811 972 908 1041 μὲν
936 969 1035 1040 τὴν
1106 964 1373 1033 miurgus,
1419 964 1511 1032 qui
1557 961 1853 1016 secundum

284 1057 514 1138 ἀγάπηιί
547 1066 770 1136 Πατὴρ,
806 1060 945 1116 κατὰ
978 1060 1034 1114 δὲ
1106 1054 1451 1112 dilectionem
1479 1053 1721 1125 quidem,
1748 1052 1854 1107 Pa-

282 1161 384 1230 τὴν
412 1155 869 1230 δύναμινΚύριος,
896 1151 1036 1207 κατὰ
1109 1154 1193 1201 ter
1225 1155 1349 1213 est;
1398 1146 1698 1202 secundum
1759 1161 1855 1199 au-

282 1253 340 1305 δὲ
362 1254 460 1325 τὴν
483 1250 675 1322 σοφῖαν
693 1248 921 1320 ποιητὴς
944 1245 1035 1299 καὶ
1108 1251 1215 1298 tem
1247 1242 1526 1305 virtutem,
1560 1241 1852 1306 Dominus;

283 1345 532 1418 πλάστης
557 1344 733 1417 ἡμῶν.
1106 1339 1405 1394 secundum
1436 1347 1613 1393 autem
1637 1340 1855 1407 sapien-

284 1439 439 1503 tiam,
470 1438 641 1492 factor
668 1445 723 1492 et
750 1435 1051 1505 plasmator
1077 1443 1260 1488 noster
1291 1449 1304 1485 :
1336 1430 1487 1500 cujus
1538 1440 1593 1487 et
1644 1445 1854 1500 prace-

282 1542 433 1599 ptum
462 1528 940 1600 transgredientes,
972 1524 1179 1581 inimici
1232 1524 1357 1579 facti
1412 1540 1598 1580 sumus
1625 1523 1759 1591 ejus.
1791 1522 1857 1577 Et

280 1631 503 1689 propter
528 1620 629 1674 hoc
658 1619 711 1673 in
740 1616 1050 1673 novissimis
1078 1614 1439 1684 temporibus,
1473 1615 1527 1668 in
1556 1613 1855 1668 amicitiam

282 1712 519 1767 restituit
570 1725 668 1765 nos
722 1708 981 1765 Dominus
1034 1721 1131 1777 per
1184 1720 1339 1759 suam
1394 1704 1851 1774 incarnationem,

284 1823 307 1858 ι
343 1804 608 1859 mediator
644 1803 739 1858 Dei
768 1811 823 1857 et
851 1800 1193 1856 hominum”
1232 1818 1250 1851 ι
1312 1798 1521 1862 iactus;
1550 1798 1854 1867 propitians

278 1896 501 1966 quidem
538 1910 639 1963 pro
668 1894 825 1949 nobis
854 1892 1092 1958 Patrem,
1124 1892 1180 1946 in
1210 1905 1370 1961 quem
1403 1904 1849 1960 peccaveramus,

277 1994 335 2038 et
363 1994 602 2039 nostram
653 1983 1080 2038 inobedientiam
1131 1995 1230 2051 per
1275 1996 1429 2036 suam
1483 1981 1850 2038 obedientiam

277 2076 629 2141 consolatus;
659 2074 815 2131 nobis
862 2082 1042 2128 autem
1072 2074 1283 2128 donans
1311 2088 1457 2137 eam,
1487 2088 1609 2143 quae
1661 2085 1740 2128 est
1784 2074 1852 2129 ad

275 2168 539 2225 factorem
572 2175 842 2233 nostrum,
865 2167 1336 2223 conversaLiOuem
1365 2174 1418 2219 ct
1436 2166 1845 2237 subjectionetn.

276 2261 623 2331 Quapropter
657 2267 710 2313 ct
746 2259 797 2313 in
828 2260 1075 2313 oratione
1102 2258 1288 2311 dicere
1320 2273 1419 2311 nos
1447 2259 1633 2312 docuit
1666 2275 1681 2313 :
1719 2277 1736 2310 ι
1784 2259 1851 2314 Et

275 2350 498 2405 remitte
528 2350 683 2404 nobis
712 2350 892 2404 debita
938 2360 1121 2403 nOStra
1150 2349 1231 2404 8‘1
1270 2368 1288 2399 ι
1348 2351 1532 2419 utique
1588 2350 1846 2418 quoniam

275 2442 369 2497 hic
388 2442 650 2498 estPater
674 2451 881 2506 noster,
908 2441 1064 2511 cujus
1093 2455 1309 2495 eramus
1341 2442 1636 2505 debitores,
1663 2450 1845 2496 trans-

273 2535 448 2604 gressi
469 2534 588 2603 ejus
618 2542 971 2604 praeceptum.
992 2532 1124 2598 Quis
1150 2541 1329 2585 autem
1348 2542 1429 2588 est
1443 2533 1529 2587 hic
1548 2532 1569 2585 ?
1586 2533 1849 2589 Utrumne

274 2627 584 2698 incognitus
611 2624 826 2694 aliquis,
861 2634 917 2680 et
967 2625 1099 2679 nulli
1145 2640 1421 2695 nunquam
1469 2624 1583 2694 (51)
1637 2640 1847 2694 praece-

272 2731 425 2788 ptum
447 2719 581 2773 dans
610 2716 810 2773 Pater?
837 2718 917 2772 An
943 2733 1071 2773 vero
1096 2719 1186 2786 qui
1214 2733 1244 2771 a
1269 2717 1569 2787 Scripturis
1588 2718 1847 2786 praedica-

275 2820 369 2866 tur
421 2812 583 2876 Deus,
614 2812 699 2866 cui
751 2818 806 2865 et
871 2810 1147 2866 debitores
1209 2825 1451 2877 eramus,
1510 2810 1845 2879 transgressi

272 2905 392 2971 ejus
420 2903 788 2973 praeceptum?
817 2900 1011 2956 Datum
1042 2912 1125 2957 est
1158 2913 1341 2955 autem
1389 2914 1717 2972 praeceptum
1752 2906 1848 2957 ho-

272 3002 410 3057 mini
443 3015 539 3070 per
567 2998 804 3056 Verbum
832 3020 843 3055 :
884 3020 902 3052 ι
937 3002 1162 3055 Audivit
1212 3002 1357 3055 enim
1410 3001 1608 3068 Adam,
1637 3004 1730 3069 ait,
1754 3018 1848 3056 vo-

270 3107 395 3147 cem
430 3091 643 3147 Domini
676 3090 769 3144 Dei
796 3090 863 3144 “.
904 3083 922 3142 ἱ
952 3090 1099 3145 Bene
1146 3091 1313 3160 igitur
1337 3091 1576 3147 Verbum
1610 3092 1725 3162 ejus
1778 3092 1844 3146 ad

270 3185 551 3239 hominem
580 3182 715 3238 dicit
766 3201 779 3237 :

272 3276 418 3332 idem
452 3276 561 3343 ille,
596 3276 649 3329 in
678 3290 839 3343 quem
880 3290 1311 3344 peccaveramus
1342 3275 1395 3329 in
1428 3274 1618 3341 initio,
1654 3276 1850 3328 remis-

272 3369 483 3423 sionem
518 3376 865 3436 peccatorum
899 3368 950 3421 in
987 3367 1091 3420 ﬁne
1124 3369 1353 3422 donans.
1398 3368 1506 3422 Aut
1535 3369 1578 3423 si
1622 3369 1849 3423 alterius

274 3458 498 3529 quidem
526 3458 853 3527 transgressi
880 3473 1067 3513 sumus
1097 3471 1427 3529 praaceptum
1449 3500 1465 3525 ,
1499 3460 1638 3515 alius
1667 3471 1847 3516 autem

270 3559 396 3606 erat
429 3550 521 3619 qui
552 3550 732 3603 dixit:
768 3566 787 3600 ι
832 3550 1209 3605 Remittuntur
1253 3551 1349 3604 tibi
1380 3560 1604 3620 peccata
1651 3560 1779 3618 tua;
1822 3572 1841 3605 ι

272 3655 450 3708 neque
477 3640 667 3705 bonus,
694 3655 870 3709 neque
898 3656 1082 3703 verax,
1117 3656 1301 3711 neque
1330 3642 1512 3711 justus
1542 3653 1626 3698 est
1662 3644 1850 3713 hujus~

270 3729 442 3783 modi.
468 3728 749 3795 Quomodo
779 3732 922 3784 enim
956 3732 1130 3785 bonus
1153 3772 1168 3797 ,
1199 3732 1288 3800 qui
1333 3747 1439 3787 non
1480 3748 1547 3787 ex
1598 3735 1710 3789 suis
1756 3736 1851 3791 do-

270 3823 403 3879 nat?
435 3825 544 3876 Aut
572 3822 1074 3893 quomodojustus,
1106 3824 1195 3892 qui
1242 3824 1416 3881 aliena
1459 3827 1646 3896 rapit?
1702 3828 1851 3897 Quo-

270 3915 439 3969 modo
487 3925 669 3970 autem
727 3930 856 3970 vere
884 3915 995 3986 (52)
1034 3917 1259 3971 remissa
1291 3927 1418 3972 sunt
1464 3928 1717 3988 peccata,
1746 3922 1845 3977 nisi

271 4006 366 4063 ille
393 4008 529 4076 ipse,
557 4006 614 4062 in
663 4021 825 4077 quem
880 4008 1251 4077 peccavimus,
1281 4012 1509 4064 donavit
1569 4012 1849 4068 remissio-

272 4113 425 4163 nem,
458 4118 477 4151 ι
511 4113 611 4171 per
644 4099 860 4153 viscera
884 4098 1277 4153 misericordiae
1306 4097 1400 4153 Dei
1432 4102 1624 4166 nostri,
1644 4103 1697 4157 in
1724 4105 1848 4174 qui-

269 4193 377 4248 bus
404 4190 651 4246 visitavit
682 4206 785 4248 nos
807 4190 853 4222 ⁸⁸
882 4210 899 4239 ι
934 4206 1031 4260 per
1061 4190 1256 4245 Filium
1286 4207 1444 4247 suum
1468 4194 1490 4247 ’ἔ

345 4286 400 4339 2.
432 4284 776 4354 Quapropter
803 4293 857 4339 et
898 4292 1090 4338 curato
1129 4284 1449 4353 paralytico,
1509 4303 1527 4338 ι
1560 4284 1849 4357 Videntes,

268 4376 471 4444 inquit,
499 4375 681 4445 populi
712 4373 1148 4430 clariﬁcaverunt
1185 4376 1377 4439 Deum,
1412 4376 1504 4446 qui
1553 4378 1702 4433 dedit
1752 4396 1849 4449 po-

272 4472 530 4518 testatem
573 4462 733 4516 talem
763 4462 1075 4517 hominibus
1094 4462 1161 4516 ⁸⁸.
1202 4483 1220 4515 ι
1255 4464 1423 4531 Quem
1475 4467 1643 4537 igitur
1678 4470 1845 4527 Deum

1956 616 2116 670 modo
2143 630 2289 679 eum,
2327 615 2420 684 qui
2452 614 2609 669 initio
2645 623 2772 668 tunc
2799 612 2909 685 (55)
2941 613 3057 683 [non
3102 612 3533 680 cognoscebatur

1956 707 2023 760 ab
2047 706 2145 771 eis,
2178 707 2592 776 gloriﬁcabant?
2623 704 2961 762 Manifestum
2987 716 3070 761 est
3092 721 3244 776 ergo,
3273 704 3529 775 quoniam

1956 813 2104 863 eum,
2136 800 2226 868 qui
2255 814 2285 852 a
2312 798 2429 867 lege
2460 807 2514 852 et
2544 796 2710 869 314
2730 800 3013 867 prophetis
3040 797 3153 866 (54)
3208 796 3532 865 praedicatus

1955 899 2040 944 est
2072 891 2235 957 Deus,
2272 891 2657 962 gloriﬁcabant
2702 888 2982 956 Israelita,
3015 890 3107 959 qui
3138 897 3195 943 ct
3243 896 3329 941 est
3369 885 3532 939 Pater

1958 981 2169 1036 Domini
2200 982 2371 1037 nostri
2407 998 2421 1037 :
2449 990 2505 1036 et
2538 988 2763 1051 propter
2796 979 2899 1037 hoc
2934 980 3165 1035 docebat
3198 978 3449 1034 homines
3477 976 3531 1029 in

1956 1088 2117 1129 sensu
2143 1072 2253 1145 (55)
2281 1090 2379 1145 per
2404 1089 2464 1130 ea
2499 1074 2675 1145 signa,
2709 1089 2831 1143 quae
2866 1073 3120 1137 faciebat,
3150 1074 3281 1127 dare
3302 1071 3534 1143 gloriam

1957 1164 2088 1219 Deo.
2122 1164 2178 1220 Si
2220 1176 2401 1220 autem
2457 1167 2524 1221 ab
2554 1166 2729 1221 altero
2760 1166 2979 1236 quidem
3024 1165 3186 1220 Patre
3215 1165 3329 1235 ipse
3355 1165 3534 1220 venis—

1957 1268 2060 1323 set,
2090 1257 2319 1311 alterum
2350 1266 2529 1311 autem
2582 1257 2798 1312 Patrem
2854 1256 3234 1328 gloriﬁcabant
3282 1256 3533 1311 homines

1960 1351 2205 1406 videntes
2227 1349 2342 1418 ejus
2374 1352 2637 1415 virtutes;
2666 1352 2911 1421 ingratos
2939 1364 3033 1404 eos
3068 1349 3121 1403 in
3142 1364 3266 1403 eum
3290 1347 3531 1409 Patrem,

1958 1443 2048 1512 qui
2074 1443 2297 1497 miserat
2320 1444 2681 1507 curationem,
2724 1442 3009 1498 eﬂiciebat.
3047 1440 3153 1495 Sed
3181 1442 3436 1508 quoniam
3463 1438 3534 1493 ab

1958 1549 2042 1596 eo,
2067 1535 2158 1604 qui
2190 1544 2274 1589 est
2302 1535 2412 1607 (56)
2463 1536 2623 1597 Deus,
2649 1534 2960 1604 unigenitus
3001 1533 3167 1587 Filius
3187 1542 3420 1592 venerat
3464 1532 3533 1585 ad

1958 1626 2186 1681 salutem
2216 1627 2522 1689 hominum,
2550 1634 2605 1679 et
2654 1625 2967 1679 incredulos
3014 1639 3113 1693 per
3159 1638 3254 1677 eas
3283 1639 3420 1692 quas
3452 1622 3532 1676 l'a-

1960 1719 2139 1773 ciebat
2167 1718 2414 1785 virtutes,
2456 1720 2791 1789 provocabat
2820 1718 2955 1771 dare
2989 1716 3221 1786 gloriam
3270 1714 3535 1778 Patri;et

1960 1830 2069 1869 non
2098 1814 2487 1883 recipientibus
2519 1814 2808 1869 adventum
2852 1812 2978 1873 Filii
3017 1811 3156 1879 ejus,
3200 1820 3256 1865 et
3312 1820 3533 1879 propter

1886 1871 1931 1928 B
1957 1906 2059 1961 hoc
2089 1922 2195 1961 non
2226 1906 2596 1967 credentibus,
2634 1920 2754 1974 quae
2784 1904 2854 1960 ab
2885 1919 2951 1959 eo
2986 1904 3151 1957 fiebat
3198 1900 3531 1965 remissioni,

1952 1997 2242 2052 Pharisaais
2272 1998 2491 2053 dicebat
2532 2016 2545 2051 :
2585 2016 2603 2048 ι
2643 1997 2712 2052 Ut
2745 1997 2934 2051 sciatis
2973 1994 3234 2071 quoniam
3294 2001 3533 2062 potesta-

1955 2100 2059 2143 tem
2094 2090 2258 2144 habet
2307 2088 2480 2143 Filius
2526 2088 2763 2142 hominis
2817 2087 3102 2142 remittere
3146 2094 3369 2155 peccata
3390 2085 3473 2148 ⁸⁶;
3506 2102 3527 2136 s

1951 2191 2005 2236 et
2035 2183 2136 2236 hoc
2159 2197 2281 2236 cum
2308 2181 2568 2244 dixisset,
2620 2180 2787 2249 jussit
2832 2179 3197 2251 paralyticum
3249 2177 3531 2232 hominem

1952 2274 2142 2329 tollere
2209 2273 2517 2343 grabatum,
2551 2287 2713 2341 super
2744 2287 2904 2340 quem
2938 2270 3160 2338 Iacebat
3183 2268 3323 2341 (57),
3362 2277 3418 2322 et
3450 2269 3532 2322 ire

1953 2367 2006 2419 in
2041 2366 2438 2438 domnmsuam
2490 2380 2505 2417 :
2540 2377 2638 2431 per
2693 2361 2794 2415 hoc
2842 2355 2991 2429 quod
3027 2358 3189 2415 eliicit
3226 2357 3362 2429 (58),
3394 2372 3530 2412 con-

1953 2456 2181 2509 fundens
2213 2437 2523 2507 incredulos
2544 2491 2559 2512 ,
2593 2462 2647 2505 et
2676 2450 2988 2520 signiﬁcans
3016 2437 3272 2519 quoniam
3309 2448 3425 2517 ipse
3447 2457 3533 2502 est

1950 2560 2050 2599 vox
2082 2545 2195 2607 Dei,
2243 2559 2340 2613 per
2384 2558 2549 2611 quam
2591 2542 2801 2609 accepit
2847 2541 3011 2594 homo
3064 2550 3332 2608 praecepta
3359 2580 3374 2604 ,
3408 2554 3531 2605 qtue

1948 2652 2337 2707 supergressus
2367 2645 2472 2701 est,
2514 2645 2568 2688 et
2599 2633 2775 2688 factus
2801 2642 2883 2688 est
2912 2644 3203 2704 peccator;
3238 2647 3302 2687 ex
3333 2646 3531 2703 pecca-

1948 2732 2019 2785 tis
2042 2730 2185 2784 enim
2219 2727 2491 2797 paralysis
2526 2726 2823 2781 subsecuta
2854 2734 2958 2780 est.

2019 2823 2073 2877 ὅ.
2111 2820 2335 2875 Peccata
2392 2815 2559 2887 igitur
2609 2818 2918 2883 remittens,
2979 2816 3254 2870 hominem
3308 2816 3529 2885 quidem

1949 2909 2177 2975 curavit,
2205 2908 2554 2975 semetipsum
2588 2917 2770 2961 autem
2824 2904 3112 2960 manifeste
3146 2907 3386 2961 ostendit
3410 2906 3531 2974 quis

1948 3010 2112 3056 esset.
2142 2999 2198 3054 Si
2232 3000 2375 3054 enim
2409 3014 2569 3054 nemo
2599 3007 2799 3067 :potest
2832 2998 3111 3052 remittere
3141 3008 3390 3066 peccata,
3425 2997 3528 3051 nisi

1949 3093 2095 3148 solus
2147 3092 2321 3154 Deus;
2380 3092 2695 3145 remittebat
2740 3099 2918 3143 autem
2970 3090 3088 3144 haec
3144 3089 3423 3156 Dominus,
3473 3098 3530 3145 et

843 3201 861 3233 ι
904 3181 1285 3237 Remittunturl
1312 3182 1411 3237 tibi
1458 3193 1678 3251 peccata
1697 3184 1781 3245 3';
1825 3202 1841 3233 ι
1875 3217 1916 3273 C
1951 3184 2177 3239 curabat
2215 3183 2469 3238 homines
2506 3200 2520 3236 :
2560 3183 2937 3249 maniiestum,
2978 3181 3237 3251 quoniam
3271 3183 3384 3251 ipse
3410 3193 3529 3238 erat

1954 3280 2192 3335 Verbum
2224 3280 2341 3346 Dei,
2370 3279 2546 3335 Filius
2577 3278 2815 3333 hominis
2844 3280 3042 3343 factus,
3093 3295 3121 3332 a
3159 3278 3319 3334 Patre
3368 3289 3525 3349 pote-

1951 3381 2151 3427 statem
2186 3371 2528 3427 remissionis
2557 3380 2904 3438 peccatorum
2930 3370 3227 3439 accipiens,
3269 3370 3525 3439 quoniam

1952 3468 2136 3533 homo,
2166 3474 2220 3520 et
2250 3465 2507 3535 quoniam
2540 3466 2683 3519 Deus
2716 3464 2829 3537 (39)
2860 3474 2961 3519 :ut
2991 3465 3271 3534 quomodo
3287 3462 3402 3535 (60)
3433 3465 3530 3519 ho-

1951 3575 2039 3614 mo
2068 3572 2389 3627 compassus
2414 3566 2495 3611 est
2527 3556 2709 3623 nobis,
2737 3567 2990 3627 tanquam
3016 3557 3161 3613 Deus
3198 3556 3527 3613 misereatur

1952 3649 2144 3711 nostri,
2179 3658 2234 3703 et
2262 3650 2501 3702 remittat
2530 3648 2688 3703 nobis
2713 3647 2895 3704 debita
2925 3658 3130 3711 nostra,
3165 3664 3287 3718 qua:
3318 3649 3522 3705 factori

1952 3752 2139 3794 nostro
2165 3740 2423 3794 debemus
2470 3740 2600 3792 Deo.
2636 3740 2700 3793 Et
2743 3749 2965 3809 propter
3005 3741 3106 3795 hoc
3158 3741 3328 3795 David
3356 3745 3527 3811 {prte-

1953 3830 2089 3885 dixit
2127 3850 2142 3885 :
2176 3851 2194 3883 ι
2228 3830 2378 3886 Beati
2406 3846 2637 3900 quorum
2672 3832 2920 3886 remissa:
2950 3843 3076 3887 sunt
3107 3833 3442 3903 iniquitates,
3475 3846 3533 3890 et

1951 3938 2181 3993 quorum
2215 3930 2356 3976 tecta
2384 3931 2511 3975 sunt
2544 3929 2792 3989 peccata.
2826 3920 3028 3977 Beatus
3058 3922 3239 3989 homo,
3293 3926 3383 3980 cui
3419 3940 3527 3980 non

1952 4014 2241 4085 imputavit
2267 4013 2530 4068 Dominus
2561 4021 2844 4081 peccatum
2868 4014 2948 4078 ‘7,
2984 4032 3005 4066 ι
3069 4028 3213 4081 eam,
3257 4032 3377 4085 qua
3433 4033 3531 4087 per

1951 4108 2239 4162 adventum
2276 4105 2393 4173 ejus
2413 4112 2517 4170 est,
2547 4104 2922 4161 remissionem
2948 4116 3400 4175 praemonstrans,
3434 4125 3532 4180 per

1952 4212 2111 4269 quam
2169 4216 2186 4249 ι
2219 4196 2416 4251 delevit
2444 4194 2867 4264 chirographum
2914 4213 2932 4247 ι
2970 4196 3141 4251 debiti
3187 4200 3361 4255 nostri
3389 4198 3529 4272 (61),

1956 4306 1977 4344 ι
2018 4297 2073 4341 et
2110 4284 2283 4342 aﬂixit
2312 4283 2447 4341 illud
2468 4281 2687 4341 cruci“
2722 4297 2736 4333 :
2776 4300 2805 4336 ι
2829 4284 2907 4337 uti
2934 4284 3395 4353 quemadmodum
3433 4300 3539 4356 per,

1950 4379 2155 4455 lignum
2179 4376 2305 4431 facti
2341 4391 2529 4429 sumus
2558 4374 2834 4430 debitores
2856 4373 2988 4441 Deo,
3016 4390 3115 4445 per
3144 4376 3352 4447 lignum
3379 4380 3527 4436 acci-

1949 4468 2161 4537 piamus
2192 4463 2358 4517 nostri
2392 4462 2559 4516 debiti
2591 4463 2993 4519 remissionem.

270 4555 717 4611 clariﬁcaverunt
739 4554 1161 4610 circumstantes
1188 4556 1366 4626 populi
1393 4558 1416 4610 ?
1453 4556 1841 4630 Nunquidnam
1878 4563 1921 4618 D
2023 4560 2075 4616 4.
2106 4559 2220 4615 Hoc
2250 4568 2305 4614 et
2337 4573 2432 4627 per
2466 4558 2601 4613 alios
2634 4558 2851 4627 quidem
2879 4558 3107 4623 multos,
3129 4558 3242 4627 jam
3270 4570 3449 4617 autem
3472 4574 3530 4620 et

343 4702 387 4735 "
421 4701 606 4758 I'I‘im.
643 4720 704 4767 ιι,
730 4704 784 4758 5.
860 4705 901 4736 ⁸¹
927 4704 1120 4760 Matth.
1158 4722 1229 4771 vt,
1264 4707 1349 4762 i2.

268 4773 327 4829 8.
438 4772 482 4805 ⁸⁸
524 4772 709 4830 Matth.
741 4789 818 4843 ιι,
854 4775 909 4833 6.
1017 4777 1061 4809 ⁸⁷
1107 4776 1252 4832 Psal.
1280 4794 1432 4845 κιαι,
1471 4781 1519 4848 I,
1564 4783 1618 4837 2.

339 4946 455 5015 (bl)
486 4946 639 5027 Nulli
690 4965 981 5027 nunquam.
1014 4948 1075 5007 In
1128 4951 1557 5027 Arund.,_uulli,
1606 4957 1841 5027 inquam,

268 5032 394 5085 quae
422 5019 745 5087 recentioris
773 5019 1075 5087 cuiuspiam
1109 5024 1419 5078 emendatio
1449 5040 1573 5087 esse
1608 5019 1822 5084 videtur

263 5070 359 5142 Eni
388 5070 1844 5158 dissentaneasaginateaezanmags?""

331 5158 450 5238 .(52)
497 5156 648 5240 lfere.
680 5156 857 5225 Ιίνιιις..
890 5156 1095 5215 Gallas.
1124 5172 1178 5216 et
1210 5162 1469 5230 Feuard.,
1499 5178 1660 5234 recte,
1696 5168 1842 5240 quod

264 5240 456 5350 ""i's‘é‘t
478 5227 672 5350 iiii-isi“

268 5366 284 5380 O
344 5300 456 5380 (53)
480 5298 643 5380 {uitio
673 5308 817 5380 tunc.
846 5298 921 5380 Ita
945 5300 1208 5380 Claram;
1242 5305 1293 5357 in
1314 5303 1498 5380 Voss,
1522 5308 1675 5380 initio
1704 5320 1838 5375 tum;

266 5366 325 5424 in
353 5366 729 5430 vet’..Feuard.
776 5372 921 5438 cod.,
956 5371 1108 5425 initio
1152 5366 1359 5441 (einen;
1390 5376 1444 5429 in
1484 5366 1754 5447 'reliquis,
1782 5366 1839 5435 si;

264 5447 458 5494 totum.

346 5510 462 5582 (54)
496 5510 541 5582 ᾼ
572 5510 685 5582 lege
723 5520 775 5565 et
806 5512 1088 5582 prophetis.
1121 5514 1211 5569 Sic
1233 5532 1423 5571 omnes
1461 5516 1577 5573 fere
1607 5534 1737 5575 mss.
1768 5521 1841 5575 At

296 5578 313 5595 Ἴ
346 5528 462 5582 (οι)
496 5528 541 5563 λιι
574 5528 685 5581 tege
723 5528 775 5565 et
804 5528 1211 5636 gropnetts._atc
1233 5532 1423 5571 omnes
1461 5528 1577 5573 tere
1607 5534 1657 5571 m

268 5577 452 5659 Purser
484 5578 687 5659 (jallas.
721 5592 776 5635 et
836 5584 1063 5659 _euard.,
1100 5601 1157 5637 ιη
1184 5587 1291 5655 lege
1317 5604 1348 5639 a
1375 5588 1657 5656 prophetis.

328 5650 552 5733 ‘(5.5.)_“In
608 5667 811 5733 sensu,“
836 5651 891 5706 Id
922 5662 1037 5720 est,
1074 5663 1134 5708 ut
1179 5650 1326 5711 recte
1369 5650 1604 5727 explicat
1646 5658 1837 5724 Grab.,

269 5722 604 5787 sensibililer,
637 5723 933 5790 manifeste,
960 5736 1065 5780 etc.
1442 5722 1457 5727 ’
1606 5768 1613 5771 -

338 5791 453 5860 (56)
482 5792 584 5857 Qui
612 5799 709 5846 est.
745 5791 818 5846 lta
847 5805 1000 5848 vetus
1047 5794 1281 5861 Fcuard.
1328 5797 1473 5860 cod.,
1513 5798 1750 5855 Clarom.
1787 5812 1841 5857 et

271 5860 427 5919 Voss.
452 5863 933 5936 Aliiperperamm
965 5882 1096 5937 quo;
1119 5866 1509 5926 FcuanLvero
1542 5886 1636 5938 pro
1665 5886 1837 5935 more,

1449 4710 1493 4747 ⁸³
1530 4710 1666 4767 Cen.
1700 4730 1783 4777 tu,
1819 4715 1873 4779 8,
1905 4715 1992 4769 10.
2094 4711 2138 4743 ⁸³
2164 4710 2242 4763 Ma

1471 4781 1519 4848 I,
1564 4783 1618 4837 2.
1728 4784 1776 4816 ⁸⁸
1818 4786 2028 4842 Coloss.
2064 4798 2125 4849 ιι,
2154 4782 2242 4839 14.

2094 4711 2138 4743 ⁸³
2164 4708 2355 4763 Matth.
2390 4722 2468 4772 lx,
2498 4705 2556 4759 2.
2656 4704 2701 4737 ⁸⁸
2730 4706 2861 4760 Luc.
2903 4723 2951 4771 ιι
2978 4705 3066 4761 7.8.
3142 4704 3189 4739 ⁸⁵
3222 4705 3415 4760 Matth.
3449 4722 3539 4771 Ix,

1956 4957 2107 5015 haud
2125 4965 2276 5011 certe
2306 4952 2612 5025 probando,
2641 4958 2930 5025 utramque
2952 4946 3239 5000 lectionem
3264 4943 3543 5013 jungens,,

1954 5028 2170 5085 caeteris
2198 5020 2351 5094 pejus
2376 5022 2602 5094 scripsit
2626 5038 2637 5073 :
2663 5020 2753 5094 qui
2776 5029 2887 5094 est,
2914 5036 2947 5094 ιι
2972 5032 3097 5085 quo.

2023 5097 2137 5167 (57)
2166 5088 2333 5165 Super
2380 5088 2532 5165 quem
2573 5088 3070 5167 jqcebat.‘Unicatn
3104 5098 3291 5139 vocem
3345 5097 3523 5147 suum,

1949 5158 2067 5225 loco
2095 5158 2346 5228 istarum,
2384 5158 2586 5219 habent
2620 5160 2786 5213 Merc.
2817 5159 2853 5213 2
2879 5158 3037 5228 codd.

2018 5239 2129 5309 (58)
2153 5234 2261 5291 Per
2283 5222 2379 5309 hoc
2408 5236 2546 5309 quod
2594 5231 2775 5309 eﬂicit.
2810 5229 2902 5287 Sic
2953 5227 3195 5309 (ῖιξξη-οιῐιΙ
3237 5232 3293 5278 et
3335 5222 3533 5309 Voss-3.

1987 5294 2145 5364 uibu's
2173 5305 2351 5377 quoad
2378 5294 2567 5377 vocem
2594 5294 2732 5372 quod
2790 5299 3140 5377 consentiunt
3168 5294 3428 5377 grundel.
3466 5305 3522 5346 ct

1998 5395 2109 5433 ere.
2142 5366 2207 5430 1..
2222 5376 2323 5428 Alii
2360 5376 2519 5436 male,
2555 5366 2767 5439 prapter
2786 5376 2882 5425 hoc
2905 5370 3112 5439 quidem
3138 5366 3306 5439 efﬁcit.

2012 5448 2125 5518 (59)
2156 5447 2419 5512 Quoniam
2448 5435 2991 5518 Ιιόηιοτὲιλᾳυοηὶὰιη
3020 5435 3187 5492 Deus.
3210 5435 3313 5491 Alii
3337 5479 3351 5501 ,
3384 5451 3533 5505 (μισ-κ

1945 5511 2308 5580 ιιιόιΙοἸιόηιο,
2334 5526 2383 5569 et
2413 5516 2673 5585 quomodo
2701 5511 2866 5585 Deus.

2022 5587 2133 5657 (60)
2165 5586 2233 5641 Ut
2256 5578 2537 5657 quomodo.
2576 5582 2758 5647 Eras.,
2804 5580 3009 5636 Gallas.
3062 5588 3116 5635 et
3154 5578 3412 5635 Feuard..
3468 5585 3521 5630 et

1946 5660 2223 5728 quomodo.

2029 5729 2141 5798 (61)
2175 5727 2349 5780 Debili
2377 5725 2694 5798 ηοω-ἕξεις
2734 5722 2999 5785 Clarom.,
3031 5720 3299 5798 Arundcl._
3322 5727 3373 5773 et
3432 5732 3525 5771 vc-

1950 5791 2046 5851 tus
2087 5791 2318 5854 Feuard.
2372 5796 2491 5852 cod.
2549 5794 2739 5849 Cancri
2806 5807 3089 5863 perperam
3187 5791 3357 5843 debila
3422 5805 3518 5846 Ito-

1948 5881 1991 5924 ιι
2000 5885 2075 5924 ra.
