  <div class='ocr_page' id='page_1' title='image "/cluster/home/n/w/nwhite01/storage/ocr_20150623/7 pars.2/pst.000005711840/040.png"; bbox 0 0 4238 6316; ppageno 0'>
   <div class='ocr_carea' id='block_1_1' title="bbox 265 399 406 460">
    <p class='ocr_par' dir='ltr' id='par_1_1' title="bbox 265 399 406 460">
     <span class='ocr_line' id='line_1_1' title="bbox 265 399 406 460; baseline -0.028 0"><span class='ocrx_word' id='word_1_1' title='bbox 265 399 406 460; x_wconf 69' lang='grc'>1175</span> 
     </span>
    </p>
   </div>
   <div class='ocr_carea' id='block_1_2' title="bbox 1415 385 2336 447">
    <p class='ocr_par' dir='ltr' id='par_1_2' title="bbox 1415 385 2336 447">
     <span class='ocr_line' id='line_1_2' title="bbox 1415 385 2336 447; baseline -0.001 -1"><span class='ocrx_word' id='word_1_2' title='bbox 1415 390 1689 446; x_wconf 77' lang='lat' dir='ltr'><strong>CONTRA</strong></span> <span class='ocrx_word' id='word_1_3' title='bbox 1727 389 2063 447; x_wconf 61' lang='lat' dir='ltr'><strong>HIERESES</strong></span> <span class='ocrx_word' id='word_1_4' title='bbox 2100 388 2227 444; x_wconf 85' lang='lat' dir='ltr'><strong>LIB.</strong></span> <span class='ocrx_word' id='word_1_5' title='bbox 2270 385 2336 445; x_wconf 73' lang='grc' dir='ltr'><strong>γ.</strong></span> 
     </span>
    </p>
   </div>
   <div class='ocr_carea' id='block_1_3' title="bbox 3359 377 3503 438">
    <p class='ocr_par' dir='ltr' id='par_1_3' title="bbox 3359 377 3503 438">
     <span class='ocr_line' id='line_1_3' title="bbox 3359 377 3503 438; baseline 0.021 -3"><span class='ocrx_word' id='word_1_6' title='bbox 3359 377 3503 438; x_wconf 60' lang='grc'><strong>1174</strong></span> 
     </span>
    </p>
   </div>
   <div class='ocr_carea' id='block_1_4' title="bbox 265 495 3501 589">
    <p class='ocr_par' dir='ltr' id='par_1_4' title="bbox 265 495 3501 589">
     <span class='ocr_line' id='line_1_4' title="bbox 265 495 3501 589; baseline -0.009 -12"><span class='ocrx_word' id='word_1_7' title='bbox 265 520 426 577; x_wconf 87' lang='lat' dir='ltr'><strong>Patre</strong></span> <span class='ocrx_word' id='word_1_8' title='bbox 449 523 725 589; x_wconf 88' lang='lat' dir='ltr'><strong>portatur,</strong></span> <span class='ocrx_word' id='word_1_9' title='bbox 768 514 1066 572; x_wconf 86' lang='lat' dir='ltr'><strong>secundum</strong></span> <span class='ocrx_word' id='word_1_10' title='bbox 1093 511 1465 568; x_wconf 88' lang='lat' dir='ltr'><strong>visibilitatem</strong></span> <span class='ocrx_word' id='word_1_11' title='bbox 1501 512 1610 582; x_wconf 84' lang='lat'><strong>(70)</strong></span> <span class='ocrx_word' id='word_1_12' title='bbox 1649 521 1827 565; x_wconf 89' lang='lat' dir='ltr'><strong>autem</strong></span> <span class='ocrx_word' id='word_1_13' title='bbox 1860 515 1902 572; x_wconf 80' lang='grc' dir='ltr'><strong>Α</strong></span> <span class='ocrx_word' id='word_1_14' title='bbox 1935 511 2112 575; x_wconf 85' lang='lat' dir='ltr'><strong>Patre,</strong></span> <span class='ocrx_word' id='word_1_15' title='bbox 2165 509 2384 577; x_wconf 90' lang='lat' dir='ltr'><strong>plenum</strong></span> <span class='ocrx_word' id='word_1_16' title='bbox 2435 504 2607 574; x_wconf 84' lang='lat' dir='ltr'><strong>gratia</strong></span> <span class='ocrx_word' id='word_1_17' title='bbox 2654 510 2709 558; x_wconf 84' lang='lat' dir='ltr'><strong>et</strong></span> <span class='ocrx_word' id='word_1_18' title='bbox 2757 500 2986 556; x_wconf 81' lang='lat' dir='ltr'><strong>veritate</strong></span> <span class='ocrx_word' id='word_1_19' title='bbox 3027 499 3098 550; x_wconf 78' lang='grc'><strong>’⁷.</strong></span> <span class='ocrx_word' id='word_1_20' title='bbox 3136 514 3154 548; x_wconf 75' lang='grc' dir='ltr'><strong>ι</strong></span> <span class='ocrx_word' id='word_1_21' title='bbox 3216 495 3501 550; x_wconf 77' lang='lat' dir='ltr'><strong>Manifeste</strong></span> 
     </span>
    </p>
   </div>
   <div class='ocr_carea' id='block_1_5' title="bbox 264 604 1833 680">
    <p class='ocr_par' dir='ltr' id='par_1_5' title="bbox 264 604 1833 680">
     <span class='ocr_line' id='line_1_5' title="bbox 264 604 1833 680; baseline -0.007 -10"><span class='ocrx_word' id='word_1_22' title='bbox 264 630 297 670; x_wconf 88' lang='lat' dir='ltr'><strong>e</strong></span> <span class='ocrx_word' id='word_1_23' title='bbox 335 612 608 667; x_wconf 89' lang='lat' dir='ltr'><strong>contrario</strong></span> <span class='ocrx_word' id='word_1_24' title='bbox 650 618 828 680; x_wconf 85' lang='lat' dir='ltr'><strong>portat</strong></span> <span class='ocrx_word' id='word_1_25' title='bbox 858 605 972 676; x_wconf 88' lang='lat' dir='ltr'><strong>ejus</strong></span> <span class='ocrx_word' id='word_1_26' title='bbox 1015 605 1309 673; x_wconf 82' lang='lat' dir='ltr'><strong>Verbum);</strong></span> <span class='ocrx_word' id='word_1_27' title='bbox 1350 613 1401 658; x_wconf 90' lang='lat' dir='ltr'><strong>et</strong></span> <span class='ocrx_word' id='word_1_28' title='bbox 1450 606 1550 660; x_wconf 89' lang='lat' dir='ltr'><strong>hoc</strong></span> <span class='ocrx_word' id='word_1_29' title='bbox 1590 615 1672 659; x_wconf 87' lang='lat' dir='ltr'><strong>est</strong></span> <span class='ocrx_word' id='word_1_30' title='bbox 1706 604 1833 660; x_wconf 72' lang='grc' dir='ltr'><strong>γετ-</strong></span> 
     </span>
    </p>
   </div>
   <div class='ocr_carea' id='block_1_6' title="bbox 264 704 566 777">
    <p class='ocr_par' dir='ltr' id='par_1_6' title="bbox 264 704 566 777">
     <span class='ocr_line' id='line_1_6' title="bbox 264 704 566 777; baseline -0.007 -15"><span class='ocrx_word' id='word_1_31' title='bbox 264 711 396 762; x_wconf 84' lang='lat' dir='ltr'><strong>bum</strong></span> <span class='ocrx_word' id='word_1_32' title='bbox 429 704 566 777; x_wconf 72' lang='grc' dir='ltr'>(π).</span> 
     </span>
    </p>
   </div>
   <div class='ocr_carea' id='block_1_7' title="bbox 336 873 1832 939">
    <p class='ocr_par' dir='ltr' id='par_1_7' title="bbox 336 873 1832 939">
     <span class='ocr_line' id='line_1_7' title="bbox 336 873 1832 939; baseline -0.008 -1"><span class='ocrx_word' id='word_1_33' title='bbox 336 884 394 938; x_wconf 77' lang='grc'><strong>9...</strong></span> <span class='ocrx_word' id='word_1_34' title='bbox 443 883 606 938; x_wconf 89' lang='lat' dir='ltr'><strong>Pater</strong></span> <span class='ocrx_word' id='word_1_35' title='bbox 659 882 801 935; x_wconf 90' lang='lat' dir='ltr'><strong>enim</strong></span> <span class='ocrx_word' id='word_1_36' title='bbox 851 879 1222 939; x_wconf 72' lang='lat' dir='ltr'><strong>conditionem</strong></span> <span class='ocrx_word' id='word_1_37' title='bbox 1279 875 1438 930; x_wconf 88' lang='lat' dir='ltr'><strong>simul</strong></span> <span class='ocrx_word' id='word_1_38' title='bbox 1489 885 1542 930; x_wconf 88' lang='lat' dir='ltr'><strong>et</strong></span> <span class='ocrx_word' id='word_1_39' title='bbox 1600 873 1832 928; x_wconf 81' lang='lat' dir='ltr'><strong>Verbum</strong></span> 
     </span>
    </p>
   </div>
   <div class='ocr_carea' id='block_1_8' title="bbox 265 965 1835 1044">
    <p class='ocr_par' dir='ltr' id='par_1_8' title="bbox 265 965 1835 1044">
     <span class='ocr_line' id='line_1_8' title="bbox 265 965 1835 1044; baseline -0.01 -12"><span class='ocrx_word' id='word_1_40' title='bbox 265 991 428 1032; x_wconf 81' lang='lat' dir='ltr'><strong>suum</strong></span> <span class='ocrx_word' id='word_1_41' title='bbox 460 984 706 1044; x_wconf 89' lang='lat' dir='ltr'><strong>portans,</strong></span> <span class='ocrx_word' id='word_1_42' title='bbox 748 980 802 1026; x_wconf 84' lang='lat' dir='ltr'><strong>et</strong></span> <span class='ocrx_word' id='word_1_43' title='bbox 835 970 1071 1026; x_wconf 85' lang='lat' dir='ltr'><strong>Verbum</strong></span> <span class='ocrx_word' id='word_1_44' title='bbox 1113 977 1385 1039; x_wconf 88' lang='lat' dir='ltr'><strong>portatum</strong></span> <span class='ocrx_word' id='word_1_45' title='bbox 1421 983 1450 1020; x_wconf 84' lang='lat' dir='ltr'><strong>a</strong></span> <span class='ocrx_word' id='word_1_46' title='bbox 1485 966 1664 1031; x_wconf 80' lang='lat' dir='ltr'><strong>Patre,</strong></span> <span class='ocrx_word' id='word_1_47' title='bbox 1696 965 1835 1034; x_wconf 67' lang='lat' dir='ltr'><strong>praev</strong></span> 
     </span>
    </p>
   </div>
   <div class='ocr_carea' id='block_1_9' title="bbox 265 1055 1831 1134">
    <p class='ocr_par' dir='ltr' id='par_1_9' title="bbox 265 1055 1831 1134">
     <span class='ocr_line' id='line_1_9' title="bbox 265 1055 1831 1134; baseline -0.009 -11"><span class='ocrx_word' id='word_1_48' title='bbox 265 1076 377 1123; x_wconf 82' lang='lat' dir='ltr'><strong>stat</strong></span> <span class='ocrx_word' id='word_1_49' title='bbox 404 1065 667 1134; x_wconf 82' lang='lat' dir='ltr'><strong>Spiritum</strong></span> <span class='ocrx_word' id='word_1_50' title='bbox 693 1063 969 1127; x_wconf 89' lang='lat' dir='ltr'><strong>omnibus,</strong></span> <span class='ocrx_word' id='word_1_51' title='bbox 998 1058 1454 1130; x_wconf 87' lang='lat' dir='ltr'><strong>quemadmodum</strong></span> <span class='ocrx_word' id='word_1_52' title='bbox 1488 1056 1602 1109; x_wconf 83' lang='lat' dir='ltr'><strong>vult</strong></span> <span class='ocrx_word' id='word_1_53' title='bbox 1635 1055 1794 1110; x_wconf 88' lang='lat' dir='ltr'><strong>Pater</strong></span> <span class='ocrx_word' id='word_1_54' title='bbox 1819 1076 1831 1109; x_wconf 94' lang='lat'><em>:</em></span> 
     </span>
    </p>
   </div>
   <div class='ocr_carea' id='block_1_10' title="bbox 266 1146 1834 1226">
    <p class='ocr_par' dir='ltr' id='par_1_10' title="bbox 266 1146 1834 1226">
     <span class='ocr_line' id='line_1_10' title="bbox 266 1146 1834 1226; baseline -0.007 -16"><span class='ocrx_word' id='word_1_55' title='bbox 266 1155 595 1226; x_wconf 79' lang='lat' dir='ltr'><strong>quibusdam</strong></span> <span class='ocrx_word' id='word_1_56' title='bbox 647 1155 868 1224; x_wconf 78' lang='lat' dir='ltr'><strong>quidem</strong></span> <span class='ocrx_word' id='word_1_57' title='bbox 926 1151 1220 1208; x_wconf 85' lang='lat' dir='ltr'><strong>secundum</strong></span> <span class='ocrx_word' id='word_1_58' title='bbox 1275 1150 1646 1205; x_wconf 85' lang='lat' dir='ltr'><strong>conditionem</strong></span> <span class='ocrx_word' id='word_1_59' title='bbox 1697 1146 1834 1215; x_wconf 72' lang='grc'>(72),</span> 
     </span>
    </p>
   </div>
   <div class='ocr_carea' id='block_1_11' title="bbox 265 1242 1834 1316">
    <p class='ocr_par' dir='ltr' id='par_1_11' title="bbox 265 1242 1834 1316">
     <span class='ocr_line' id='line_1_11' title="bbox 265 1242 1834 1316; baseline -0.004 -18"><span class='ocrx_word' id='word_1_60' title='bbox 265 1246 412 1316; x_wconf 89' lang='lat' dir='ltr'><strong>quod</strong></span> <span class='ocrx_word' id='word_1_61' title='bbox 472 1252 559 1299; x_wconf 88' lang='lat' dir='ltr'><strong>est</strong></span> <span class='ocrx_word' id='word_1_62' title='bbox 611 1246 854 1310; x_wconf 80' lang='lat' dir='ltr'><strong>factum;</strong></span> <span class='ocrx_word' id='word_1_63' title='bbox 924 1243 1248 1313; x_wconf 88' lang='lat' dir='ltr'><strong>quibusdam</strong></span> <span class='ocrx_word' id='word_1_64' title='bbox 1303 1253 1482 1297; x_wconf 91' lang='lat' dir='ltr'><strong>autem</strong></span> <span class='ocrx_word' id='word_1_65' title='bbox 1535 1242 1834 1297; x_wconf 86' lang='lat' dir='ltr'><strong>secundum</strong></span> 
     </span>
    </p>
   </div>
   <div class='ocr_carea' id='block_1_12' title="bbox 267 1333 1832 1407">
    <p class='ocr_par' dir='ltr' id='par_1_12' title="bbox 267 1333 1832 1407">
     <span class='ocr_line' id='line_1_12' title="bbox 267 1333 1832 1407; baseline -0.003 -17"><span class='ocrx_word' id='word_1_66' title='bbox 267 1337 634 1407; x_wconf 85' lang='lat' dir='ltr'><strong>adoptionem,</strong></span> <span class='ocrx_word' id='word_1_67' title='bbox 681 1338 822 1405; x_wconf 84' lang='lat' dir='ltr'><strong>quod</strong></span> <span class='ocrx_word' id='word_1_68' title='bbox 857 1343 942 1390; x_wconf 88' lang='lat' dir='ltr'><strong>est</strong></span> <span class='ocrx_word' id='word_1_69' title='bbox 967 1350 1032 1389; x_wconf 76' lang='lat' dir='ltr'><strong>ex</strong></span> <span class='ocrx_word' id='word_1_70' title='bbox 1065 1336 1194 1400; x_wconf 88' lang='lat' dir='ltr'><strong>Deo,</strong></span> <span class='ocrx_word' id='word_1_71' title='bbox 1233 1335 1376 1402; x_wconf 89' lang='lat' dir='ltr'><strong>quod</strong></span> <span class='ocrx_word' id='word_1_72' title='bbox 1408 1344 1489 1388; x_wconf 87' lang='lat' dir='ltr'><strong>est</strong></span> <span class='ocrx_word' id='word_1_73' title='bbox 1527 1333 1832 1403; x_wconf 77' lang='lat' dir='ltr'><strong>generatio.</strong></span> 
     </span>
    </p>
   </div>
   <div class='ocr_carea' id='block_1_13' title="bbox 265 1424 1838 1492">
    <p class='ocr_par' dir='ltr' id='par_1_13' title="bbox 265 1424 1838 1492">
     <span class='ocr_line' id='line_1_13' title="bbox 265 1424 1838 1492; baseline -0.004 -10"><span class='ocrx_word' id='word_1_74' title='bbox 265 1426 336 1482; x_wconf 84' lang='lat' dir='ltr'><strong>Et</strong></span> <span class='ocrx_word' id='word_1_75' title='bbox 374 1428 454 1482; x_wconf 89' lang='lat' dir='ltr'><strong>sic</strong></span> <span class='ocrx_word' id='word_1_76' title='bbox 503 1440 641 1481; x_wconf 86' lang='lat' dir='ltr'><strong>unus</strong></span> <span class='ocrx_word' id='word_1_77' title='bbox 671 1425 814 1479; x_wconf 86' lang='lat' dir='ltr'><strong>Deus</strong></span> <span class='ocrx_word' id='word_1_78' title='bbox 844 1424 1006 1479; x_wconf 84' lang='lat' dir='ltr'><strong>Pater</strong></span> <span class='ocrx_word' id='word_1_79' title='bbox 1043 1426 1371 1488; x_wconf 78' lang='lat' dir='ltr'><strong>ostenditur,</strong></span> <span class='ocrx_word' id='word_1_80' title='bbox 1422 1425 1512 1492; x_wconf 90' lang='lat' dir='ltr'><strong>qui</strong></span> <span class='ocrx_word' id='word_1_81' title='bbox 1551 1432 1632 1477; x_wconf 84' lang='lat' dir='ltr'><strong>est</strong></span> <span class='ocrx_word' id='word_1_82' title='bbox 1675 1437 1838 1489; x_wconf 81' lang='lat' dir='ltr'><strong>super</strong></span> 
     </span>
    </p>
   </div>
   <div class='ocr_carea' id='block_1_14' title="bbox 264 1513 1835 1586">
    <p class='ocr_par' dir='ltr' id='par_1_14' title="bbox 264 1513 1835 1586">
     <span class='ocr_line' id='line_1_14' title="bbox 264 1513 1835 1586; baseline -0.004 -12"><span class='ocrx_word' id='word_1_83' title='bbox 264 1519 474 1584; x_wconf 83' lang='lat' dir='ltr'><strong>omnia,</strong></span> <span class='ocrx_word' id='word_1_84' title='bbox 503 1526 558 1573; x_wconf 87' lang='lat' dir='ltr'><strong>et</strong></span> <span class='ocrx_word' id='word_1_85' title='bbox 588 1532 683 1586; x_wconf 90' lang='lat' dir='ltr'><strong>per</strong></span> <span class='ocrx_word' id='word_1_86' title='bbox 709 1517 912 1583; x_wconf 85' lang='lat' dir='ltr'><strong>omnia,</strong></span> <span class='ocrx_word' id='word_1_87' title='bbox 942 1526 995 1571; x_wconf 89' lang='lat' dir='ltr'><strong>et</strong></span> <span class='ocrx_word' id='word_1_88' title='bbox 1026 1517 1080 1570; x_wconf 91' lang='lat' dir='ltr'><strong>in</strong></span> <span class='ocrx_word' id='word_1_89' title='bbox 1112 1517 1386 1571; x_wconf 85' lang='lat' dir='ltr'><strong>omnibus.</strong></span> <span class='ocrx_word' id='word_1_90' title='bbox 1449 1514 1622 1584; x_wconf 87' lang='lat' dir='ltr'><strong>Super</strong></span> <span class='ocrx_word' id='word_1_91' title='bbox 1654 1513 1835 1568; x_wconf 82' lang='lat' dir='ltr'><strong>omnia</strong></span> 
     </span>
    </p>
   </div>
   <div class='ocr_carea' id='block_1_15' title="bbox 262 1605 1837 1681">
    <p class='ocr_par' dir='ltr' id='par_1_15' title="bbox 262 1605 1837 1681">
     <span class='ocr_line' id='line_1_15' title="bbox 262 1605 1837 1681; baseline -0.003 -16"><span class='ocrx_word' id='word_1_92' title='bbox 262 1612 488 1681; x_wconf 82' lang='lat' dir='ltr'><strong>quidem</strong></span> <span class='ocrx_word' id='word_1_93' title='bbox 517 1607 700 1677; x_wconf 87' lang='lat' dir='ltr'><strong>Pater,</strong></span> <span class='ocrx_word' id='word_1_94' title='bbox 733 1618 787 1663; x_wconf 89' lang='lat' dir='ltr'><strong>et</strong></span> <span class='ocrx_word' id='word_1_95' title='bbox 812 1609 926 1678; x_wconf 82' lang='lat' dir='ltr'><strong>ipse</strong></span> <span class='ocrx_word' id='word_1_96' title='bbox 957 1619 1039 1662; x_wconf 84' lang='lat' dir='ltr'><strong>est</strong></span> <span class='ocrx_word' id='word_1_97' title='bbox 1069 1617 1228 1678; x_wconf 89' lang='lat' dir='ltr'><strong>caput</strong></span> <span class='ocrx_word' id='word_1_98' title='bbox 1251 1607 1448 1662; x_wconf 83' lang='lat' dir='ltr'><strong>Christi</strong></span> <span class='ocrx_word' id='word_1_99' title='bbox 1487 1625 1499 1659; x_wconf 73' lang='grc' dir='ltr'>ε</span> <span class='ocrx_word' id='word_1_100' title='bbox 1534 1620 1627 1675; x_wconf 89' lang='lat' dir='ltr'><strong>per</strong></span> <span class='ocrx_word' id='word_1_101' title='bbox 1654 1605 1837 1660; x_wconf 83' lang='lat' dir='ltr'><strong>omnia</strong></span> 
     </span>
    </p>
   </div>
   <div class='ocr_carea' id='block_1_16' title="bbox 262 1696 1838 1768">
    <p class='ocr_par' dir='ltr' id='par_1_16' title="bbox 262 1696 1838 1768">
     <span class='ocr_line' id='line_1_16' title="bbox 262 1696 1838 1768; baseline -0.005 -12"><span class='ocrx_word' id='word_1_102' title='bbox 262 1710 446 1756; x_wconf 85' lang='lat' dir='ltr'><strong>autem</strong></span> <span class='ocrx_word' id='word_1_103' title='bbox 479 1700 737 1764; x_wconf 89' lang='lat' dir='ltr'><strong>Verbum,</strong></span> <span class='ocrx_word' id='word_1_104' title='bbox 768 1708 824 1754; x_wconf 89' lang='lat' dir='ltr'><strong>et</strong></span> <span class='ocrx_word' id='word_1_105' title='bbox 863 1699 976 1768; x_wconf 90' lang='lat' dir='ltr'><strong>ipse</strong></span> <span class='ocrx_word' id='word_1_106' title='bbox 1005 1707 1088 1753; x_wconf 89' lang='lat' dir='ltr'><strong>est</strong></span> <span class='ocrx_word' id='word_1_107' title='bbox 1118 1706 1278 1768; x_wconf 90' lang='lat' dir='ltr'><strong>caput</strong></span> <span class='ocrx_word' id='word_1_108' title='bbox 1303 1696 1556 1752; x_wconf 70' lang='lat' dir='ltr'><strong>Ecclesiae</strong></span> <span class='ocrx_word' id='word_1_109' title='bbox 1594 1718 1606 1752; x_wconf 94' lang='lat'>:</span> <span class='ocrx_word' id='word_1_110' title='bbox 1639 1697 1838 1765; x_wconf 55' lang='lat' dir='ltr'><strong>inIom—</strong></span> 
     </span>
    </p>
   </div>
   <div class='ocr_carea' id='block_1_17' title="bbox 262 1788 1832 1859">
    <p class='ocr_par' dir='ltr' id='par_1_17' title="bbox 262 1788 1832 1859">
     <span class='ocr_line' id='line_1_17' title="bbox 262 1788 1832 1859; baseline -0.004 -11"><span class='ocrx_word' id='word_1_111' title='bbox 262 1795 422 1849; x_wconf 87' lang='lat' dir='ltr'><strong>nibus</strong></span> <span class='ocrx_word' id='word_1_112' title='bbox 443 1802 624 1847; x_wconf 87' lang='lat' dir='ltr'><strong>autem</strong></span> <span class='ocrx_word' id='word_1_113' title='bbox 649 1792 809 1847; x_wconf 88' lang='lat' dir='ltr'><strong>nobis</strong></span> <span class='ocrx_word' id='word_1_114' title='bbox 832 1790 1092 1859; x_wconf 85' lang='lat' dir='ltr'><strong>Spiritus,</strong></span> <span class='ocrx_word' id='word_1_115' title='bbox 1118 1798 1170 1843; x_wconf 92' lang='lat' dir='ltr'><strong>et</strong></span> <span class='ocrx_word' id='word_1_116' title='bbox 1198 1790 1312 1858; x_wconf 87' lang='lat' dir='ltr'><strong>ipse</strong></span> <span class='ocrx_word' id='word_1_117' title='bbox 1339 1796 1423 1842; x_wconf 88' lang='lat' dir='ltr'><strong>est</strong></span> <span class='ocrx_word' id='word_1_118' title='bbox 1455 1803 1593 1858; x_wconf 89' lang='lat' dir='ltr'><strong>aqua</strong></span> <span class='ocrx_word' id='word_1_119' title='bbox 1619 1789 1741 1842; x_wconf 82' lang='lat' dir='ltr'><strong>viva</strong></span> <span class='ocrx_word' id='word_1_120' title='bbox 1764 1788 1832 1853; x_wconf 80' lang='lat'><strong>“,</strong></span> 
     </span>
    </p>
   </div>
   <div class='ocr_carea' id='block_1_18' title="bbox 262 1880 1836 1957">
    <p class='ocr_par' dir='ltr' id='par_1_18' title="bbox 262 1880 1836 1957">
     <span class='ocr_line' id='line_1_18' title="bbox 262 1880 1836 1957; baseline -0.005 -17"><span class='ocrx_word' id='word_1_121' title='bbox 262 1900 426 1957; x_wconf 86' lang='lat' dir='ltr'><strong>quam</strong></span> <span class='ocrx_word' id='word_1_122' title='bbox 459 1893 679 1954; x_wconf 71' lang='lat' dir='ltr'><strong>praestat</strong></span> <span class='ocrx_word' id='word_1_123' title='bbox 713 1884 972 1938; x_wconf 85' lang='lat' dir='ltr'><strong>Dominus</strong></span> <span class='ocrx_word' id='word_1_124' title='bbox 1011 1884 1060 1935; x_wconf 86' lang='lat' dir='ltr'><strong>in</strong></span> <span class='ocrx_word' id='word_1_125' title='bbox 1094 1883 1156 1937; x_wconf 77' lang='lat' dir='ltr'><strong>Se</strong></span> <span class='ocrx_word' id='word_1_126' title='bbox 1183 1890 1328 1935; x_wconf 89' lang='lat' dir='ltr'><strong>recte</strong></span> <span class='ocrx_word' id='word_1_127' title='bbox 1366 1880 1738 1943; x_wconf 77' lang='lat' dir='ltr'><strong>credentibus,</strong></span> <span class='ocrx_word' id='word_1_128' title='bbox 1781 1891 1836 1934; x_wconf 86' lang='lat' dir='ltr'><strong>et</strong></span> 
     </span>
    </p>
   </div>
   <div class='ocr_carea' id='block_1_19' title="bbox 259 1971 1836 2049">
    <p class='ocr_par' dir='ltr' id='par_1_19' title="bbox 259 1971 1836 2049">
     <span class='ocr_line' id='line_1_19' title="bbox 259 1971 1836 2049; baseline -0.008 -14"><span class='ocrx_word' id='word_1_129' title='bbox 259 1975 616 2049; x_wconf 74' lang='lat' dir='ltr'><strong>diligentibus</strong></span> <span class='ocrx_word' id='word_1_130' title='bbox 657 1989 735 2042; x_wconf 88' lang='lat' dir='ltr'><strong>se,</strong></span> <span class='ocrx_word' id='word_1_131' title='bbox 779 1983 833 2030; x_wconf 93' lang='lat' dir='ltr'><strong>et</strong></span> <span class='ocrx_word' id='word_1_132' title='bbox 874 1974 1194 2038; x_wconf 86' lang='lat' dir='ltr'><strong>scientibus,</strong></span> <span class='ocrx_word' id='word_1_133' title='bbox 1242 1972 1370 2042; x_wconf 89' lang='lat' dir='ltr'><strong>quia</strong></span> <span class='ocrx_word' id='word_1_134' title='bbox 1414 1991 1432 2023; x_wconf 78' lang='grc' dir='ltr'>ι</span> <span class='ocrx_word' id='word_1_135' title='bbox 1468 1986 1611 2024; x_wconf 90' lang='lat' dir='ltr'><strong>unus</strong></span> <span class='ocrx_word' id='word_1_136' title='bbox 1652 1971 1836 2032; x_wconf 89' lang='lat' dir='ltr'><strong>Pater,</strong></span> 
     </span>
    </p>
   </div>
   <div class='ocr_carea' id='block_1_20' title="bbox 261 2063 1839 2142">
    <p class='ocr_par' dir='ltr' id='par_1_20' title="bbox 261 2063 1839 2142">
     <span class='ocr_line' id='line_1_20' title="bbox 261 2063 1839 2142; baseline -0.006 -16"><span class='ocrx_word' id='word_1_137' title='bbox 261 2072 357 2142; x_wconf 88' lang='lat' dir='ltr'><strong>qui</strong></span> <span class='ocrx_word' id='word_1_138' title='bbox 385 2079 470 2126; x_wconf 87' lang='lat' dir='ltr'><strong>est</strong></span> <span class='ocrx_word' id='word_1_139' title='bbox 500 2083 662 2139; x_wconf 87' lang='lat' dir='ltr'><strong>super</strong></span> <span class='ocrx_word' id='word_1_140' title='bbox 693 2067 900 2142; x_wconf 83' lang='lat' dir='ltr'><strong>omnia,</strong></span> <span class='ocrx_word' id='word_1_141' title='bbox 941 2076 998 2121; x_wconf 88' lang='lat' dir='ltr'><strong>et</strong></span> <span class='ocrx_word' id='word_1_142' title='bbox 1045 2079 1142 2135; x_wconf 88' lang='lat' dir='ltr'><strong>per</strong></span> <span class='ocrx_word' id='word_1_143' title='bbox 1169 2064 1377 2127; x_wconf 84' lang='lat' dir='ltr'><strong>omnia,</strong></span> <span class='ocrx_word' id='word_1_144' title='bbox 1421 2071 1475 2118; x_wconf 90' lang='lat' dir='ltr'><strong>et</strong></span> <span class='ocrx_word' id='word_1_145' title='bbox 1509 2064 1559 2117; x_wconf 89' lang='lat' dir='ltr'><strong>in</strong></span> <span class='ocrx_word' id='word_1_146' title='bbox 1591 2063 1839 2118; x_wconf 89' lang='lat' dir='ltr'><strong>omnibus</strong></span> 
     </span>
    </p>
   </div>
   <div class='ocr_carea' id='block_1_21' title="bbox 261 2139 1840 2226">
    <p class='ocr_par' dir='ltr' id='par_1_21' title="bbox 261 2139 1840 2226">
     <span class='ocr_line' id='line_1_21' title="bbox 261 2139 1840 2226; baseline -0.004 -9"><span class='ocrx_word' id='word_1_147' title='bbox 261 2139 424 2217; x_wconf 78' lang='lat' dir='ltr'><strong>nobis</strong></span> <span class='ocrx_word' id='word_1_148' title='bbox 447 2160 514 2216; x_wconf 63' lang='lat'><strong>9‘.</strong></span> <span class='ocrx_word' id='word_1_149' title='bbox 547 2181 564 2212; x_wconf 74' lang='grc' dir='ltr'><strong><em>ι</em></strong></span> <span class='ocrx_word' id='word_1_150' title='bbox 629 2139 1026 2214; x_wconf 78' lang='lat' dir='ltr'><strong>Testimonium</strong></span> <span class='ocrx_word' id='word_1_151' title='bbox 1082 2157 1333 2226; x_wconf 83' lang='lat' dir='ltr'><strong>perhibet</strong></span> <span class='ocrx_word' id='word_1_152' title='bbox 1379 2157 1464 2211; x_wconf 90' lang='lat' dir='ltr'><strong>his</strong></span> <span class='ocrx_word' id='word_1_153' title='bbox 1511 2164 1564 2211; x_wconf 89' lang='lat' dir='ltr'><strong>et</strong></span> <span class='ocrx_word' id='word_1_154' title='bbox 1601 2154 1840 2210; x_wconf 80' lang='lat' dir='ltr'><strong>Joannes</strong></span> 
     </span>
    </p>
   </div>
   <div class='ocr_carea' id='block_1_22' title="bbox 262 2246 1839 2321">
    <p class='ocr_par' dir='ltr' id='par_1_22' title="bbox 262 2246 1839 2321">
     <span class='ocr_line' id='line_1_22' title="bbox 262 2246 1839 2321; baseline -0.003 -14"><span class='ocrx_word' id='word_1_155' title='bbox 262 2252 475 2307; x_wconf 85' lang='lat' dir='ltr'><strong>Domini</strong></span> <span class='ocrx_word' id='word_1_156' title='bbox 527 2249 845 2321; x_wconf 87' lang='lat' dir='ltr'><strong>discipulus,</strong></span> <span class='ocrx_word' id='word_1_157' title='bbox 888 2249 942 2304; x_wconf 93' lang='lat' dir='ltr'><strong>in</strong></span> <span class='ocrx_word' id='word_1_158' title='bbox 997 2248 1296 2317; x_wconf 80' lang='lat' dir='ltr'><strong>Evangelia</strong></span> <span class='ocrx_word' id='word_1_159' title='bbox 1343 2247 1529 2303; x_wconf 88' lang='lat' dir='ltr'><strong>dicens</strong></span> <span class='ocrx_word' id='word_1_160' title='bbox 1569 2249 1648 2302; x_wconf 89' lang='lat' dir='ltr'><strong>sic</strong></span> <span class='ocrx_word' id='word_1_161' title='bbox 1683 2267 1695 2302; x_wconf 93' lang='lat'><strong>:</strong></span> <span class='ocrx_word' id='word_1_162' title='bbox 1734 2265 1752 2298; x_wconf 84' lang='grc'><strong><em>‹</em></strong></span> <span class='ocrx_word' id='word_1_163' title='bbox 1783 2246 1839 2302; x_wconf 85' lang='lat' dir='ltr'><strong>In</strong></span> 
     </span>
    </p>
   </div>
   <div class='ocr_carea' id='block_1_23' title="bbox 260 2339 1835 2415">
    <p class='ocr_par' dir='ltr' id='par_1_23' title="bbox 260 2339 1835 2415">
     <span class='ocr_line' id='line_1_23' title="bbox 260 2339 1835 2415; baseline -0.003 -17"><span class='ocrx_word' id='word_1_164' title='bbox 260 2345 530 2415; x_wconf 84' lang='lat' dir='ltr'><strong>principio</strong></span> <span class='ocrx_word' id='word_1_165' title='bbox 563 2353 680 2397; x_wconf 83' lang='lat' dir='ltr'><strong>erat</strong></span> <span class='ocrx_word' id='word_1_166' title='bbox 704 2343 960 2407; x_wconf 88' lang='lat' dir='ltr'><strong>Verbum,</strong></span> <span class='ocrx_word' id='word_1_167' title='bbox 995 2352 1044 2396; x_wconf 91' lang='lat' dir='ltr'><strong>et</strong></span> <span class='ocrx_word' id='word_1_168' title='bbox 1073 2341 1311 2396; x_wconf 85' lang='lat' dir='ltr'><strong>Verbum</strong></span> <span class='ocrx_word' id='word_1_169' title='bbox 1338 2349 1460 2394; x_wconf 87' lang='lat' dir='ltr'><strong>erat</strong></span> <span class='ocrx_word' id='word_1_170' title='bbox 1484 2340 1622 2409; x_wconf 90' lang='lat' dir='ltr'><strong>apud</strong></span> <span class='ocrx_word' id='word_1_171' title='bbox 1646 2339 1835 2406; x_wconf 87' lang='lat' dir='ltr'><strong>Deum,</strong></span> 
     </span>
    </p>
   </div>
   <div class='ocr_carea' id='block_1_24' title="bbox 260 2432 1840 2504">
    <p class='ocr_par' dir='ltr' id='par_1_24' title="bbox 260 2432 1840 2504">
     <span class='ocr_line' id='line_1_24' title="bbox 260 2432 1840 2504; baseline -0.006 -9"><span class='ocrx_word' id='word_1_172' title='bbox 260 2449 320 2495; x_wconf 87' lang='lat' dir='ltr'><strong>et</strong></span> <span class='ocrx_word' id='word_1_173' title='bbox 350 2439 493 2494; x_wconf 84' lang='lat' dir='ltr'><strong>Deus</strong></span> <span class='ocrx_word' id='word_1_174' title='bbox 535 2442 652 2491; x_wconf 87' lang='lat' dir='ltr'><strong>erat</strong></span> <span class='ocrx_word' id='word_1_175' title='bbox 681 2433 941 2489; x_wconf 82' lang='lat' dir='ltr'><strong>Verbum.</strong></span> <span class='ocrx_word' id='word_1_176' title='bbox 990 2432 1105 2490; x_wconf 84' lang='lat' dir='ltr'><strong>Hoc</strong></span> <span class='ocrx_word' id='word_1_177' title='bbox 1143 2442 1264 2488; x_wconf 87' lang='lat' dir='ltr'><strong>erat</strong></span> <span class='ocrx_word' id='word_1_178' title='bbox 1308 2433 1361 2487; x_wconf 88' lang='lat' dir='ltr'><strong>in</strong></span> <span class='ocrx_word' id='word_1_179' title='bbox 1389 2432 1658 2504; x_wconf 86' lang='lat' dir='ltr'><strong>principio</strong></span> <span class='ocrx_word' id='word_1_180' title='bbox 1698 2433 1840 2502; x_wconf 88' lang='lat' dir='ltr'><strong>apud</strong></span> 
     </span>
    </p>
   </div>
   <div class='ocr_carea' id='block_1_25' title="bbox 258 2527 1842 2597">
    <p class='ocr_par' dir='ltr' id='par_1_25' title="bbox 258 2527 1842 2597">
     <span class='ocr_line' id='line_1_25' title="bbox 258 2527 1842 2597; baseline -0.005 -9"><span class='ocrx_word' id='word_1_181' title='bbox 258 2531 458 2588; x_wconf 87' lang='lat' dir='ltr'><strong>Deum.</strong></span> <span class='ocrx_word' id='word_1_182' title='bbox 515 2529 711 2587; x_wconf 90' lang='lat' dir='ltr'><strong>Omnia</strong></span> <span class='ocrx_word' id='word_1_183' title='bbox 763 2543 862 2597; x_wconf 89' lang='lat' dir='ltr'><strong>per</strong></span> <span class='ocrx_word' id='word_1_184' title='bbox 911 2529 1088 2596; x_wconf 88' lang='lat' dir='ltr'><strong>ipsum</strong></span> <span class='ocrx_word' id='word_1_185' title='bbox 1136 2527 1274 2582; x_wconf 81' lang='lat' dir='ltr'><strong>facta</strong></span> <span class='ocrx_word' id='word_1_186' title='bbox 1307 2537 1454 2592; x_wconf 84' lang='lat' dir='ltr'><strong>sunt,</strong></span> <span class='ocrx_word' id='word_1_187' title='bbox 1489 2535 1552 2580; x_wconf 85' lang='lat' dir='ltr'><strong>et</strong></span> <span class='ocrx_word' id='word_1_188' title='bbox 1579 2527 1699 2581; x_wconf 87' lang='lat' dir='ltr'><strong>sine</strong></span> <span class='ocrx_word' id='word_1_189' title='bbox 1726 2527 1842 2595; x_wconf 91' lang='lat' dir='ltr'><strong>ipso</strong></span> 
     </span>
    </p>
   </div>
   <div class='ocr_carea' id='block_1_26' title="bbox 259 2617 1837 2687">
    <p class='ocr_par' dir='ltr' id='par_1_26' title="bbox 259 2617 1837 2687">
     <span class='ocr_line' id='line_1_26' title="bbox 259 2617 1837 2687; baseline -0.002 -10"><span class='ocrx_word' id='word_1_190' title='bbox 259 2623 466 2677; x_wconf 80' lang='lat' dir='ltr'><strong>factum</strong></span> <span class='ocrx_word' id='word_1_191' title='bbox 496 2633 579 2676; x_wconf 88' lang='lat' dir='ltr'><strong>est</strong></span> <span class='ocrx_word' id='word_1_192' title='bbox 606 2621 746 2674; x_wconf 87' lang='lat' dir='ltr'><strong>nihil</strong></span> <span class='ocrx_word' id='word_1_193' title='bbox 777 2622 841 2671; x_wconf 69' lang='grc'><strong>⁸³.</strong></span> <span class='ocrx_word' id='word_1_194' title='bbox 874 2640 891 2670; x_wconf 72' lang='grc' dir='ltr'><strong><em>ι</em></strong></span> <span class='ocrx_word' id='word_1_195' title='bbox 954 2619 1157 2673; x_wconf 89' lang='lat' dir='ltr'><strong>Deinde</strong></span> <span class='ocrx_word' id='word_1_196' title='bbox 1185 2622 1248 2674; x_wconf 91' lang='lat' dir='ltr'><strong>de</strong></span> <span class='ocrx_word' id='word_1_197' title='bbox 1277 2621 1396 2687; x_wconf 89' lang='lat' dir='ltr'><strong>ipso</strong></span> <span class='ocrx_word' id='word_1_198' title='bbox 1429 2617 1604 2674; x_wconf 87' lang='lat' dir='ltr'><strong>Verbo</strong></span> <span class='ocrx_word' id='word_1_199' title='bbox 1653 2619 1787 2673; x_wconf 77' lang='lat' dir='ltr'><strong>dixit</strong></span> <span class='ocrx_word' id='word_1_200' title='bbox 1822 2636 1837 2674; x_wconf 91' lang='lat'><strong>:</strong></span> 
     </span>
    </p>
   </div>
   <div class='ocr_carea' id='block_1_27' title="bbox 266 2711 1839 2780">
    <p class='ocr_par' dir='ltr' id='par_1_27' title="bbox 266 2711 1839 2780">
     <span class='ocr_line' id='line_1_27' title="bbox 266 2711 1839 2780; baseline 0 -16"><span class='ocrx_word' id='word_1_201' title='bbox 266 2731 286 2764; x_wconf 71' lang='grc' dir='ltr'><strong><em>ι</em></strong></span> <span class='ocrx_word' id='word_1_202' title='bbox 317 2711 373 2766; x_wconf 84' lang='grc' dir='ltr'><strong>1η</strong></span> <span class='ocrx_word' id='word_1_203' title='bbox 405 2713 508 2766; x_wconf 89' lang='lat' dir='ltr'><strong>hoc</strong></span> <span class='ocrx_word' id='word_1_204' title='bbox 554 2712 753 2765; x_wconf 89' lang='lat' dir='ltr'><strong>mundo</strong></span> <span class='ocrx_word' id='word_1_205' title='bbox 795 2711 909 2780; x_wconf 81' lang='grc'>(75)</span> <span class='ocrx_word' id='word_1_206' title='bbox 959 2721 1099 2776; x_wconf 86' lang='lat' dir='ltr'><strong>erat,</strong></span> <span class='ocrx_word' id='word_1_207' title='bbox 1143 2718 1196 2764; x_wconf 85' lang='lat' dir='ltr'><strong>et</strong></span> <span class='ocrx_word' id='word_1_208' title='bbox 1246 2711 1480 2763; x_wconf 88' lang='lat' dir='ltr'><strong>mundus</strong></span> <span class='ocrx_word' id='word_1_209' title='bbox 1533 2725 1624 2777; x_wconf 90' lang='lat' dir='ltr'><strong>per</strong></span> <span class='ocrx_word' id='word_1_210' title='bbox 1667 2712 1839 2780; x_wconf 85' lang='lat' dir='ltr'><strong>ipsum</strong></span> 
     </span>
    </p>
   </div>
   <div class='ocr_carea' id='block_1_28' title="bbox 261 2801 1836 2872">
    <p class='ocr_par' dir='ltr' id='par_1_28' title="bbox 261 2801 1836 2872">
     <span class='ocr_line' id='line_1_28' title="bbox 261 2801 1836 2872; baseline -0.003 -10"><span class='ocrx_word' id='word_1_211' title='bbox 261 2806 440 2862; x_wconf 76' lang='lat' dir='ltr'><strong>factus</strong></span> <span class='ocrx_word' id='word_1_212' title='bbox 479 2811 584 2868; x_wconf 87' lang='lat' dir='ltr'><strong>est,</strong></span> <span class='ocrx_word' id='word_1_213' title='bbox 629 2813 682 2858; x_wconf 90' lang='lat' dir='ltr'><strong>et</strong></span> <span class='ocrx_word' id='word_1_214' title='bbox 733 2805 965 2859; x_wconf 88' lang='lat' dir='ltr'><strong>mundus</strong></span> <span class='ocrx_word' id='word_1_215' title='bbox 1004 2818 1128 2859; x_wconf 89' lang='lat' dir='ltr'><strong>eum</strong></span> <span class='ocrx_word' id='word_1_216' title='bbox 1161 2819 1266 2858; x_wconf 89' lang='lat' dir='ltr'><strong>non</strong></span> <span class='ocrx_word' id='word_1_217' title='bbox 1297 2805 1572 2872; x_wconf 78' lang='lat' dir='ltr'><strong>cognovit.</strong></span> <span class='ocrx_word' id='word_1_218' title='bbox 1638 2801 1695 2858; x_wconf 86' lang='lat' dir='ltr'><strong>lu</strong></span> <span class='ocrx_word' id='word_1_219' title='bbox 1738 2819 1836 2858; x_wconf 87' lang='lat' dir='ltr'><strong>sua</strong></span> 
     </span>
    </p>
   </div>
   <div class='ocr_carea' id='block_1_29' title="bbox 261 2895 1839 2967">
    <p class='ocr_par' dir='ltr' id='par_1_29' title="bbox 261 2895 1839 2967">
     <span class='ocr_line' id='line_1_29' title="bbox 261 2895 1839 2967; baseline -0.001 -16"><span class='ocrx_word' id='word_1_220' title='bbox 261 2897 487 2967; x_wconf 85' lang='lat' dir='ltr'><strong>propria</strong></span> <span class='ocrx_word' id='word_1_221' title='bbox 516 2899 682 2964; x_wconf 88' lang='lat' dir='ltr'><strong>venit,</strong></span> <span class='ocrx_word' id='word_1_222' title='bbox 728 2906 782 2951; x_wconf 90' lang='lat' dir='ltr'><strong>et</strong></span> <span class='ocrx_word' id='word_1_223' title='bbox 812 2898 893 2950; x_wconf 87' lang='lat' dir='ltr'><strong>sui</strong></span> <span class='ocrx_word' id='word_1_224' title='bbox 925 2911 1048 2950; x_wconf 88' lang='lat' dir='ltr'><strong>eum</strong></span> <span class='ocrx_word' id='word_1_225' title='bbox 1091 2910 1196 2950; x_wconf 87' lang='lat' dir='ltr'><strong>non</strong></span> <span class='ocrx_word' id='word_1_226' title='bbox 1248 2905 1600 2965; x_wconf 83' lang='lat' dir='ltr'><strong>receperunt.</strong></span> <span class='ocrx_word' id='word_1_227' title='bbox 1665 2895 1839 2961; x_wconf 86' lang='lat' dir='ltr'><strong>Quot-</strong></span> 
     </span>
    </p>
   </div>
   <div class='ocr_carea' id='block_1_30' title="bbox 261 2987 1839 3059">
    <p class='ocr_par' dir='ltr' id='par_1_30' title="bbox 261 2987 1839 3059">
     <span class='ocr_line' id='line_1_30' title="bbox 261 2987 1839 3059; baseline 0 -17"><span class='ocrx_word' id='word_1_228' title='bbox 261 3001 401 3059; x_wconf 88' lang='lat' dir='ltr'><strong>quot</strong></span> <span class='ocrx_word' id='word_1_229' title='bbox 427 2998 607 3043; x_wconf 88' lang='lat' dir='ltr'><strong>autem</strong></span> <span class='ocrx_word' id='word_1_230' title='bbox 644 2998 970 3058; x_wconf 89' lang='lat' dir='ltr'><strong>receperunt</strong></span> <span class='ocrx_word' id='word_1_231' title='bbox 1002 3002 1151 3051; x_wconf 89' lang='lat' dir='ltr'><strong>eum,</strong></span> <span class='ocrx_word' id='word_1_232' title='bbox 1198 2987 1346 3042; x_wconf 88' lang='lat' dir='ltr'><strong>dedit</strong></span> <span class='ocrx_word' id='word_1_233' title='bbox 1377 2989 1484 3045; x_wconf 82' lang='lat' dir='ltr'><strong>illis</strong></span> <span class='ocrx_word' id='word_1_234' title='bbox 1515 2997 1839 3057; x_wconf 89' lang='lat' dir='ltr'><strong>potestatem</strong></span> 
     </span>
    </p>
   </div>
   <div class='ocr_carea' id='block_1_31' title="bbox 261 3077 1834 3147">
    <p class='ocr_par' dir='ltr' id='par_1_31' title="bbox 261 3077 1834 3147">
     <span class='ocr_line' id='line_1_31' title="bbox 261 3077 1834 3147; baseline -0.002 -14"><span class='ocrx_word' id='word_1_235' title='bbox 261 3079 408 3134; x_wconf 75' lang='lat' dir='ltr'><strong>filios</strong></span> <span class='ocrx_word' id='word_1_236' title='bbox 441 3079 538 3133; x_wconf 89' lang='lat' dir='ltr'><strong>Dei</strong></span> <span class='ocrx_word' id='word_1_237' title='bbox 570 3078 710 3144; x_wconf 80' lang='lat' dir='ltr'><strong>ﬁeri,</strong></span> <span class='ocrx_word' id='word_1_238' title='bbox 743 3078 828 3132; x_wconf 87' lang='lat' dir='ltr'><strong>bis</strong></span> <span class='ocrx_word' id='word_1_239' title='bbox 857 3080 947 3147; x_wconf 89' lang='lat' dir='ltr'><strong>qui</strong></span> <span class='ocrx_word' id='word_1_240' title='bbox 982 3078 1211 3132; x_wconf 88' lang='lat' dir='ltr'><strong>credunt</strong></span> <span class='ocrx_word' id='word_1_241' title='bbox 1239 3078 1293 3132; x_wconf 90' lang='lat' dir='ltr'><strong>in</strong></span> <span class='ocrx_word' id='word_1_242' title='bbox 1329 3080 1547 3132; x_wconf 89' lang='lat' dir='ltr'><strong>nomine</strong></span> <span class='ocrx_word' id='word_1_243' title='bbox 1578 3077 1693 3146; x_wconf 89' lang='lat' dir='ltr'><strong>ejus</strong></span> <span class='ocrx_word' id='word_1_244' title='bbox 1716 3079 1780 3133; x_wconf 79' lang='lat'><strong>’°.</strong></span> <span class='ocrx_word' id='word_1_245' title='bbox 1815 3098 1834 3130; x_wconf 77' lang='grc' dir='ltr'><strong><em>ι</em></strong></span> 
     </span>
    </p>
   </div>
   <div class='ocr_carea' id='block_1_32' title="bbox 1933 589 3498 660">
    <p class='ocr_par' dir='ltr' id='par_1_32' title="bbox 1933 589 3498 660">
     <span class='ocr_line' id='line_1_32' title="bbox 1933 589 3498 660; baseline -0.01 -3"><span class='ocrx_word' id='word_1_246' title='bbox 1933 602 2224 658; x_wconf 81' lang='lat' dir='ltr'><strong>ostendens</strong></span> <span class='ocrx_word' id='word_1_247' title='bbox 2250 599 2438 656; x_wconf 82' lang='lat' dir='ltr'><strong>audire</strong></span> <span class='ocrx_word' id='word_1_248' title='bbox 2464 596 2790 660; x_wconf 87' lang='lat' dir='ltr'><strong>volentibus,</strong></span> <span class='ocrx_word' id='word_1_249' title='bbox 2827 592 2879 648; x_wconf 91' lang='lat' dir='ltr'><strong>id</strong></span> <span class='ocrx_word' id='word_1_250' title='bbox 2931 597 3013 646; x_wconf 84' lang='lat' dir='ltr'><strong>est</strong></span> <span class='ocrx_word' id='word_1_251' title='bbox 3052 605 3212 646; x_wconf 83' lang='lat' dir='ltr'><strong>aures</strong></span> <span class='ocrx_word' id='word_1_252' title='bbox 3245 589 3498 644; x_wconf 87' lang='lat' dir='ltr'><strong>habenti-</strong></span> 
     </span>
    </p>
   </div>
   <div class='ocr_carea' id='block_1_33' title="bbox 1934 687 3504 763">
    <p class='ocr_par' dir='ltr' id='par_1_33' title="bbox 1934 687 3504 763">
     <span class='ocr_line' id='line_1_33' title="bbox 1934 687 3504 763; baseline -0.01 -15"><span class='ocrx_word' id='word_1_253' title='bbox 1934 695 2056 758; x_wconf 89' lang='lat' dir='ltr'><strong>bus,</strong></span> <span class='ocrx_word' id='word_1_254' title='bbox 2092 692 2349 763; x_wconf 81' lang='lat' dir='ltr'><strong>quoniam</strong></span> <span class='ocrx_word' id='word_1_255' title='bbox 2400 705 2538 743; x_wconf 91' lang='lat' dir='ltr'><strong>unus</strong></span> <span class='ocrx_word' id='word_1_256' title='bbox 2576 690 2716 743; x_wconf 87' lang='lat' dir='ltr'><strong>Deus</strong></span> <span class='ocrx_word' id='word_1_257' title='bbox 2757 687 2920 742; x_wconf 88' lang='lat' dir='ltr'><strong>Pater</strong></span> <span class='ocrx_word' id='word_1_258' title='bbox 2969 697 3132 753; x_wconf 83' lang='lat' dir='ltr'><strong>super</strong></span> <span class='ocrx_word' id='word_1_259' title='bbox 3181 694 3397 746; x_wconf 87' lang='lat' dir='ltr'><strong>omnes,</strong></span> <span class='ocrx_word' id='word_1_260' title='bbox 3446 688 3504 734; x_wconf 86' lang='lat' dir='ltr'><strong>et</strong></span> 
     </span>
    </p>
   </div>
   <div class='ocr_carea' id='block_1_34' title="bbox 1937 770 3504 851">
    <p class='ocr_par' dir='ltr' id='par_1_34' title="bbox 1937 770 3504 851">
     <span class='ocr_line' id='line_1_34' title="bbox 1937 770 3504 851; baseline -0.009 -13"><span class='ocrx_word' id='word_1_261' title='bbox 1937 800 2099 838; x_wconf 90' lang='lat' dir='ltr'><strong>unum</strong></span> <span class='ocrx_word' id='word_1_262' title='bbox 2134 783 2366 838; x_wconf 84' lang='lat' dir='ltr'><strong>Verbum</strong></span> <span class='ocrx_word' id='word_1_263' title='bbox 2403 781 2495 835; x_wconf 87' lang='lat' dir='ltr'><strong>Dei</strong></span> <span class='ocrx_word' id='word_1_264' title='bbox 2534 778 2671 851; x_wconf 85' lang='lat'><strong>(75),</strong></span> <span class='ocrx_word' id='word_1_265' title='bbox 2715 779 2857 849; x_wconf 92' lang='lat' dir='ltr'><strong>quod</strong></span> <span class='ocrx_word' id='word_1_266' title='bbox 2886 792 2982 847; x_wconf 90' lang='lat' dir='ltr'><strong>per</strong></span> <span class='ocrx_word' id='word_1_267' title='bbox 3009 789 3200 829; x_wconf 87' lang='lat' dir='ltr'><strong>omnes</strong></span> <span class='ocrx_word' id='word_1_268' title='bbox 3229 770 3372 844; x_wconf 76' lang='lat'><strong>(76),</strong></span> <span class='ocrx_word' id='word_1_269' title='bbox 3402 785 3504 839; x_wconf 87' lang='lat' dir='ltr'><strong>per</strong></span> 
     </span>
    </p>
   </div>
   <div class='ocr_carea' id='block_1_35' title="bbox 1935 862 3504 945">
    <p class='ocr_par' dir='ltr' id='par_1_35' title="bbox 1935 862 3504 945">
     <span class='ocr_line' id='line_1_35' title="bbox 1935 862 3504 945; baseline -0.01 -17"><span class='ocrx_word' id='word_1_270' title='bbox 1935 891 2094 945; x_wconf 82' lang='lat' dir='ltr'><strong>quem</strong></span> <span class='ocrx_word' id='word_1_271' title='bbox 2139 874 2318 928; x_wconf 85' lang='lat' dir='ltr'><strong>omnia</strong></span> <span class='ocrx_word' id='word_1_272' title='bbox 2358 872 2501 926; x_wconf 76' lang='lat' dir='ltr'><strong>facta</strong></span> <span class='ocrx_word' id='word_1_273' title='bbox 2539 879 2708 938; x_wconf 84' lang='lat' dir='ltr'><strong>sunt;</strong></span> <span class='ocrx_word' id='word_1_274' title='bbox 2750 880 2804 924; x_wconf 89' lang='lat' dir='ltr'><strong>et</strong></span> <span class='ocrx_word' id='word_1_275' title='bbox 2852 866 3108 936; x_wconf 87' lang='lat' dir='ltr'><strong>quoniam</strong></span> <span class='ocrx_word' id='word_1_276' title='bbox 3142 864 3230 919; x_wconf 89' lang='lat' dir='ltr'><strong>hic</strong></span> <span class='ocrx_word' id='word_1_277' title='bbox 3269 862 3504 916; x_wconf 84' lang='lat' dir='ltr'><strong>mundus</strong></span> 
     </span>
    </p>
   </div>
   <div class='ocr_carea' id='block_1_36' title="bbox 1938 959 3505 1037">
    <p class='ocr_par' dir='ltr' id='par_1_36' title="bbox 1938 959 3505 1037">
     <span class='ocr_line' id='line_1_36' title="bbox 1938 959 3505 1037; baseline -0.006 -18"><span class='ocrx_word' id='word_1_278' title='bbox 1938 967 2184 1037; x_wconf 89' lang='lat' dir='ltr'><strong>proprius</strong></span> <span class='ocrx_word' id='word_1_279' title='bbox 2226 966 2415 1037; x_wconf 84' lang='lat' dir='ltr'><strong>ipsius,</strong></span> <span class='ocrx_word' id='word_1_280' title='bbox 2460 974 2516 1019; x_wconf 88' lang='lat' dir='ltr'><strong>et</strong></span> <span class='ocrx_word' id='word_1_281' title='bbox 2557 978 2654 1032; x_wconf 89' lang='lat' dir='ltr'><strong>per</strong></span> <span class='ocrx_word' id='word_1_282' title='bbox 2695 963 2870 1031; x_wconf 85' lang='lat' dir='ltr'><strong>ipsum</strong></span> <span class='ocrx_word' id='word_1_283' title='bbox 2901 959 3078 1015; x_wconf 77' lang='lat' dir='ltr'><strong>factus</strong></span> <span class='ocrx_word' id='word_1_284' title='bbox 3105 969 3191 1013; x_wconf 89' lang='lat' dir='ltr'><strong>est</strong></span> <span class='ocrx_word' id='word_1_285' title='bbox 3225 961 3505 1012; x_wconf 81' lang='lat' dir='ltr'><strong>voluntate</strong></span> 
     </span>
    </p>
   </div>
   <div class='ocr_carea' id='block_1_37' title="bbox 1938 1047 3504 1125">
    <p class='ocr_par' dir='ltr' id='par_1_37' title="bbox 1938 1047 3504 1125">
     <span class='ocr_line' id='line_1_37' title="bbox 1938 1047 3504 1125; baseline -0.008 -12"><span class='ocrx_word' id='word_1_286' title='bbox 1938 1058 2133 1124; x_wconf 86' lang='lat' dir='ltr'><strong>Patris,</strong></span> <span class='ocrx_word' id='word_1_287' title='bbox 2160 1067 2213 1111; x_wconf 88' lang='lat' dir='ltr'><strong>et</strong></span> <span class='ocrx_word' id='word_1_288' title='bbox 2241 1074 2344 1112; x_wconf 93' lang='lat' dir='ltr'><strong>non</strong></span> <span class='ocrx_word' id='word_1_289' title='bbox 2379 1071 2474 1125; x_wconf 89' lang='lat' dir='ltr'><strong>per</strong></span> <span class='ocrx_word' id='word_1_290' title='bbox 2499 1054 2723 1124; x_wconf 79' lang='lat' dir='ltr'><strong>angelos</strong></span> <span class='ocrx_word' id='word_1_291' title='bbox 2747 1071 2762 1119; x_wconf 88' lang='lat'><strong>;</strong></span> <span class='ocrx_word' id='word_1_292' title='bbox 2815 1068 2991 1124; x_wconf 89' lang='lat' dir='ltr'><strong>neque</strong></span> <span class='ocrx_word' id='word_1_293' title='bbox 3019 1066 3116 1121; x_wconf 87' lang='lat' dir='ltr'><strong>per</strong></span> <span class='ocrx_word' id='word_1_294' title='bbox 3148 1047 3504 1119; x_wconf 82' lang='lat' dir='ltr'><strong>apostasiam,</strong></span> 
     </span>
    </p>
   </div>
   <div class='ocr_carea' id='block_1_38' title="bbox 1937 1139 3505 1216">
    <p class='ocr_par' dir='ltr' id='par_1_38' title="bbox 1937 1139 3505 1216">
     <span class='ocr_line' id='line_1_38' title="bbox 1937 1139 3505 1216; baseline -0.007 -14"><span class='ocrx_word' id='word_1_295' title='bbox 1937 1157 1991 1202; x_wconf 90' lang='lat' dir='ltr'><strong>et</strong></span> <span class='ocrx_word' id='word_1_296' title='bbox 2020 1147 2397 1210; x_wconf 82' lang='lat' dir='ltr'><strong>defectionem,</strong></span> <span class='ocrx_word' id='word_1_297' title='bbox 2427 1155 2481 1200; x_wconf 90' lang='lat' dir='ltr'><strong>et</strong></span> <span class='ocrx_word' id='word_1_298' title='bbox 2503 1147 2904 1216; x_wconf 69' lang='lat' dir='ltr'><strong>ignorantiam;</strong></span> <span class='ocrx_word' id='word_1_299' title='bbox 2934 1157 3108 1213; x_wconf 87' lang='lat' dir='ltr'><strong>neque</strong></span> <span class='ocrx_word' id='word_1_300' title='bbox 3134 1157 3230 1211; x_wconf 89' lang='lat' dir='ltr'><strong>per</strong></span> <span class='ocrx_word' id='word_1_301' title='bbox 3250 1139 3505 1192; x_wconf 72' lang='lat' dir='ltr'><strong>virtutem</strong></span> 
     </span>
    </p>
   </div>
   <div class='ocr_carea' id='block_1_39' title="bbox 1938 1229 3502 1308">
    <p class='ocr_par' dir='ltr' id='par_1_39' title="bbox 1938 1229 3502 1308">
     <span class='ocr_line' id='line_1_39' title="bbox 1938 1229 3502 1308; baseline -0.007 -16"><span class='ocrx_word' id='word_1_302' title='bbox 1938 1239 2168 1308; x_wconf 87' lang='lat' dir='ltr'><strong>aliquam</strong></span> <span class='ocrx_word' id='word_1_303' title='bbox 2188 1237 2431 1304; x_wconf 83' lang='lat' dir='ltr'><strong>Prunici,</strong></span> <span class='ocrx_word' id='word_1_304' title='bbox 2457 1251 2618 1306; x_wconf 89' lang='lat' dir='ltr'><strong>quam</strong></span> <span class='ocrx_word' id='word_1_305' title='bbox 2637 1245 2691 1290; x_wconf 89' lang='lat' dir='ltr'><strong>et</strong></span> <span class='ocrx_word' id='word_1_306' title='bbox 2709 1234 2932 1288; x_wconf 72' lang='lat' dir='ltr'><strong>Matrem</strong></span> <span class='ocrx_word' id='word_1_307' title='bbox 2956 1232 3231 1302; x_wconf 84' lang='lat' dir='ltr'><strong>appellant</strong></span> <span class='ocrx_word' id='word_1_308' title='bbox 3253 1229 3502 1300; x_wconf 85' lang='lat' dir='ltr'><strong>quidam;</strong></span> 
     </span>
    </p>
   </div>
   <div class='ocr_carea' id='block_1_40' title="bbox 1940 1322 3505 1402">
    <p class='ocr_par' dir='ltr' id='par_1_40' title="bbox 1940 1322 3505 1402">
     <span class='ocr_line' id='line_1_40' title="bbox 1940 1322 3505 1402; baseline -0.006 -15"><span class='ocrx_word' id='word_1_309' title='bbox 1940 1347 2112 1402; x_wconf 89' lang='lat' dir='ltr'><strong>neque</strong></span> <span class='ocrx_word' id='word_1_310' title='bbox 2158 1345 2253 1400; x_wconf 87' lang='lat' dir='ltr'><strong>per</strong></span> <span class='ocrx_word' id='word_1_311' title='bbox 2292 1330 2458 1384; x_wconf 90' lang='lat' dir='ltr'><strong>alium</strong></span> <span class='ocrx_word' id='word_1_312' title='bbox 2489 1328 2778 1401; x_wconf 85' lang='lat' dir='ltr'><strong>quemdam</strong></span> <span class='ocrx_word' id='word_1_313' title='bbox 2825 1325 3009 1381; x_wconf 89' lang='lat' dir='ltr'><strong>mundi</strong></span> <span class='ocrx_word' id='word_1_314' title='bbox 3047 1324 3310 1379; x_wconf 75' lang='lat' dir='ltr'><strong>factorem</strong></span> <span class='ocrx_word' id='word_1_315' title='bbox 3350 1322 3505 1392; x_wconf 89' lang='lat' dir='ltr'><strong>igno-</strong></span> 
     </span>
    </p>
   </div>
   <div class='ocr_carea' id='block_1_41' title="bbox 1940 1423 2424 1481">
    <p class='ocr_par' dir='ltr' id='par_1_41' title="bbox 1940 1423 2424 1481">
     <span class='ocr_line' id='line_1_41' title="bbox 1940 1423 2424 1481; baseline -0.004 -1"><span class='ocrx_word' id='word_1_316' title='bbox 1940 1435 2147 1481; x_wconf 82' lang='lat' dir='ltr'><strong>rantem</strong></span> <span class='ocrx_word' id='word_1_317' title='bbox 2182 1423 2424 1479; x_wconf 82' lang='lat' dir='ltr'><strong>Patrem.</strong></span> 
     </span>
    </p>
   </div>
   <div class='ocr_carea' id='block_1_42' title="bbox 2009 1505 3511 1572">
    <p class='ocr_par' dir='ltr' id='par_1_42' title="bbox 2009 1505 3511 1572">
     <span class='ocr_line' id='line_1_42' title="bbox 2009 1505 3511 1572; baseline -0.008 0"><span class='ocrx_word' id='word_1_318' title='bbox 2009 1518 2065 1572; x_wconf 79' lang='lat'><strong>&#39;5.</strong></span> <span class='ocrx_word' id='word_1_319' title='bbox 2097 1516 2278 1571; x_wconf 79' lang='lat' dir='ltr'><strong>Mundi</strong></span> <span class='ocrx_word' id='word_1_320' title='bbox 2307 1516 2449 1570; x_wconf 90' lang='lat' dir='ltr'><strong>enim</strong></span> <span class='ocrx_word' id='word_1_321' title='bbox 2491 1516 2666 1570; x_wconf 80' lang='lat' dir='ltr'><strong>factor</strong></span> <span class='ocrx_word' id='word_1_322' title='bbox 2696 1528 2822 1568; x_wconf 85' lang='lat' dir='ltr'><strong>vere</strong></span> <span class='ocrx_word' id='word_1_323' title='bbox 2855 1511 3089 1568; x_wconf 87' lang='lat' dir='ltr'><strong>Verbum</strong></span> <span class='ocrx_word' id='word_1_324' title='bbox 3125 1505 3217 1566; x_wconf 84' lang='lat' dir='ltr'><strong>Dei</strong></span> <span class='ocrx_word' id='word_1_325' title='bbox 3250 1516 3336 1565; x_wconf 84' lang='lat' dir='ltr'><strong>est</strong></span> <span class='ocrx_word' id='word_1_326' title='bbox 3373 1525 3387 1562; x_wconf 91' lang='lat'><strong>:</strong></span> <span class='ocrx_word' id='word_1_327' title='bbox 3420 1508 3511 1563; x_wconf 88' lang='lat' dir='ltr'><strong>hic</strong></span> 
     </span>
    </p>
   </div>
   <div class='ocr_carea' id='block_1_43' title="bbox 1940 1601 3510 1675">
    <p class='ocr_par' dir='ltr' id='par_1_43' title="bbox 1940 1601 3510 1675">
     <span class='ocr_line' id='line_1_43' title="bbox 1940 1601 3510 1675; baseline -0.005 -13"><span class='ocrx_word' id='word_1_328' title='bbox 1940 1618 2117 1663; x_wconf 90' lang='lat' dir='ltr'><strong>autem</strong></span> <span class='ocrx_word' id='word_1_329' title='bbox 2156 1617 2238 1663; x_wconf 85' lang='lat' dir='ltr'><strong>est</strong></span> <span class='ocrx_word' id='word_1_330' title='bbox 2268 1608 2532 1664; x_wconf 84' lang='lat' dir='ltr'><strong>Dominus</strong></span> <span class='ocrx_word' id='word_1_331' title='bbox 2570 1617 2776 1671; x_wconf 88' lang='lat' dir='ltr'><strong>noster,</strong></span> <span class='ocrx_word' id='word_1_332' title='bbox 2801 1605 2892 1675; x_wconf 91' lang='lat' dir='ltr'><strong>qui</strong></span> <span class='ocrx_word' id='word_1_333' title='bbox 2937 1607 2992 1659; x_wconf 88' lang='lat' dir='ltr'><strong>in</strong></span> <span class='ocrx_word' id='word_1_334' title='bbox 3029 1601 3342 1657; x_wconf 85' lang='lat' dir='ltr'><strong>novissimis</strong></span> <span class='ocrx_word' id='word_1_335' title='bbox 3373 1609 3510 1656; x_wconf 89' lang='lat' dir='ltr'><strong>tem-</strong></span> 
     </span>
    </p>
   </div>
   <div class='ocr_carea' id='block_1_44' title="bbox 1940 1692 3511 1770">
    <p class='ocr_par' dir='ltr' id='par_1_44' title="bbox 1940 1692 3511 1770">
     <span class='ocr_line' id='line_1_44' title="bbox 1940 1692 3511 1770; baseline -0.005 -15"><span class='ocrx_word' id='word_1_336' title='bbox 1940 1701 2161 1770; x_wconf 75' lang='lat' dir='ltr'><strong>poribus</strong></span> <span class='ocrx_word' id='word_1_337' title='bbox 2210 1699 2371 1755; x_wconf 90' lang='lat' dir='ltr'><strong>homo</strong></span> <span class='ocrx_word' id='word_1_338' title='bbox 2402 1699 2577 1754; x_wconf 84' lang='lat' dir='ltr'><strong>factus</strong></span> <span class='ocrx_word' id='word_1_339' title='bbox 2609 1708 2714 1766; x_wconf 86' lang='lat' dir='ltr'><strong>est,</strong></span> <span class='ocrx_word' id='word_1_340' title='bbox 2758 1700 2810 1752; x_wconf 92' lang='lat' dir='ltr'><strong>in</strong></span> <span class='ocrx_word' id='word_1_341' title='bbox 2846 1701 2949 1752; x_wconf 85' lang='lat' dir='ltr'><strong>hoc</strong></span> <span class='ocrx_word' id='word_1_342' title='bbox 2985 1695 3185 1749; x_wconf 88' lang='lat' dir='ltr'><strong>mundo</strong></span> <span class='ocrx_word' id='word_1_343' title='bbox 3213 1692 3511 1756; x_wconf 74' lang='lat' dir='ltr'><strong>exsisteus,</strong></span> 
     </span>
    </p>
   </div>
   <div class='ocr_carea' id='block_1_45' title="bbox 1941 1785 3515 1857">
    <p class='ocr_par' dir='ltr' id='par_1_45' title="bbox 1941 1785 3515 1857">
     <span class='ocr_line' id='line_1_45' title="bbox 1941 1785 3515 1857; baseline -0.007 -10"><span class='ocrx_word' id='word_1_344' title='bbox 1941 1805 1994 1847; x_wconf 91' lang='lat' dir='ltr'><strong>et</strong></span> <span class='ocrx_word' id='word_1_345' title='bbox 2019 1792 2314 1848; x_wconf 87' lang='lat' dir='ltr'><strong>secundum</strong></span> <span class='ocrx_word' id='word_1_346' title='bbox 2340 1791 2769 1847; x_wconf 86' lang='lat' dir='ltr'><strong>invisibilitatem</strong></span> <span class='ocrx_word' id='word_1_347' title='bbox 2793 1789 3038 1845; x_wconf 90' lang='lat' dir='ltr'><strong>continet</strong></span> <span class='ocrx_word' id='word_1_348' title='bbox 3063 1801 3186 1857; x_wconf 70' lang='lat' dir='ltr'><strong>qua:</strong></span> <span class='ocrx_word' id='word_1_349' title='bbox 3213 1785 3357 1841; x_wconf 79' lang='lat' dir='ltr'><strong>(acta</strong></span> <span class='ocrx_word' id='word_1_350' title='bbox 3384 1790 3515 1838; x_wconf 85' lang='lat' dir='ltr'><strong>sunt</strong></span> 
     </span>
    </p>
   </div>
   <div class='ocr_carea' id='block_1_46' title="bbox 1939 1876 3514 1948">
    <p class='ocr_par' dir='ltr' id='par_1_46' title="bbox 1939 1876 3514 1948">
     <span class='ocr_line' id='line_1_46' title="bbox 1939 1876 3514 1948; baseline -0.005 -9"><span class='ocrx_word' id='word_1_351' title='bbox 1939 1887 2142 1948; x_wconf 87' lang='lat' dir='ltr'><strong>omnia.</strong></span> <span class='ocrx_word' id='word_1_352' title='bbox 2188 1895 2241 1940; x_wconf 92' lang='lat' dir='ltr'><strong>et</strong></span> <span class='ocrx_word' id='word_1_353' title='bbox 2275 1886 2328 1940; x_wconf 93' lang='lat' dir='ltr'><strong>in</strong></span> <span class='ocrx_word' id='word_1_354' title='bbox 2366 1885 2617 1940; x_wconf 87' lang='lat' dir='ltr'><strong>universa</strong></span> <span class='ocrx_word' id='word_1_355' title='bbox 2646 1883 2961 1940; x_wconf 88' lang='lat' dir='ltr'><strong>conditione</strong></span> <span class='ocrx_word' id='word_1_356' title='bbox 3000 1880 3222 1945; x_wconf 79' lang='lat' dir='ltr'><strong>inﬁxus,</strong></span> <span class='ocrx_word' id='word_1_357' title='bbox 3257 1876 3514 1948; x_wconf 87' lang='lat' dir='ltr'><strong>quoniam</strong></span> 
     </span>
    </p>
   </div>
   <div class='ocr_carea' id='block_1_47' title="bbox 1946 1974 3517 2048">
    <p class='ocr_par' dir='ltr' id='par_1_47' title="bbox 1946 1974 3517 2048">
     <span class='ocr_line' id='line_1_47' title="bbox 1946 1974 3517 2048; baseline -0.002 -17"><span class='ocrx_word' id='word_1_358' title='bbox 1946 1978 2176 2032; x_wconf 89' lang='lat' dir='ltr'><strong>Verbum</strong></span> <span class='ocrx_word' id='word_1_359' title='bbox 2228 1977 2322 2032; x_wconf 89' lang='lat' dir='ltr'><strong>Dei</strong></span> <span class='ocrx_word' id='word_1_360' title='bbox 2373 1977 2686 2048; x_wconf 72' lang='lat' dir='ltr'><strong>gubernans</strong></span> <span class='ocrx_word' id='word_1_361' title='bbox 2739 1985 2793 2032; x_wconf 89' lang='lat' dir='ltr'><strong>et</strong></span> <span class='ocrx_word' id='word_1_362' title='bbox 2848 1977 3142 2045; x_wconf 89' lang='lat' dir='ltr'><strong>disponens</strong></span> <span class='ocrx_word' id='word_1_363' title='bbox 3194 1974 3417 2040; x_wconf 91' lang='lat' dir='ltr'><strong>omnia;</strong></span> <span class='ocrx_word' id='word_1_364' title='bbox 3460 1981 3517 2028; x_wconf 88' lang='lat' dir='ltr'><strong>et</strong></span> 
     </span>
    </p>
   </div>
   <div class='ocr_carea' id='block_1_48' title="bbox 1942 2065 3517 2144">
    <p class='ocr_par' dir='ltr' id='par_1_48' title="bbox 1942 2065 3517 2144">
     <span class='ocr_line' id='line_1_48' title="bbox 1942 2065 3517 2144; baseline -0.002 -22"><span class='ocrx_word' id='word_1_365' title='bbox 1942 2079 2162 2138; x_wconf 88' lang='lat' dir='ltr'><strong>propter</strong></span> <span class='ocrx_word' id='word_1_366' title='bbox 2192 2070 2293 2124; x_wconf 84' lang='lat' dir='ltr'><strong>hoc</strong></span> <span class='ocrx_word' id='word_1_367' title='bbox 2326 2071 2379 2123; x_wconf 89' lang='lat' dir='ltr'><strong>in</strong></span> <span class='ocrx_word' id='word_1_368' title='bbox 2408 2071 2701 2144; x_wconf 74' lang='lat' dir='ltr'><strong>sua°316</strong></span> <span class='ocrx_word' id='word_1_369' title='bbox 2728 2069 3077 2126; x_wconf 86' lang='lat' dir='ltr'><strong>invisibiliter</strong></span> <span class='ocrx_word' id='word_1_370' title='bbox 3106 2068 3250 2121; x_wconf 84' lang='lat' dir='ltr'><strong>venit</strong></span> <span class='ocrx_word' id='word_1_371' title='bbox 3278 2065 3414 2139; x_wconf 86' lang='grc'>(77),</span> <span class='ocrx_word' id='word_1_372' title='bbox 3461 2075 3517 2120; x_wconf 88' lang='lat' dir='ltr'><strong>et</strong></span> 
     </span>
    </p>
   </div>
   <div class='ocr_carea' id='block_1_49' title="bbox 1940 2156 3512 2234">
    <p class='ocr_par' dir='ltr' id='par_1_49' title="bbox 1940 2156 3512 2234">
     <span class='ocr_line' id='line_1_49' title="bbox 1940 2156 3512 2234; baseline -0.005 -17"><span class='ocrx_word' id='word_1_373' title='bbox 1940 2177 2067 2217; x_wconf 88' lang='lat' dir='ltr'><strong>caro</strong></span> <span class='ocrx_word' id='word_1_374' title='bbox 2099 2161 2298 2216; x_wconf 76' lang='lat' dir='ltr'><strong>factum</strong></span> <span class='ocrx_word' id='word_1_375' title='bbox 2325 2170 2406 2217; x_wconf 89' lang='lat' dir='ltr'><strong>est</strong></span> <span class='ocrx_word' id='word_1_376' title='bbox 2434 2162 2568 2234; x_wconf 90' lang='lat'><strong>(78),</strong></span> <span class='ocrx_word' id='word_1_377' title='bbox 2607 2174 2660 2218; x_wconf 90' lang='lat' dir='ltr'><strong>et</strong></span> <span class='ocrx_word' id='word_1_378' title='bbox 2689 2161 2950 2233; x_wconf 82' lang='lat' dir='ltr'><strong>pependit</strong></span> <span class='ocrx_word' id='word_1_379' title='bbox 2977 2176 3138 2230; x_wconf 87' lang='lat' dir='ltr'><strong>super</strong></span> <span class='ocrx_word' id='word_1_380' title='bbox 3169 2160 3399 2230; x_wconf 85' lang='lat' dir='ltr'><strong>lignum,</strong></span> <span class='ocrx_word' id='word_1_381' title='bbox 3433 2156 3512 2210; x_wconf 79' lang='lat' dir='ltr'><strong>uti</strong></span> 
     </span>
    </p>
   </div>
   <div class='ocr_carea' id='block_1_50' title="bbox 1942 2251 3517 2325">
    <p class='ocr_par' dir='ltr' id='par_1_50' title="bbox 1942 2251 3517 2325">
     <span class='ocr_line' id='line_1_50' title="bbox 1942 2251 3517 2325; baseline 0 -19"><span class='ocrx_word' id='word_1_382' title='bbox 1942 2255 2198 2308; x_wconf 86' lang='lat' dir='ltr'><strong>universa</strong></span> <span class='ocrx_word' id='word_1_383' title='bbox 2224 2254 2277 2308; x_wconf 91' lang='lat' dir='ltr'><strong>in</strong></span> <span class='ocrx_word' id='word_1_384' title='bbox 2309 2256 2661 2324; x_wconf 88' lang='lat' dir='ltr'><strong>semetipsum</strong></span> <span class='ocrx_word' id='word_1_385' title='bbox 2695 2253 3104 2325; x_wconf 88' lang='lat' dir='ltr'><strong>recapituletur.</strong></span> <span class='ocrx_word' id='word_1_386' title='bbox 3146 2272 3165 2303; x_wconf 70' lang='grc' dir='ltr'>ι</span> <span class='ocrx_word' id='word_1_387' title='bbox 3186 2252 3254 2306; x_wconf 84' lang='lat' dir='ltr'><strong>Et</strong></span> <span class='ocrx_word' id='word_1_388' title='bbox 3284 2251 3367 2304; x_wconf 89' lang='lat' dir='ltr'><strong>sui</strong></span> <span class='ocrx_word' id='word_1_389' title='bbox 3394 2265 3517 2320; x_wconf 86' lang='lat' dir='ltr'><strong>pro-</strong></span> 
     </span>
    </p>
   </div>
   <div class='ocr_carea' id='block_1_51' title="bbox 1941 2341 3519 2416">
    <p class='ocr_par' dir='ltr' id='par_1_51' title="bbox 1941 2341 3519 2416">
     <span class='ocr_line' id='line_1_51' title="bbox 1941 2341 3519 2416; baseline -0.001 -18"><span class='ocrx_word' id='word_1_390' title='bbox 1941 2345 2043 2413; x_wconf 87' lang='lat' dir='ltr'><strong>prii</strong></span> <span class='ocrx_word' id='word_1_391' title='bbox 2076 2343 2227 2399; x_wconf 91' lang='lat' dir='ltr'><strong>illum</strong></span> <span class='ocrx_word' id='word_1_392' title='bbox 2274 2360 2383 2400; x_wconf 90' lang='lat' dir='ltr'><strong>non</strong></span> <span class='ocrx_word' id='word_1_393' title='bbox 2426 2357 2749 2416; x_wconf 87' lang='lat' dir='ltr'><strong>receperunt</strong></span> <span class='ocrx_word' id='word_1_394' title='bbox 2778 2366 2797 2399; x_wconf 73' lang='grc' dir='ltr'><strong><em>ι</em></strong></span> <span class='ocrx_word' id='word_1_395' title='bbox 2841 2345 3112 2408; x_wconf 76' lang='lat' dir='ltr'><strong>homines,</strong></span> <span class='ocrx_word' id='word_1_396' title='bbox 3163 2341 3519 2414; x_wconf 83' lang='lat' dir='ltr'><strong>quemadmo-</strong></span> 
     </span>
    </p>
   </div>
   <div class='ocr_carea' id='block_1_52' title="bbox 1943 2436 3520 2508">
    <p class='ocr_par' dir='ltr' id='par_1_52' title="bbox 1943 2436 3520 2508">
     <span class='ocr_line' id='line_1_52' title="bbox 1943 2436 3520 2508; baseline -0.001 -16"><span class='ocrx_word' id='word_1_397' title='bbox 1943 2439 2067 2492; x_wconf 90' lang='lat' dir='ltr'><strong>dum</strong></span> <span class='ocrx_word' id='word_1_398' title='bbox 2093 2436 2308 2508; x_wconf 81' lang='lat' dir='ltr'><strong>Moyses</strong></span> <span class='ocrx_word' id='word_1_399' title='bbox 2331 2439 2434 2494; x_wconf 92' lang='lat' dir='ltr'><strong>boc</strong></span> <span class='ocrx_word' id='word_1_400' title='bbox 2460 2439 2632 2508; x_wconf 87' lang='lat' dir='ltr'><strong>ipsum</strong></span> <span class='ocrx_word' id='word_1_401' title='bbox 2660 2438 3031 2494; x_wconf 76' lang='lat' dir='ltr'><strong>manifestavit</strong></span> <span class='ocrx_word' id='word_1_402' title='bbox 3057 2439 3110 2492; x_wconf 92' lang='lat' dir='ltr'><strong>in</strong></span> <span class='ocrx_word' id='word_1_403' title='bbox 3139 2436 3335 2507; x_wconf 92' lang='lat' dir='ltr'><strong>populo</strong></span> <span class='ocrx_word' id='word_1_404' title='bbox 3363 2454 3377 2490; x_wconf 90' lang='lat'>:</span> <span class='ocrx_word' id='word_1_405' title='bbox 3410 2455 3430 2489; x_wconf 77' lang='lat' dir='ltr'><strong>t</strong></span> <span class='ocrx_word' id='word_1_406' title='bbox 3453 2436 3520 2491; x_wconf 84' lang='lat' dir='ltr'><strong>Et</strong></span> 
     </span>
    </p>
   </div>
   <div class='ocr_carea' id='block_1_53' title="bbox 1943 2530 3519 2597">
    <p class='ocr_par' dir='ltr' id='par_1_53' title="bbox 1943 2530 3519 2597">
     <span class='ocr_line' id='line_1_53' title="bbox 1943 2530 3519 2597; baseline 0 -15"><span class='ocrx_word' id='word_1_407' title='bbox 1943 2530 2049 2582; x_wconf 88' lang='lat' dir='ltr'><strong>erit</strong></span> <span class='ocrx_word' id='word_1_408' title='bbox 2081 2530 2189 2582; x_wconf 86' lang='lat' dir='ltr'><strong>vita</strong></span> <span class='ocrx_word' id='word_1_409' title='bbox 2221 2538 2312 2582; x_wconf 90' lang='lat' dir='ltr'><strong>tua</strong></span> <span class='ocrx_word' id='word_1_410' title='bbox 2349 2531 2590 2597; x_wconf 86' lang='lat' dir='ltr'><strong>pendens</strong></span> <span class='ocrx_word' id='word_1_411' title='bbox 2622 2539 2748 2584; x_wconf 89' lang='lat' dir='ltr'><strong>ante</strong></span> <span class='ocrx_word' id='word_1_412' title='bbox 2778 2530 2965 2585; x_wconf 89' lang='lat' dir='ltr'><strong>oculos</strong></span> <span class='ocrx_word' id='word_1_413' title='bbox 2997 2538 3144 2594; x_wconf 81' lang='lat' dir='ltr'><strong>tuos,</strong></span> <span class='ocrx_word' id='word_1_414' title='bbox 3180 2537 3236 2583; x_wconf 91' lang='lat' dir='ltr'><strong>et</strong></span> <span class='ocrx_word' id='word_1_415' title='bbox 3264 2542 3373 2583; x_wconf 90' lang='lat' dir='ltr'><strong>non</strong></span> <span class='ocrx_word' id='word_1_416' title='bbox 3403 2543 3519 2584; x_wconf 87' lang='lat' dir='ltr'><strong>cre-</strong></span> 
     </span>
    </p>
   </div>
   <div class='ocr_carea' id='block_1_54' title="bbox 1943 2614 3520 2694">
    <p class='ocr_par' dir='ltr' id='par_1_54' title="bbox 1943 2614 3520 2694">
     <span class='ocr_line' id='line_1_54' title="bbox 1943 2614 3520 2694; baseline -0.003 -16"><span class='ocrx_word' id='word_1_417' title='bbox 1943 2625 2038 2678; x_wconf 79' lang='lat' dir='ltr'><strong>des</strong></span> <span class='ocrx_word' id='word_1_418' title='bbox 2064 2623 2192 2677; x_wconf 66' lang='lat' dir='ltr'><strong>vitm</strong></span> <span class='ocrx_word' id='word_1_419' title='bbox 2220 2630 2325 2678; x_wconf 74' lang='lat' dir='ltr'><strong>tua:</strong></span> <span class='ocrx_word' id='word_1_420' title='bbox 2357 2623 2406 2654; x_wconf 76' lang='grc'><strong>’⁸</strong></span> <span class='ocrx_word' id='word_1_421' title='bbox 2432 2622 2567 2694; x_wconf 81' lang='lat'><strong>(79).</strong></span> <span class='ocrx_word' id='word_1_422' title='bbox 2600 2642 2620 2676; x_wconf 76' lang='grc' dir='ltr'><strong><em>ι</em></strong></span> <span class='ocrx_word' id='word_1_423' title='bbox 2671 2622 2777 2691; x_wconf 80' lang='lat' dir='ltr'><strong>Qui</strong></span> <span class='ocrx_word' id='word_1_424' title='bbox 2826 2623 2993 2691; x_wconf 86' lang='lat' dir='ltr'><strong>igitur</strong></span> <span class='ocrx_word' id='word_1_425' title='bbox 3039 2614 3165 2676; x_wconf 61' lang='lat' dir='ltr'><strong>non&#39;</strong></span> <span class='ocrx_word' id='word_1_426' title='bbox 3192 2630 3520 2691; x_wconf 87' lang='lat' dir='ltr'><strong>receperunt</strong></span> 
     </span>
    </p>
   </div>
   <div class='ocr_carea' id='block_1_55' title="bbox 1944 2712 3518 2785">
    <p class='ocr_par' dir='ltr' id='par_1_55' title="bbox 1944 2712 3518 2785">
     <span class='ocr_line' id='line_1_55' title="bbox 1944 2712 3518 2785; baseline -0.002 -15"><span class='ocrx_word' id='word_1_427' title='bbox 1944 2715 2116 2780; x_wconf 92' lang='lat' dir='ltr'><strong>illum,</strong></span> <span class='ocrx_word' id='word_1_428' title='bbox 2149 2731 2251 2770; x_wconf 93' lang='lat' dir='ltr'><strong>non</strong></span> <span class='ocrx_word' id='word_1_429' title='bbox 2283 2724 2615 2785; x_wconf 89' lang='lat' dir='ltr'><strong>acceperunt</strong></span> <span class='ocrx_word' id='word_1_430' title='bbox 2642 2715 2824 2768; x_wconf 89' lang='lat' dir='ltr'><strong>vitam.</strong></span> <span class='ocrx_word' id='word_1_431' title='bbox 2868 2733 2887 2766; x_wconf 89' lang='grc'><strong><em>‹</em></strong></span> <span class='ocrx_word' id='word_1_432' title='bbox 2909 2712 3187 2783; x_wconf 84' lang='lat' dir='ltr'><strong>Quotquot</strong></span> <span class='ocrx_word' id='word_1_433' title='bbox 3215 2723 3395 2767; x_wconf 89' lang='lat' dir='ltr'><strong>autem</strong></span> <span class='ocrx_word' id='word_1_434' title='bbox 3429 2728 3518 2768; x_wconf 88' lang='lat' dir='ltr'><strong>re-</strong></span> 
     </span>
    </p>
   </div>
   <div class='ocr_carea' id='block_1_56' title="bbox 1943 2796 3519 2876">
    <p class='ocr_par' dir='ltr' id='par_1_56' title="bbox 1943 2796 3519 2876">
     <span class='ocr_line' id='line_1_56' title="bbox 1943 2796 3519 2876; baseline -0.001 -16"><span class='ocrx_word' id='word_1_435' title='bbox 1943 2815 2210 2876; x_wconf 86' lang='lat' dir='ltr'><strong>ceperunt</strong></span> <span class='ocrx_word' id='word_1_436' title='bbox 2258 2806 2447 2869; x_wconf 87' lang='lat' dir='ltr'><strong>illum,</strong></span> <span class='ocrx_word' id='word_1_437' title='bbox 2497 2796 2645 2860; x_wconf 83' lang='lat' dir='ltr'><strong>dedit</strong></span> <span class='ocrx_word' id='word_1_438' title='bbox 2697 2803 2804 2861; x_wconf 86' lang='lat' dir='ltr'><strong>illis</strong></span> <span class='ocrx_word' id='word_1_439' title='bbox 2859 2812 3178 2875; x_wconf 85' lang='lat' dir='ltr'><strong>potestatem</strong></span> <span class='ocrx_word' id='word_1_440' title='bbox 3233 2804 3374 2860; x_wconf 81' lang='lat' dir='ltr'><strong>ﬁlios</strong></span> <span class='ocrx_word' id='word_1_441' title='bbox 3422 2804 3519 2859; x_wconf 87' lang='lat' dir='ltr'><strong>Dei</strong></span> 
     </span>
    </p>
   </div>
   <div class='ocr_carea' id='block_1_57' title="bbox 1944 2891 3520 2966">
    <p class='ocr_par' dir='ltr' id='par_1_57' title="bbox 1944 2891 3520 2966">
     <span class='ocr_line' id='line_1_57' title="bbox 1944 2891 3520 2966; baseline -0.001 -17"><span class='ocrx_word' id='word_1_442' title='bbox 1944 2897 2083 2951; x_wconf 82' lang='lat' dir='ltr'><strong>ﬁeri.</strong></span> <span class='ocrx_word' id='word_1_443' title='bbox 2121 2914 2140 2948; x_wconf 74' lang='grc' dir='ltr'><strong><em>ι</em></strong></span> <span class='ocrx_word' id='word_1_444' title='bbox 2182 2896 2298 2965; x_wconf 87' lang='lat' dir='ltr'><strong>Ipse</strong></span> <span class='ocrx_word' id='word_1_445' title='bbox 2325 2905 2409 2950; x_wconf 87' lang='lat' dir='ltr'><strong>est</strong></span> <span class='ocrx_word' id='word_1_446' title='bbox 2440 2896 2583 2949; x_wconf 81' lang='lat' dir='ltr'><strong>eiiim</strong></span> <span class='ocrx_word' id='word_1_447' title='bbox 2613 2897 2705 2965; x_wconf 92' lang='lat' dir='ltr'><strong>qui</strong></span> <span class='ocrx_word' id='word_1_448' title='bbox 2736 2891 3111 2951; x_wconf 84' lang='lat' dir='ltr'><strong>universorum</strong></span> <span class='ocrx_word' id='word_1_449' title='bbox 3141 2894 3252 2966; x_wconf 85' lang='lat'><strong>(80)</strong></span> <span class='ocrx_word' id='word_1_450' title='bbox 3291 2903 3520 2964; x_wconf 86' lang='lat' dir='ltr'><strong>potesta-</strong></span> 
     </span>
    </p>
   </div>
   <div class='ocr_carea' id='block_1_58' title="bbox 1947 2986 3521 3059">
    <p class='ocr_par' dir='ltr' id='par_1_58' title="bbox 1947 2986 3521 3059">
     <span class='ocr_line' id='line_1_58' title="bbox 1947 2986 3521 3059; baseline 0 -18"><span class='ocrx_word' id='word_1_451' title='bbox 1947 2996 2054 3041; x_wconf 89' lang='lat' dir='ltr'><strong>tem</strong></span> <span class='ocrx_word' id='word_1_452' title='bbox 2098 2987 2263 3042; x_wconf 87' lang='lat' dir='ltr'><strong>habet</strong></span> <span class='ocrx_word' id='word_1_453' title='bbox 2293 3003 2320 3042; x_wconf 92' lang='lat' dir='ltr'><strong>a</strong></span> <span class='ocrx_word' id='word_1_454' title='bbox 2358 2986 2544 3052; x_wconf 84' lang='lat' dir='ltr'><strong>Patre,</strong></span> <span class='ocrx_word' id='word_1_455' title='bbox 2585 2988 2841 3056; x_wconf 89' lang='lat' dir='ltr'><strong>quoniam</strong></span> <span class='ocrx_word' id='word_1_456' title='bbox 2885 2986 2996 3059; x_wconf 83' lang='grc'>(81)</span> <span class='ocrx_word' id='word_1_457' title='bbox 3029 2988 3265 3046; x_wconf 82' lang='lat' dir='ltr'><strong>Verbum</strong></span> <span class='ocrx_word' id='word_1_458' title='bbox 3300 2987 3416 3055; x_wconf 88' lang='lat' dir='ltr'><strong>Dei,</strong></span> <span class='ocrx_word' id='word_1_459' title='bbox 3466 2995 3521 3042; x_wconf 87' lang='lat' dir='ltr'><strong>et</strong></span> 
     </span>
    </p>
   </div>
   <div class='ocr_carea' id='block_1_59' title="bbox 1945 3076 3519 3148">
    <p class='ocr_par' dir='ltr' id='par_1_59' title="bbox 1945 3076 3519 3148">
     <span class='ocr_line' id='line_1_59' title="bbox 1945 3076 3519 3148; baseline -0.001 -15"><span class='ocrx_word' id='word_1_460' title='bbox 1945 3080 2113 3133; x_wconf 91' lang='lat' dir='ltr'><strong>homo</strong></span> <span class='ocrx_word' id='word_1_461' title='bbox 2152 3093 2335 3146; x_wconf 88' lang='lat' dir='ltr'><strong>verus,</strong></span> <span class='ocrx_word' id='word_1_462' title='bbox 2380 3076 2748 3134; x_wconf 87' lang='lat' dir='ltr'><strong>invisibilibus</strong></span> <span class='ocrx_word' id='word_1_463' title='bbox 2788 3079 3006 3147; x_wconf 90' lang='lat' dir='ltr'><strong>quidem</strong></span> <span class='ocrx_word' id='word_1_464' title='bbox 3049 3079 3388 3148; x_wconf 86' lang='lat' dir='ltr'><strong>participans</strong></span> <span class='ocrx_word' id='word_1_465' title='bbox 3428 3093 3519 3132; x_wconf 60' lang='lat' dir='ltr'><strong>ra-</strong></span> 
     </span>
    </p>
   </div>
   <div class='ocr_carea' id='block_1_60' title="bbox 263 3158 3518 3256">
    <p class='ocr_par' dir='ltr' id='par_1_60' title="bbox 263 3158 3518 3256">
     <span class='ocr_line' id='line_1_60' title="bbox 263 3158 3518 3256; baseline -0.001 -28"><span class='ocrx_word' id='word_1_466' title='bbox 263 3171 332 3228; x_wconf 82' lang='lat' dir='ltr'><strong>Et</strong></span> <span class='ocrx_word' id='word_1_467' title='bbox 365 3172 559 3252; x_wconf 83' lang='lat' dir='ltr'><strong>iterum</strong></span> <span class='ocrx_word' id='word_1_468' title='bbox 603 3170 921 3240; x_wconf 79' lang='lat' dir='ltr'><strong>signiﬁcans</strong></span> <span class='ocrx_word' id='word_1_469' title='bbox 954 3168 1070 3236; x_wconf 90' lang='lat' dir='ltr'><strong>ejus</strong></span> <span class='ocrx_word' id='word_1_470' title='bbox 1098 3158 1397 3224; x_wconf 87' lang='lat' dir='ltr'><strong>secundum</strong></span> <span class='ocrx_word' id='word_1_471' title='bbox 1430 3170 1702 3224; x_wconf 89' lang='lat' dir='ltr'><strong>hominem</strong></span> <span class='ocrx_word' id='word_1_472' title='bbox 1731 3170 1840 3223; x_wconf 86' lang='lat' dir='ltr'><strong>dis-</strong></span> <span class='ocrx_word' id='word_1_473' title='bbox 1867 3196 1911 3256; x_wconf 75' lang='lat' dir='ltr'>c</span> <span class='ocrx_word' id='word_1_474' title='bbox 1941 3171 2300 3236; x_wconf 87' lang='lat' dir='ltr'><strong>tionabilitcr,</strong></span> <span class='ocrx_word' id='word_1_475' title='bbox 2350 3179 2406 3225; x_wconf 81' lang='lat' dir='ltr'><strong>et</strong></span> <span class='ocrx_word' id='word_1_476' title='bbox 2449 3171 2833 3226; x_wconf 88' lang='lat' dir='ltr'><strong>sensuabiliter</strong></span> <span class='ocrx_word' id='word_1_477' title='bbox 2877 3170 2988 3253; x_wconf 75' lang='lat'><strong>(82)</strong></span> <span class='ocrx_word' id='word_1_478' title='bbox 3033 3169 3207 3242; x_wconf 86' lang='lat' dir='ltr'><strong>legem</strong></span> <span class='ocrx_word' id='word_1_479' title='bbox 3249 3177 3518 3232; x_wconf 86' lang='lat' dir='ltr'><strong>statuens.</strong></span> 
     </span>
    </p>
   </div>
   <div class='ocr_carea' id='block_1_61' title="bbox 262 3245 1838 3337">
    <p class='ocr_par' dir='ltr' id='par_1_61' title="bbox 262 3245 1838 3337">
     <span class='ocr_line' id='line_1_61' title="bbox 262 3245 1838 3337; baseline -0.004 -17"><span class='ocrx_word' id='word_1_480' title='bbox 262 3245 641 3337; x_wconf 80' lang='lat' dir='ltr'><strong>pensationem</strong></span> <span class='ocrx_word' id='word_1_481' title='bbox 683 3261 819 3332; x_wconf 64' lang='lat'><strong>(74),</strong></span> <span class='ocrx_word' id='word_1_482' title='bbox 870 3262 1047 3315; x_wconf 80' lang='lat' dir='ltr'><strong>dixit:</strong></span> <span class='ocrx_word' id='word_1_483' title='bbox 1087 3260 1194 3315; x_wconf 66' lang='lat' dir='ltr'><strong>«Et</strong></span> <span class='ocrx_word' id='word_1_484' title='bbox 1217 3259 1456 3315; x_wconf 86' lang='lat' dir='ltr'><strong>Verbum</strong></span> <span class='ocrx_word' id='word_1_485' title='bbox 1483 3276 1609 3315; x_wconf 90' lang='lat' dir='ltr'><strong>caro</strong></span> <span class='ocrx_word' id='word_1_486' title='bbox 1636 3260 1838 3318; x_wconf 74' lang='lat' dir='ltr'><strong>factum</strong></span> 
     </span>
    </p>
   </div>
   <div class='ocr_carea' id='block_1_62' title="bbox 262 3353 1843 3422">
    <p class='ocr_par' dir='ltr' id='par_1_62' title="bbox 262 3353 1843 3422">
     <span class='ocr_line' id='line_1_62' title="bbox 262 3353 1843 3422; baseline -0.003 -8"><span class='ocrx_word' id='word_1_487' title='bbox 262 3369 373 3422; x_wconf 86' lang='lat' dir='ltr'><strong>est,</strong></span> <span class='ocrx_word' id='word_1_488' title='bbox 405 3369 458 3413; x_wconf 90' lang='lat' dir='ltr'><strong>et</strong></span> <span class='ocrx_word' id='word_1_489' title='bbox 495 3356 760 3411; x_wconf 85' lang='lat' dir='ltr'><strong>habitavit</strong></span> <span class='ocrx_word' id='word_1_490' title='bbox 788 3357 838 3408; x_wconf 91' lang='lat' dir='ltr'><strong>in</strong></span> <span class='ocrx_word' id='word_1_491' title='bbox 872 3355 1050 3408; x_wconf 86' lang='lat' dir='ltr'><strong>nobis.</strong></span> <span class='ocrx_word' id='word_1_492' title='bbox 1083 3371 1102 3405; x_wconf 73' lang='grc' dir='ltr'>ι</span> <span class='ocrx_word' id='word_1_493' title='bbox 1140 3353 1207 3407; x_wconf 82' lang='grc' dir='ltr'><strong>Ει</strong></span> <span class='ocrx_word' id='word_1_494' title='bbox 1238 3354 1430 3408; x_wconf 91' lang='lat' dir='ltr'><strong>iterum</strong></span> <span class='ocrx_word' id='word_1_495' title='bbox 1470 3353 1695 3408; x_wconf 89' lang='lat' dir='ltr'><strong>intulit:</strong></span> <span class='ocrx_word' id='word_1_496' title='bbox 1734 3374 1750 3407; x_wconf 77' lang='grc' dir='ltr'>ι</span> <span class='ocrx_word' id='word_1_497' title='bbox 1777 3355 1843 3410; x_wconf 87' lang='lat' dir='ltr'><strong>Et</strong></span> 
     </span>
    </p>
   </div>
   <div class='ocr_carea' id='block_1_63' title="bbox 269 3446 1839 3519">
    <p class='ocr_par' dir='ltr' id='par_1_63' title="bbox 269 3446 1839 3519">
     <span class='ocr_line' id='line_1_63' title="bbox 269 3446 1839 3519; baseline -0.001 -16"><span class='ocrx_word' id='word_1_498' title='bbox 269 3449 509 3509; x_wconf 82' lang='lat' dir='ltr'><strong>vidimus</strong></span> <span class='ocrx_word' id='word_1_499' title='bbox 562 3449 795 3519; x_wconf 87' lang='lat' dir='ltr'><strong>gloriam</strong></span> <span class='ocrx_word' id='word_1_500' title='bbox 848 3450 985 3516; x_wconf 84' lang='lat' dir='ltr'><strong>ejus,</strong></span> <span class='ocrx_word' id='word_1_501' title='bbox 1037 3447 1263 3516; x_wconf 87' lang='lat' dir='ltr'><strong>gloriam</strong></span> <span class='ocrx_word' id='word_1_502' title='bbox 1317 3447 1468 3517; x_wconf 87' lang='lat' dir='ltr'><strong>quasi</strong></span> <span class='ocrx_word' id='word_1_503' title='bbox 1508 3446 1773 3517; x_wconf 83' lang='lat' dir='ltr'><strong>unigeniti</strong></span> <span class='ocrx_word' id='word_1_504' title='bbox 1810 3462 1839 3501; x_wconf 89' lang='lat' dir='ltr'><strong>a</strong></span> 
     </span>
    </p>
   </div>
   <div class='ocr_carea' id='block_1_64' title="bbox 316 3608 2137 3681">
    <p class='ocr_par' dir='ltr' id='par_1_64' title="bbox 316 3608 2137 3681">
     <span class='ocr_line' id='line_1_64' title="bbox 316 3608 2137 3681; baseline -0.001 -16"><span class='ocrx_word' id='word_1_505' title='bbox 316 3614 364 3645; x_wconf 80' lang='lat'>”</span> <span class='ocrx_word' id='word_1_506' title='bbox 390 3610 546 3665; x_wconf 80' lang='lat' dir='ltr'><strong>Joan.</strong></span> <span class='ocrx_word' id='word_1_507' title='bbox 579 3625 673 3669; x_wconf 80' lang='lat' dir='ltr'><strong>vn.</strong></span> <span class='ocrx_word' id='word_1_508' title='bbox 703 3609 792 3675; x_wconf 77' lang='lat'><strong>38,</strong></span> <span class='ocrx_word' id='word_1_509' title='bbox 814 3611 903 3670; x_wconf 79' lang='lat'><strong>59.</strong></span> <span class='ocrx_word' id='word_1_510' title='bbox 979 3611 1025 3641; x_wconf 64' lang='grc'><strong>’⁸</strong></span> <span class='ocrx_word' id='word_1_511' title='bbox 1057 3609 1252 3678; x_wconf 86' lang='lat' dir='ltr'><strong>Ephes.</strong></span> <span class='ocrx_word' id='word_1_512' title='bbox 1287 3624 1360 3674; x_wconf 85' lang='lat' dir='ltr'><strong>iv,</strong></span> <span class='ocrx_word' id='word_1_513' title='bbox 1394 3609 1445 3664; x_wconf 84' lang='lat'><strong>6.</strong></span> <span class='ocrx_word' id='word_1_514' title='bbox 1521 3610 1567 3641; x_wconf 81' lang='lat'>&quot;</span> <span class='ocrx_word' id='word_1_515' title='bbox 1600 3608 1758 3666; x_wconf 84' lang='lat' dir='ltr'><strong>Joan.</strong></span> <span class='ocrx_word' id='word_1_516' title='bbox 1786 3615 1826 3677; x_wconf 90' lang='lat' dir='ltr'><strong>i,</strong></span> <span class='ocrx_word' id='word_1_517' title='bbox 1860 3614 1882 3668; x_wconf 85' lang='lat' dir='ltr'><strong>l</strong></span> <span class='ocrx_word' id='word_1_518' title='bbox 1916 3620 2137 3681; x_wconf 86' lang='lat' dir='ltr'><strong>etseqq.</strong></span> 
     </span>
    </p>
   </div>
   <div class='ocr_carea' id='block_1_65' title="bbox 267 3682 707 3744">
    <p class='ocr_par' dir='ltr' id='par_1_65' title="bbox 267 3682 707 3744">
     <span class='ocr_line' id='line_1_65' title="bbox 267 3682 707 3744; baseline -0.014 -5"><span class='ocrx_word' id='word_1_519' title='bbox 267 3692 369 3740; x_wconf 85' lang='lat' dir='ltr'><strong>ter.</strong></span> <span class='ocrx_word' id='word_1_520' title='bbox 407 3697 592 3744; x_wconf 77' lang='lat' dir='ltr'><strong>xxvm,</strong></span> <span class='ocrx_word' id='word_1_521' title='bbox 623 3682 707 3735; x_wconf 86' lang='lat'><strong>66.</strong></span> 
     </span>
    </p>
   </div>
   <div class='ocr_carea' id='block_1_66' title="bbox 337 3815 1840 3941">
    <p class='ocr_par' dir='ltr' id='par_1_66' title="bbox 337 3815 1840 3941">
     <span class='ocr_line' id='line_1_66' title="bbox 337 3815 1840 3941; baseline -0.003 -67"><span class='ocrx_word' id='word_1_522' title='bbox 337 3819 450 3941; x_wconf 67' lang='lat'><strong>(70)</strong></span> <span class='ocrx_word' id='word_1_523' title='bbox 489 3817 882 3900; x_wconf 57' lang='lat' dir='ltr'><strong>Visibititatent.</strong></span> <span class='ocrx_word' id='word_1_524' title='bbox 910 3818 1092 3900; x_wconf 80' lang='lat' dir='ltr'><strong>_Eras.,</strong></span> <span class='ocrx_word' id='word_1_525' title='bbox 1117 3817 1347 3884; x_wconf 86' lang='lat' dir='ltr'><strong>Gallas.,</strong></span> <span class='ocrx_word' id='word_1_526' title='bbox 1369 3815 1635 3882; x_wconf 87' lang='lat' dir='ltr'><strong>Clarom.,</strong></span> <span class='ocrx_word' id='word_1_527' title='bbox 1663 3815 1840 3871; x_wconf 79' lang='lat' dir='ltr'><strong>Arun-</strong></span> 
     </span>
     <span class='ocr_line' id='line_1_67' title="bbox 361 3887 996 3941; baseline -0.002 0"><span class='ocrx_word' id='word_1_528' title='bbox 361 3927 376 3941; x_wconf 95' lang='lat'><strong>.</strong></span> <span class='ocrx_word' id='word_1_529' title='bbox 409 3898 466 3941; x_wconf 89' lang='lat' dir='ltr'><strong>et</strong></span> <span class='ocrx_word' id='word_1_530' title='bbox 491 3887 653 3941; x_wconf 76' lang='lat' dir='ltr'><strong>Merc.</strong></span> <span class='ocrx_word' id='word_1_531' title='bbox 689 3888 743 3941; x_wconf 76' lang='lat'><strong>2.</strong></span> <span class='ocrx_word' id='word_1_532' title='bbox 774 3889 996 3941; x_wconf 74' lang='lat' dir='ltr'><strong>visibile.</strong></span> 
     </span>
    </p>
   </div>
   <div class='ocr_carea' id='block_1_67' title="bbox 265 3887 996 3951">
    <p class='ocr_par' dir='ltr' id='par_1_67' title="bbox 265 3887 996 3951">
     <span class='ocr_line' id='line_1_68' title="bbox 265 3887 996 3951; baseline -0.007 -6"><span class='ocrx_word' id='word_1_533' title='bbox 265 3887 376 3945; x_wconf 87' lang='lat' dir='ltr'><strong>del.</strong></span> <span class='ocrx_word' id='word_1_534' title='bbox 409 3898 466 3942; x_wconf 89' lang='lat' dir='ltr'><strong>et</strong></span> <span class='ocrx_word' id='word_1_535' title='bbox 491 3887 653 3942; x_wconf 76' lang='lat' dir='ltr'><strong>Merc.</strong></span> <span class='ocrx_word' id='word_1_536' title='bbox 689 3888 743 3951; x_wconf 75' lang='grc'><strong>2,</strong></span> <span class='ocrx_word' id='word_1_537' title='bbox 774 3889 996 3942; x_wconf 75' lang='lat' dir='ltr'><strong>eisibile.</strong></span> 
     </span>
    </p>
   </div>
   <div class='ocr_carea' id='block_1_68' title="bbox 339 3956 1835 4030">
    <p class='ocr_par' dir='ltr' id='par_1_68' title="bbox 339 3956 1835 4030">
     <span class='ocr_line' id='line_1_69' title="bbox 339 3956 1835 4030; baseline -0.001 -18"><span class='ocrx_word' id='word_1_538' title='bbox 339 3958 450 4030; x_wconf 84' lang='grc'>(71)</span> <span class='ocrx_word' id='word_1_539' title='bbox 491 3957 763 4030; x_wconf 80' lang='lat' dir='ltr'><strong>Verbum._</strong></span> <span class='ocrx_word' id='word_1_540' title='bbox 795 3959 884 4012; x_wconf 89' lang='lat' dir='ltr'><strong>Sic</strong></span> <span class='ocrx_word' id='word_1_541' title='bbox 930 3957 1264 4030; x_wconf 73' lang='lat' dir='ltr'><strong>Feuard.__iu</strong></span> <span class='ocrx_word' id='word_1_542' title='bbox 1301 3972 1534 4030; x_wconf 85' lang='lat' dir='ltr'><strong>_marg.,_</strong></span> <span class='ocrx_word' id='word_1_543' title='bbox 1566 3956 1835 4030; x_wconf 84' lang='lat' dir='ltr'><strong>Clar_om.,</strong></span> 
     </span>
    </p>
   </div>
   <div class='ocr_carea' id='block_1_69' title="bbox 265 4027 1835 4095">
    <p class='ocr_par' dir='ltr' id='par_1_69' title="bbox 265 4027 1835 4095">
     <span class='ocr_line' id='line_1_70' title="bbox 265 4027 1835 4095; baseline -0.001 -12"><span class='ocrx_word' id='word_1_544' title='bbox 265 4027 438 4084; x_wconf 81' lang='lat' dir='ltr'><strong>Voss.</strong></span> <span class='ocrx_word' id='word_1_545' title='bbox 461 4037 513 4082; x_wconf 89' lang='lat' dir='ltr'><strong>et</strong></span> <span class='ocrx_word' id='word_1_546' title='bbox 546 4031 706 4080; x_wconf 77' lang='lat' dir='ltr'><strong>Merc.</strong></span> <span class='ocrx_word' id='word_1_547' title='bbox 741 4028 796 4090; x_wconf 63' lang='grc' dir='ltr'><strong>ἓ,</strong></span> <span class='ocrx_word' id='word_1_548' title='bbox 828 4030 971 4095; x_wconf 90' lang='lat' dir='ltr'><strong>quod</strong></span> <span class='ocrx_word' id='word_1_549' title='bbox 1012 4028 1079 4080; x_wconf 85' lang='lat' dir='ltr'><strong>ab</strong></span> <span class='ocrx_word' id='word_1_550' title='bbox 1120 4027 1421 4080; x_wconf 85' lang='lat' dir='ltr'><strong>editoribus</strong></span> <span class='ocrx_word' id='word_1_551' title='bbox 1467 4027 1642 4080; x_wconf 88' lang='lat' dir='ltr'><strong>minus</strong></span> <span class='ocrx_word' id='word_1_552' title='bbox 1682 4027 1835 4081; x_wconf 90' lang='lat' dir='ltr'><strong>intel-</strong></span> 
     </span>
    </p>
   </div>
   <div class='ocr_carea' id='block_1_70' title="bbox 266 4096 1837 4168">
    <p class='ocr_par' dir='ltr' id='par_1_70' title="bbox 266 4096 1837 4168">
     <span class='ocr_line' id='line_1_71' title="bbox 266 4096 1837 4168; baseline -0.003 -14"><span class='ocrx_word' id='word_1_553' title='bbox 266 4100 493 4168; x_wconf 74' lang='lat' dir='ltr'><strong>lectum.</strong></span> <span class='ocrx_word' id='word_1_554' title='bbox 527 4098 628 4152; x_wconf 81' lang='lat' dir='ltr'><strong>iuit</strong></span> <span class='ocrx_word' id='word_1_555' title='bbox 656 4105 1044 4168; x_wconf 84' lang='lat' dir='ltr'><strong>commutatum</strong></span> <span class='ocrx_word' id='word_1_556' title='bbox 1078 4096 1207 4168; x_wconf 93' lang='lat' dir='ltr'><strong>(non</strong></span> <span class='ocrx_word' id='word_1_557' title='bbox 1257 4098 1375 4168; x_wconf 84' lang='lat' dir='ltr'><strong>sine</strong></span> <span class='ocrx_word' id='word_1_558' title='bbox 1423 4097 1616 4168; x_wconf 86' lang='lat' dir='ltr'><strong>vitiosa</strong></span> <span class='ocrx_word' id='word_1_559' title='bbox 1646 4113 1837 4168; x_wconf 67' lang='lat' dir='ltr'><strong>tauro-</strong></span> 
     </span>
    </p>
   </div>
   <div class='ocr_carea' id='block_1_71' title="bbox 265 4163 1833 4241">
    <p class='ocr_par' dir='ltr' id='par_1_71' title="bbox 265 4163 1833 4241">
     <span class='ocr_line' id='line_1_72' title="bbox 265 4163 1833 4241; baseline -0.001 -18"><span class='ocrx_word' id='word_1_560' title='bbox 265 4165 448 4241; x_wconf 70' lang='grc' dir='ltr'><strong>λογίᾳ)</strong></span> <span class='ocrx_word' id='word_1_561' title='bbox 487 4169 540 4241; x_wconf 79' lang='lat' dir='ltr'><strong>in</strong></span> <span class='ocrx_word' id='word_1_562' title='bbox 576 4185 773 4222; x_wconf 79' lang='lat' dir='ltr'><strong>verum.</strong></span> <span class='ocrx_word' id='word_1_563' title='bbox 829 4166 1051 4236; x_wconf 89' lang='lat' dir='ltr'><strong>lntelligi</strong></span> <span class='ocrx_word' id='word_1_564' title='bbox 1087 4163 1281 4241; x_wconf 66' lang='lat' dir='ltr'><strong>tamen</strong></span> <span class='ocrx_word' id='word_1_565' title='bbox 1316 4167 1476 4241; x_wconf 78' lang='lat' dir='ltr'><strong>facile</strong></span> <span class='ocrx_word' id='word_1_566' title='bbox 1523 4169 1742 4241; x_wconf 72' lang='lat' dir='ltr'><strong>poterit,</strong></span> <span class='ocrx_word' id='word_1_567' title='bbox 1789 4163 1833 4241; x_wconf 78' lang='lat' dir='ltr'><strong>si</strong></span> 
     </span>
    </p>
   </div>
   <div class='ocr_carea' id='block_1_72' title="bbox 265 4235 1835 4309">
    <p class='ocr_par' dir='ltr' id='par_1_72' title="bbox 265 4235 1835 4309">
     <span class='ocr_line' id='line_1_73' title="bbox 265 4235 1835 4309; baseline -0.001 -16"><span class='ocrx_word' id='word_1_568' title='bbox 265 4235 620 4309; x_wconf 56' lang='lat' dir='ltr'><strong>quiz&#39;quidem</strong></span> <span class='ocrx_word' id='word_1_569' title='bbox 653 4279 666 4293; x_wconf 98' lang='lat'><strong>.</strong></span> <span class='ocrx_word' id='word_1_570' title='bbox 696 4278 710 4293; x_wconf 95' lang='lat'><strong>.</strong></span> <span class='ocrx_word' id='word_1_571' title='bbox 742 4280 757 4294; x_wconf 94' lang='lat'><strong>.</strong></span> <span class='ocrx_word' id='word_1_572' title='bbox 788 4278 802 4292; x_wconf 92' lang='lat'><strong>.</strong></span> <span class='ocrx_word' id='word_1_573' title='bbox 831 4278 845 4292; x_wconf 97' lang='lat'><strong>.</strong></span> <span class='ocrx_word' id='word_1_574' title='bbox 888 4235 1068 4309; x_wconf 15' lang='lat' dir='ltr'><strong>portat»</strong></span> <span class='ocrx_word' id='word_1_575' title='bbox 1090 4236 1203 4303; x_wconf 80' lang='lat' dir='ltr'><strong>ejus</strong></span> <span class='ocrx_word' id='word_1_576' title='bbox 1244 4235 1490 4309; x_wconf 67' lang='lat' dir='ltr'><strong>verbum,</strong></span> <span class='ocrx_word' id='word_1_577' title='bbox 1528 4238 1835 4309; x_wconf 76' lang='lat' dir='ltr'><strong>parenthesi</strong></span> 
     </span>
    </p>
   </div>
   <div class='ocr_carea' id='block_1_73' title="bbox 269 4305 1839 4376">
    <p class='ocr_par' dir='ltr' id='par_1_73' title="bbox 269 4305 1839 4376">
     <span class='ocr_line' id='line_1_74' title="bbox 269 4305 1839 4376; baseline -0.001 -11"><span class='ocrx_word' id='word_1_578' title='bbox 269 4305 529 4376; x_wconf 79' lang='lat' dir='ltr'><strong>inclusis,</strong></span> <span class='ocrx_word' id='word_1_579' title='bbox 571 4311 674 4364; x_wconf 92' lang='lat' dir='ltr'><strong>hoc</strong></span> <span class='ocrx_word' id='word_1_580' title='bbox 701 4324 937 4372; x_wconf 89' lang='lat' dir='ltr'><strong>comma,</strong></span> <span class='ocrx_word' id='word_1_581' title='bbox 971 4315 1020 4361; x_wconf 89' lang='lat' dir='ltr'><strong>et</strong></span> <span class='ocrx_word' id='word_1_582' title='bbox 1049 4307 1146 4360; x_wconf 82' lang='lat' dir='ltr'><strong>hoc</strong></span> <span class='ocrx_word' id='word_1_583' title='bbox 1180 4320 1252 4361; x_wconf 77' lang='lat' dir='ltr'><strong>est</strong></span> <span class='ocrx_word' id='word_1_584' title='bbox 1291 4305 1536 4374; x_wconf 83' lang='lat' dir='ltr'><strong>Verbum,</strong></span> <span class='ocrx_word' id='word_1_585' title='bbox 1576 4307 1839 4363; x_wconf 82' lang='lat' dir='ltr'><strong>referatur</strong></span> 
     </span>
    </p>
   </div>
   <div class='ocr_carea' id='block_1_74' title="bbox 270 4381 754 4444">
    <p class='ocr_par' dir='ltr' id='par_1_74' title="bbox 270 4381 754 4444">
     <span class='ocr_line' id='line_1_75' title="bbox 270 4381 754 4444; baseline -0.006 -8"><span class='ocrx_word' id='word_1_586' title='bbox 270 4381 340 4436; x_wconf 83' lang='lat' dir='ltr'><strong>ad</strong></span> <span class='ocrx_word' id='word_1_587' title='bbox 368 4382 592 4444; x_wconf 82' lang='lat' dir='ltr'><strong>portavit</strong></span> <span class='ocrx_word' id='word_1_588' title='bbox 619 4395 754 4434; x_wconf 89' lang='lat' dir='ltr'><strong>eum.</strong></span> 
     </span>
    </p>
   </div>
   <div class='ocr_carea' id='block_1_75' title="bbox 346 4446 1836 4522">
    <p class='ocr_par' dir='ltr' id='par_1_75' title="bbox 346 4446 1836 4522">
     <span class='ocr_line' id='line_1_76' title="bbox 346 4446 1836 4522; baseline -0.002 -17"><span class='ocrx_word' id='word_1_589' title='bbox 346 4447 458 4522; x_wconf 73' lang='lat'><strong>(72)</strong></span> <span class='ocrx_word' id='word_1_590' title='bbox 508 4450 834 4522; x_wconf 70' lang='lat' dir='ltr'><strong>Quibusdam</strong></span> <span class='ocrx_word' id='word_1_591' title='bbox 877 4451 1084 4522; x_wconf 80' lang='lat' dir='ltr'><strong>quidem</strong></span> <span class='ocrx_word' id='word_1_592' title='bbox 1129 4448 1415 4522; x_wconf 73' lang='lat' dir='ltr'><strong>secundum</strong></span> <span class='ocrx_word' id='word_1_593' title='bbox 1465 4446 1836 4522; x_wconf 69' lang='lat' dir='ltr'><strong>conditionem.</strong></span> 
     </span>
    </p>
   </div>
   <div class='ocr_carea' id='block_1_76' title="bbox 272 4516 1836 4588">
    <p class='ocr_par' dir='ltr' id='par_1_76' title="bbox 272 4516 1836 4588">
     <span class='ocr_line' id='line_1_77' title="bbox 272 4516 1836 4588; baseline -0.005 -8"><span class='ocrx_word' id='word_1_594' title='bbox 272 4516 533 4588; x_wconf 49' lang='lat' dir='ltr'><strong>Quod?“</strong></span> <span class='ocrx_word' id='word_1_595' title='bbox 562 4516 898 4578; x_wconf 49' lang='lat' dir='ltr'><strong>conditioni}.</strong></span> <span class='ocrx_word' id='word_1_596' title='bbox 934 4521 1149 4575; x_wconf 84' lang='lat' dir='ltr'><strong>additur</strong></span> <span class='ocrx_word' id='word_1_597' title='bbox 1179 4520 1231 4573; x_wconf 90' lang='lat' dir='ltr'><strong>in</strong></span> <span class='ocrx_word' id='word_1_598' title='bbox 1262 4518 1445 4580; x_wconf 92' lang='lat' dir='ltr'><strong>editt.,</strong></span> <span class='ocrx_word' id='word_1_599' title='bbox 1479 4516 1573 4570; x_wconf 88' lang='lat' dir='ltr'><strong>sed</strong></span> <span class='ocrx_word' id='word_1_600' title='bbox 1603 4519 1836 4588; x_wconf 72' lang='lat' dir='ltr'><strong>expunxi</strong></span> 
     </span>
    </p>
   </div>
   <div class='ocr_carea' id='block_1_77' title="bbox 1951 3264 3521 3334">
    <p class='ocr_par' dir='ltr' id='par_1_77' title="bbox 1951 3264 3521 3334">
     <span class='ocr_line' id='line_1_78' title="bbox 1951 3264 3521 3334; baseline -0.001 -16"><span class='ocrx_word' id='word_1_601' title='bbox 1951 3265 2204 3318; x_wconf 88' lang='lat' dir='ltr'><strong>universa</strong></span> <span class='ocrx_word' id='word_1_602' title='bbox 2235 3278 2467 3334; x_wconf 68' lang='lat' dir='ltr'><strong>quisque</strong></span> <span class='ocrx_word' id='word_1_603' title='bbox 2494 3264 2547 3317; x_wconf 91' lang='lat' dir='ltr'><strong>in</strong></span> <span class='ocrx_word' id='word_1_604' title='bbox 2585 3277 2686 3317; x_wconf 88' lang='lat' dir='ltr'><strong>suo</strong></span> <span class='ocrx_word' id='word_1_605' title='bbox 2711 3276 3063 3331; x_wconf 86' lang='lat' dir='ltr'><strong>perseverare</strong></span> <span class='ocrx_word' id='word_1_606' title='bbox 3090 3264 3318 3329; x_wconf 84' lang='lat' dir='ltr'><strong>ordine;</strong></span> <span class='ocrx_word' id='word_1_607' title='bbox 3356 3277 3521 3332; x_wconf 87' lang='lat' dir='ltr'><strong>super</strong></span> 
     </span>
    </p>
   </div>
   <div class='ocr_carea' id='block_1_78' title="bbox 1949 3354 3521 3424">
    <p class='ocr_par' dir='ltr' id='par_1_78' title="bbox 1949 3354 3521 3424">
     <span class='ocr_line' id='line_1_79' title="bbox 1949 3354 3521 3424; baseline 0.001 -15"><span class='ocrx_word' id='word_1_608' title='bbox 1949 3355 2183 3410; x_wconf 73' lang='lat' dir='ltr'><strong>visibilis</strong></span> <span class='ocrx_word' id='word_1_609' title='bbox 2226 3366 2410 3412; x_wconf 83' lang='lat' dir='ltr'><strong>autem</strong></span> <span class='ocrx_word' id='word_1_610' title='bbox 2457 3363 2511 3409; x_wconf 90' lang='lat' dir='ltr'><strong>et</strong></span> <span class='ocrx_word' id='word_1_611' title='bbox 2556 3354 2792 3408; x_wconf 86' lang='lat' dir='ltr'><strong>humana</strong></span> <span class='ocrx_word' id='word_1_612' title='bbox 2833 3368 3070 3424; x_wconf 88' lang='lat' dir='ltr'><strong>regnans</strong></span> <span class='ocrx_word' id='word_1_613' title='bbox 3113 3354 3419 3420; x_wconf 78' lang='lat' dir='ltr'><strong>manifeste,</strong></span> <span class='ocrx_word' id='word_1_614' title='bbox 3464 3363 3521 3410; x_wconf 84' lang='lat' dir='ltr'><strong>et</strong></span> 
     </span>
    </p>
   </div>
   <div class='ocr_carea' id='block_1_79' title="bbox 1949 3445 3517 3517">
    <p class='ocr_par' dir='ltr' id='par_1_79' title="bbox 1949 3445 3517 3517">
     <span class='ocr_line' id='line_1_80' title="bbox 1949 3445 3517 3517; baseline -0.001 -15"><span class='ocrx_word' id='word_1_615' title='bbox 1949 3447 2201 3502; x_wconf 87' lang='lat' dir='ltr'><strong>omnibus</strong></span> <span class='ocrx_word' id='word_1_616' title='bbox 2256 3447 2477 3517; x_wconf 87' lang='lat' dir='ltr'><strong>dignum</strong></span> <span class='ocrx_word' id='word_1_617' title='bbox 2528 3445 2904 3514; x_wconf 88' lang='lat' dir='ltr'><strong>superducens</strong></span> <span class='ocrx_word' id='word_1_618' title='bbox 2951 3447 3157 3517; x_wconf 79' lang='lat' dir='ltr'><strong>justum</strong></span> <span class='ocrx_word' id='word_1_619' title='bbox 3205 3445 3517 3515; x_wconf 89' lang='lat' dir='ltr'><strong>judicium:</strong></span> 
     </span>
    </p>
   </div>
   <div class='ocr_carea' id='block_1_80' title="bbox 2216 3609 3519 3679">
    <p class='ocr_par' dir='ltr' id='par_1_80' title="bbox 2216 3609 3519 3679">
     <span class='ocr_line' id='line_1_81' title="bbox 2216 3609 3519 3679; baseline 0.003 -15"><span class='ocrx_word' id='word_1_620' title='bbox 2216 3611 2261 3641; x_wconf 77' lang='lat'>&quot;</span> <span class='ocrx_word' id='word_1_621' title='bbox 2288 3611 2448 3676; x_wconf 90' lang='lat' dir='ltr'><strong>lbid.,</strong></span> <span class='ocrx_word' id='word_1_622' title='bbox 2483 3611 2799 3679; x_wconf 83' lang='lat' dir='ltr'><strong>lOetseqq.</strong></span> <span class='ocrx_word' id='word_1_623' title='bbox 2878 3609 2922 3641; x_wconf 82' lang='lat'>&quot;</span> <span class='ocrx_word' id='word_1_624' title='bbox 2954 3609 3114 3676; x_wconf 90' lang='lat' dir='ltr'><strong>lbid.,</strong></span> <span class='ocrx_word' id='word_1_625' title='bbox 3137 3611 3222 3666; x_wconf 75' lang='grc' dir='ltr'><strong>Η.</strong></span> <span class='ocrx_word' id='word_1_626' title='bbox 3298 3613 3344 3645; x_wconf 83' lang='grc'><strong>⁸⁸</strong></span> <span class='ocrx_word' id='word_1_627' title='bbox 3381 3611 3519 3668; x_wconf 86' lang='lat' dir='ltr'><strong>Deu-</strong></span> 
     </span>
    </p>
   </div>
   <div class='ocr_carea' id='block_1_81' title="bbox 1947 3817 3518 3884">
    <p class='ocr_par' dir='ltr' id='par_1_81' title="bbox 1947 3817 3518 3884">
     <span class='ocr_line' id='line_1_82' title="bbox 1947 3817 3518 3884; baseline 0.001 -11"><span class='ocrx_word' id='word_1_628' title='bbox 1947 3834 2068 3873; x_wconf 90' lang='lat' dir='ltr'><strong>cum</strong></span> <span class='ocrx_word' id='word_1_629' title='bbox 2101 3818 2192 3880; x_wconf 89' lang='lat' dir='ltr'><strong>sit,</strong></span> <span class='ocrx_word' id='word_1_630' title='bbox 2223 3826 2278 3870; x_wconf 87' lang='lat' dir='ltr'><strong>et</strong></span> <span class='ocrx_word' id='word_1_631' title='bbox 2309 3831 2525 3884; x_wconf 85' lang='lat' dir='ltr'><strong>semper</strong></span> <span class='ocrx_word' id='word_1_632' title='bbox 2553 3830 2938 3884; x_wconf 77' lang='lat' dir='ltr'><strong>perseverans,</strong></span> <span class='ocrx_word' id='word_1_633' title='bbox 2965 3830 3030 3870; x_wconf 83' lang='lat' dir='ltr'><strong>ex</strong></span> <span class='ocrx_word' id='word_1_634' title='bbox 3060 3817 3172 3871; x_wconf 84' lang='lat' dir='ltr'><strong>Deo</strong></span> <span class='ocrx_word' id='word_1_635' title='bbox 3193 3830 3297 3880; x_wconf 85' lang='lat' dir='ltr'><strong>est,</strong></span> <span class='ocrx_word' id='word_1_636' title='bbox 3329 3833 3422 3872; x_wconf 88' lang='lat' dir='ltr'><strong>seu</strong></span> <span class='ocrx_word' id='word_1_637' title='bbox 3451 3835 3518 3875; x_wconf 80' lang='lat' dir='ltr'><strong>ex</strong></span> 
     </span>
    </p>
   </div>
   <div class='ocr_carea' id='block_1_82' title="bbox 1951 3887 3521 3955">
    <p class='ocr_par' dir='ltr' id='par_1_82' title="bbox 1951 3887 3521 3955">
     <span class='ocr_line' id='line_1_83' title="bbox 1951 3887 3521 3955; baseline 0.001 -13"><span class='ocrx_word' id='word_1_638' title='bbox 1951 3889 2042 3942; x_wconf 89' lang='lat' dir='ltr'><strong>Dei</strong></span> <span class='ocrx_word' id='word_1_639' title='bbox 2088 3887 2396 3942; x_wconf 83' lang='lat' dir='ltr'><strong>substantia</strong></span> <span class='ocrx_word' id='word_1_640' title='bbox 2453 3887 2730 3954; x_wconf 85' lang='lat' dir='ltr'><strong>procedit;</strong></span> <span class='ocrx_word' id='word_1_641' title='bbox 2781 3896 2836 3940; x_wconf 93' lang='lat' dir='ltr'><strong>et</strong></span> <span class='ocrx_word' id='word_1_642' title='bbox 2880 3888 2968 3941; x_wconf 93' lang='lat' dir='ltr'><strong>hic</strong></span> <span class='ocrx_word' id='word_1_643' title='bbox 3015 3898 3099 3940; x_wconf 91' lang='lat' dir='ltr'><strong>est</strong></span> <span class='ocrx_word' id='word_1_644' title='bbox 3148 3889 3435 3955; x_wconf 76' lang='lat' dir='ltr'><strong>generatio.</strong></span> <span class='ocrx_word' id='word_1_645' title='bbox 3469 3891 3521 3944; x_wconf 89' lang='lat' dir='ltr'><strong>id</strong></span> 
     </span>
    </p>
   </div>
   <div class='ocr_carea' id='block_1_83' title="bbox 1943 3956 3520 4024">
    <p class='ocr_par' dir='ltr' id='par_1_83' title="bbox 1943 3956 3520 4024">
     <span class='ocr_line' id='line_1_84' title="bbox 1943 3956 3520 4024; baseline 0.002 -13"><span class='ocrx_word' id='word_1_646' title='bbox 1943 3970 2024 4012; x_wconf 82' lang='lat' dir='ltr'><strong>est</strong></span> <span class='ocrx_word' id='word_1_647' title='bbox 2081 3972 2233 4011; x_wconf 73' lang='lat' dir='ltr'><strong>nova:</strong></span> <span class='ocrx_word' id='word_1_648' title='bbox 2263 3957 2632 4024; x_wconf 86' lang='lat' dir='ltr'><strong>generationis</strong></span> <span class='ocrx_word' id='word_1_649' title='bbox 2666 3964 2859 4010; x_wconf 86' lang='lat' dir='ltr'><strong>auctor</strong></span> <span class='ocrx_word' id='word_1_650' title='bbox 2888 3969 2944 4010; x_wconf 87' lang='lat' dir='ltr'><strong>et</strong></span> <span class='ocrx_word' id='word_1_651' title='bbox 2972 3971 3155 4011; x_wconf 82' lang='lat' dir='ltr'><strong>causa.</strong></span> <span class='ocrx_word' id='word_1_652' title='bbox 3192 3956 3346 4013; x_wconf 86' lang='lat' dir='ltr'><strong>.Vide</strong></span> <span class='ocrx_word' id='word_1_653' title='bbox 3378 3961 3520 4014; x_wconf 84' lang='lat' dir='ltr'><strong>cita-</strong></span> 
     </span>
    </p>
   </div>
   <div class='ocr_carea' id='block_1_84' title="bbox 1947 4029 3515 4221">
    <p class='ocr_par' dir='ltr' id='par_1_84' title="bbox 1947 4029 3515 4221">
     <span class='ocr_line' id='line_1_85' title="bbox 1947 4029 3515 4221; baseline 0.003 -72"><span class='ocrx_word' id='word_1_654' title='bbox 1947 4040 2223 4221; x_wconf 52' lang='grc' dir='ltr'><strong>υ]ῐᾷὖῖᾚᾶ</strong></span> <span class='ocrx_word' id='word_1_655' title='bbox 2405 4097 2638 4180; x_wconf 48' lang='lat' dir='ltr'><strong>mundo.</strong></span> <span class='ocrx_word' id='word_1_656' title='bbox 2678 4095 2770 4152; x_wconf 74' lang='lat' dir='ltr'><strong>Sic</strong></span> <span class='ocrx_word' id='word_1_657' title='bbox 2815 4112 3007 4152; x_wconf 88' lang='lat' dir='ltr'><strong>omnes</strong></span> <span class='ocrx_word' id='word_1_658' title='bbox 3048 4113 3202 4163; x_wconf 85' lang='lat' dir='ltr'><strong>mss._,</strong></span> <span class='ocrx_word' id='word_1_659' title='bbox 3250 4110 3304 4154; x_wconf 90' lang='lat' dir='ltr'><strong>at</strong></span> <span class='ocrx_word' id='word_1_660' title='bbox 3337 4099 3515 4162; x_wconf 78' lang='lat' dir='ltr'><strong>Eras.,</strong></span> 
     </span>
     <span class='ocr_line' id='line_1_86' title="bbox 1947 4166 2936 4221; baseline -0.002 0"><span class='ocrx_word' id='word_1_661' title='bbox 1947 4167 2019 4221; x_wconf 87' lang='lat' dir='ltr'><strong>Ga</strong></span> <span class='ocrx_word' id='word_1_662' title='bbox 2048 4169 2146 4221; x_wconf 91' lang='lat' dir='ltr'><strong>las.</strong></span> <span class='ocrx_word' id='word_1_663' title='bbox 2175 4177 2231 4220; x_wconf 90' lang='lat' dir='ltr'><strong>et</strong></span> <span class='ocrx_word' id='word_1_664' title='bbox 2265 4166 2500 4221; x_wconf 88' lang='lat' dir='ltr'><strong>Feuard.</strong></span> <span class='ocrx_word' id='word_1_665' title='bbox 2531 4175 2792 4221; x_wconf 85' lang='lat' dir='ltr'><strong>omittunt</strong></span> <span class='ocrx_word' id='word_1_666' title='bbox 2821 4169 2936 4221; x_wconf 78' lang='lat' dir='ltr'><strong>hoc.</strong></span> 
     </span>
    </p>
   </div>
   <div class='ocr_carea' id='block_1_85' title="bbox 1945 4166 2936 4224">
    <p class='ocr_par' dir='ltr' id='par_1_85' title="bbox 1945 4166 2936 4224">
     <span class='ocr_line' id='line_1_87' title="bbox 1945 4166 2936 4224; baseline -0.005 0"><span class='ocrx_word' id='word_1_667' title='bbox 1945 4166 2146 4224; x_wconf 83' lang='lat' dir='ltr'><strong>Gallas.</strong></span> <span class='ocrx_word' id='word_1_668' title='bbox 2175 4177 2231 4220; x_wconf 90' lang='lat' dir='ltr'><strong>et</strong></span> <span class='ocrx_word' id='word_1_669' title='bbox 2265 4166 2500 4221; x_wconf 88' lang='lat' dir='ltr'><strong>Feuard.</strong></span> <span class='ocrx_word' id='word_1_670' title='bbox 2531 4168 2792 4221; x_wconf 91' lang='lat' dir='ltr'><strong>omittunt</strong></span> <span class='ocrx_word' id='word_1_671' title='bbox 2821 4169 2936 4222; x_wconf 78' lang='lat' dir='ltr'><strong>hoc.</strong></span> 
     </span>
    </p>
   </div>
   <div class='ocr_carea' id='block_1_86' title="bbox 2017 4237 3517 4310">
    <p class='ocr_par' dir='ltr' id='par_1_86' title="bbox 2017 4237 3517 4310">
     <span class='ocr_line' id='line_1_88' title="bbox 2017 4237 3517 4310; baseline 0.001 -19"><span class='ocrx_word' id='word_1_672' title='bbox 2017 4237 2127 4310; x_wconf 70' lang='grc'>(74)</span> <span class='ocrx_word' id='word_1_673' title='bbox 2166 4237 2637 4310; x_wconf 74' lang='lat' dir='ltr'><strong>Dispensationem.</strong></span> <span class='ocrx_word' id='word_1_674' title='bbox 2704 4237 2759 4290; x_wconf 90' lang='lat' dir='ltr'><strong>In</strong></span> <span class='ocrx_word' id='word_1_675' title='bbox 2805 4237 2967 4310; x_wconf 79' lang='lat' dir='ltr'><strong>Merc.</strong></span> <span class='ocrx_word' id='word_1_676' title='bbox 3001 4237 3055 4302; x_wconf 68' lang='lat'><strong>2,</strong></span> <span class='ocrx_word' id='word_1_677' title='bbox 3101 4239 3517 4304; x_wconf 74' lang='lat' dir='ltr'><strong>dispositionem,</strong></span> 
     </span>
    </p>
   </div>
   <div class='ocr_carea' id='block_1_87' title="bbox 1946 4309 3514 4379">
    <p class='ocr_par' dir='ltr' id='par_1_87' title="bbox 1946 4309 3514 4379">
     <span class='ocr_line' id='line_1_89' title="bbox 1946 4309 3514 4379; baseline 0.001 -17"><span class='ocrx_word' id='word_1_678' title='bbox 1946 4309 2045 4364; x_wconf 85' lang='lat' dir='ltr'><strong>nec</strong></span> <span class='ocrx_word' id='word_1_679' title='bbox 2083 4310 2240 4379; x_wconf 74' lang='lat' dir='ltr'><strong>male,</strong></span> <span class='ocrx_word' id='word_1_680' title='bbox 2278 4309 2543 4379; x_wconf 28' lang='lat' dir='ltr'><strong>sicuenim</strong></span> <span class='ocrx_word' id='word_1_681' title='bbox 2573 4309 2886 4379; x_wconf 63' lang='grc' dir='ltr'><strong>οἰκονομξαν.</strong></span> <span class='ocrx_word' id='word_1_682' title='bbox 2924 4323 3064 4375; x_wconf 71' lang='lat' dir='ltr'><strong>stepe</strong></span> <span class='ocrx_word' id='word_1_683' title='bbox 3095 4311 3257 4362; x_wconf 84' lang='lat' dir='ltr'><strong>vertit</strong></span> <span class='ocrx_word' id='word_1_684' title='bbox 3286 4314 3514 4374; x_wconf 70' lang='lat' dir='ltr'><strong>interpr.</strong></span> 
     </span>
    </p>
   </div>
   <div class='ocr_carea' id='block_1_88' title="bbox 1947 4376 3519 4502">
    <p class='ocr_par' dir='ltr' id='par_1_88' title="bbox 1947 4376 3519 4502">
     <span class='ocr_line' id='line_1_90' title="bbox 2016 4376 3519 4448; baseline 0.001 -16"><span class='ocrx_word' id='word_1_685' title='bbox 2016 4377 2125 4448; x_wconf 71' lang='lat'><strong>(75)</strong></span> <span class='ocrx_word' id='word_1_686' title='bbox 2161 4376 2332 4431; x_wconf 87' lang='lat' dir='ltr'><strong>Unum</strong></span> <span class='ocrx_word' id='word_1_687' title='bbox 2365 4377 2587 4431; x_wconf 83' lang='lat' dir='ltr'><strong>Verbum</strong></span> <span class='ocrx_word' id='word_1_688' title='bbox 2617 4378 2735 4435; x_wconf 82' lang='lat' dir='ltr'><strong>Dei.</strong></span> <span class='ocrx_word' id='word_1_689' title='bbox 2756 4376 2765 4379; x_wconf 52' lang='grc'>⁷</span> <span class='ocrx_word' id='word_1_690' title='bbox 2790 4378 2845 4432; x_wconf 87' lang='lat' dir='ltr'><strong>In</strong></span> <span class='ocrx_word' id='word_1_691' title='bbox 2875 4380 3139 4443; x_wconf 84' lang='lat' dir='ltr'><strong>Clarutn.,</strong></span> <span class='ocrx_word' id='word_1_692' title='bbox 3188 4397 3348 4433; x_wconf 79' lang='lat' dir='ltr'><strong>unum</strong></span> <span class='ocrx_word' id='word_1_693' title='bbox 3388 4379 3519 4434; x_wconf 80' lang='lat' dir='ltr'><strong>Ver-</strong></span> 
     </span>
     <span class='ocr_line' id='line_1_91' title="bbox 1947 4449 2259 4502; baseline 0 0"><span class='ocrx_word' id='word_1_694' title='bbox 1947 4451 2065 4502; x_wconf 83' lang='lat' dir='ltr'><strong>bum</strong></span> <span class='ocrx_word' id='word_1_695' title='bbox 2100 4449 2259 4502; x_wconf 77' lang='lat' dir='ltr'><strong>Deus.</strong></span> 
     </span>
    </p>
   </div>
   <div class='ocr_carea' id='block_1_89' title="bbox 2021 4491 3514 4590">
    <p class='ocr_par' dir='ltr' id='par_1_89' title="bbox 2021 4491 3514 4590">
     <span class='ocr_line' id='line_1_92' title="bbox 2021 4491 3514 4590; baseline -0.001 -14"><span class='ocrx_word' id='word_1_696' title='bbox 2021 4491 2318 4590; x_wconf 49' lang='grc' dir='ltr'><strong>(76ΐρῖοά</strong></span> <span class='ocrx_word' id='word_1_697' title='bbox 2343 4537 2434 4586; x_wconf 79' lang='lat' dir='ltr'><strong>per</strong></span> <span class='ocrx_word' id='word_1_698' title='bbox 2462 4535 2658 4573; x_wconf 79' lang='lat' dir='ltr'><strong>omnes.</strong></span> <span class='ocrx_word' id='word_1_699' title='bbox 2699 4519 2788 4573; x_wconf 91' lang='lat' dir='ltr'><strong>Sic</strong></span> <span class='ocrx_word' id='word_1_700' title='bbox 2810 4519 3073 4583; x_wconf 70' lang='lat' dir='ltr'><strong>Clarum,</strong></span> <span class='ocrx_word' id='word_1_701' title='bbox 3099 4521 3279 4585; x_wconf 84' lang='lat' dir='ltr'><strong>Voss.,</strong></span> <span class='ocrx_word' id='word_1_702' title='bbox 3306 4522 3514 4576; x_wconf 82' lang='lat' dir='ltr'><strong>Arund.</strong></span> 
     </span>
    </p>
   </div>
   <div class='ocr_carea' id='block_1_90' title="bbox 271 4585 3515 4659">
    <p class='ocr_par' dir='ltr' id='par_1_90' title="bbox 271 4585 3515 4659">
     <span class='ocr_line' id='line_1_93' title="bbox 271 4585 3515 4659; baseline -0 -14"><span class='ocrx_word' id='word_1_703' title='bbox 271 4585 601 4645; x_wconf 72' lang='lat' dir='ltr'><strong>auctoritate</strong></span> <span class='ocrx_word' id='word_1_704' title='bbox 648 4592 847 4645; x_wconf 87' lang='lat' dir='ltr'><strong>veteris</strong></span> <span class='ocrx_word' id='word_1_705' title='bbox 877 4590 1106 4646; x_wconf 85' lang='lat' dir='ltr'><strong>Feuard.</strong></span> <span class='ocrx_word' id='word_1_706' title='bbox 1140 4591 1284 4652; x_wconf 90' lang='lat' dir='ltr'><strong>cod.,</strong></span> <span class='ocrx_word' id='word_1_707' title='bbox 1322 4588 1477 4641; x_wconf 87' lang='lat' dir='ltr'><strong>Voss.</strong></span> <span class='ocrx_word' id='word_1_708' title='bbox 1511 4603 1573 4659; x_wconf 86' lang='lat' dir='ltr'><strong>ac</strong></span> <span class='ocrx_word' id='word_1_709' title='bbox 1602 4585 1835 4645; x_wconf 79' lang='lat' dir='ltr'><strong>Clarom.</strong></span> <span class='ocrx_word' id='word_1_710' title='bbox 1871 4586 1915 4640; x_wconf 87' lang='lat' dir='ltr'><strong>D</strong></span> <span class='ocrx_word' id='word_1_711' title='bbox 1946 4600 1998 4644; x_wconf 90' lang='lat' dir='ltr'><strong>et</strong></span> <span class='ocrx_word' id='word_1_712' title='bbox 2027 4585 2193 4645; x_wconf 81' lang='lat' dir='ltr'><strong>Crab.</strong></span> <span class='ocrx_word' id='word_1_713' title='bbox 2235 4585 2426 4643; x_wconf 71' lang='lat' dir='ltr'><strong>Caneri</strong></span> <span class='ocrx_word' id='word_1_714' title='bbox 2457 4604 2714 4657; x_wconf 78' lang='lat' dir='ltr'><strong>perverso</strong></span> <span class='ocrx_word' id='word_1_715' title='bbox 2744 4591 2958 4653; x_wconf 78' lang='lat' dir='ltr'><strong>ordine,</strong></span> <span class='ocrx_word' id='word_1_716' title='bbox 2992 4607 3081 4654; x_wconf 85' lang='lat' dir='ltr'><strong>per</strong></span> <span class='ocrx_word' id='word_1_717' title='bbox 3111 4592 3252 4659; x_wconf 84' lang='lat' dir='ltr'><strong>quod</strong></span> <span class='ocrx_word' id='word_1_718' title='bbox 3291 4608 3471 4646; x_wconf 78' lang='lat' dir='ltr'><strong>omnes</strong></span> <span class='ocrx_word' id='word_1_719' title='bbox 3499 4607 3515 4642; x_wconf 90' lang='lat'><em>:</em></span> 
     </span>
    </p>
   </div>
   <div class='ocr_carea' id='block_1_91' title="bbox 273 4658 1841 4732">
    <p class='ocr_par' dir='ltr' id='par_1_91' title="bbox 273 4658 1841 4732">
     <span class='ocr_line' id='line_1_94' title="bbox 273 4658 1841 4732; baseline 0.001 -21"><span class='ocrx_word' id='word_1_720' title='bbox 273 4662 390 4732; x_wconf 82' lang='lat' dir='ltr'><strong>(qui</strong></span> <span class='ocrx_word' id='word_1_721' title='bbox 416 4671 601 4716; x_wconf 83' lang='lat' dir='ltr'><strong>tamen</strong></span> <span class='ocrx_word' id='word_1_722' title='bbox 633 4675 730 4728; x_wconf 92' lang='lat' dir='ltr'><strong>pro</strong></span> <span class='ocrx_word' id='word_1_723' title='bbox 760 4662 1044 4716; x_wconf 73' lang='lat' dir='ltr'><strong>secundum</strong></span> <span class='ocrx_word' id='word_1_724' title='bbox 1075 4661 1446 4732; x_wconf 74' lang='lat' dir='ltr'><strong>conditionem,</strong></span> <span class='ocrx_word' id='word_1_725' title='bbox 1479 4658 1607 4712; x_wconf 86' lang='lat' dir='ltr'><strong>vitio</strong></span> <span class='ocrx_word' id='word_1_726' title='bbox 1649 4660 1841 4732; x_wconf 68' lang='lat' dir='ltr'><strong>scribae</strong></span> 
     </span>
    </p>
   </div>
   <div class='ocr_carea' id='block_1_92' title="bbox 274 4729 1838 4801">
    <p class='ocr_par' dir='ltr' id='par_1_92' title="bbox 274 4729 1838 4801">
     <span class='ocr_line' id='line_1_95' title="bbox 274 4729 1838 4801; baseline -0.003 -15"><span class='ocrx_word' id='word_1_727' title='bbox 274 4729 459 4797; x_wconf 76' lang='lat' dir='ltr'><strong>habet,</strong></span> <span class='ocrx_word' id='word_1_728' title='bbox 491 4733 774 4785; x_wconf 76' lang='lat' dir='ltr'><strong>secundum</strong></span> <span class='ocrx_word' id='word_1_729' title='bbox 810 4731 1169 4801; x_wconf 71' lang='lat' dir='ltr'><strong>conditionis).</strong></span> <span class='ocrx_word' id='word_1_730' title='bbox 1221 4729 1278 4784; x_wconf 79' lang='lat' dir='ltr'><strong>Id</strong></span> <span class='ocrx_word' id='word_1_731' title='bbox 1323 4729 1466 4784; x_wconf 89' lang='lat' dir='ltr'><strong>enim</strong></span> <span class='ocrx_word' id='word_1_732' title='bbox 1512 4744 1539 4801; x_wconf 89' lang='lat' dir='ltr'><strong>_a</strong></span> <span class='ocrx_word' id='word_1_733' title='bbox 1585 4730 1838 4797; x_wconf 83' lang='lat' dir='ltr'><strong>qimpiani</strong></span> 
     </span>
    </p>
   </div>
   <div class='ocr_carea' id='block_1_93' title="bbox 273 4798 1840 4865">
    <p class='ocr_par' dir='ltr' id='par_1_93' title="bbox 273 4798 1840 4865">
     <span class='ocr_line' id='line_1_96' title="bbox 273 4798 1840 4865; baseline -0.003 -8"><span class='ocrx_word' id='word_1_734' title='bbox 273 4803 521 4857; x_wconf 81' lang='lat' dir='ltr'><strong>additum</strong></span> <span class='ocrx_word' id='word_1_735' title='bbox 556 4802 787 4865; x_wconf 85' lang='lat' dir='ltr'><strong>videtur,</strong></span> <span class='ocrx_word' id='word_1_736' title='bbox 834 4804 1025 4855; x_wconf 86' lang='lat' dir='ltr'><strong>harum</strong></span> <span class='ocrx_word' id='word_1_737' title='bbox 1069 4798 1284 4863; x_wconf 77' lang='lat' dir='ltr'><strong>vocum,</strong></span> <span class='ocrx_word' id='word_1_738' title='bbox 1326 4798 1612 4853; x_wconf 81' lang='lat' dir='ltr'><strong>secundum</strong></span> <span class='ocrx_word' id='word_1_739' title='bbox 1654 4801 1840 4852; x_wconf 82' lang='lat' dir='ltr'><strong>condi-</strong></span> 
     </span>
    </p>
   </div>
   <div class='ocr_carea' id='block_1_94' title="bbox 275 4868 1840 4941">
    <p class='ocr_par' dir='ltr' id='par_1_94' title="bbox 275 4868 1840 4941">
     <span class='ocr_line' id='line_1_97' title="bbox 275 4868 1840 4941; baseline -0.003 -15"><span class='ocrx_word' id='word_1_740' title='bbox 275 4875 471 4926; x_wconf 85' lang='lat' dir='ltr'><strong>tionem</strong></span> <span class='ocrx_word' id='word_1_741' title='bbox 499 4872 944 4941; x_wconf 80' lang='lat' dir='ltr'><strong>explicandarum</strong></span> <span class='ocrx_word' id='word_1_742' title='bbox 979 4888 1162 4926; x_wconf 86' lang='lat' dir='ltr'><strong>causa.</strong></span> <span class='ocrx_word' id='word_1_743' title='bbox 1207 4872 1360 4936; x_wconf 85' lang='lat' dir='ltr'><strong>Quod</strong></span> <span class='ocrx_word' id='word_1_744' title='bbox 1388 4883 1518 4941; x_wconf 77' lang='lat' dir='ltr'><strong>vero</strong></span> <span class='ocrx_word' id='word_1_745' title='bbox 1546 4868 1709 4941; x_wconf 75' lang='lat' dir='ltr'><strong>Grai).</strong></span> <span class='ocrx_word' id='word_1_746' title='bbox 1737 4870 1840 4938; x_wconf 81' lang='lat' dir='ltr'><strong>legi</strong></span> 
     </span>
    </p>
   </div>
   <div class='ocr_carea' id='block_1_95' title="bbox 277 4939 1839 5011">
    <p class='ocr_par' dir='ltr' id='par_1_95' title="bbox 277 4939 1839 5011">
     <span class='ocr_line' id='line_1_98' title="bbox 277 4939 1839 5011; baseline -0.004 -13"><span class='ocrx_word' id='word_1_747' title='bbox 277 4944 479 4998; x_wconf 86' lang='lat' dir='ltr'><strong>debere</strong></span> <span class='ocrx_word' id='word_1_748' title='bbox 501 4939 675 5011; x_wconf 83' lang='lat' dir='ltr'><strong>putat,</strong></span> <span class='ocrx_word' id='word_1_749' title='bbox 708 4958 774 4997; x_wconf 80' lang='lat' dir='ltr'><strong>ex</strong></span> <span class='ocrx_word' id='word_1_750' title='bbox 799 4958 865 4997; x_wconf 91' lang='lat' dir='ltr'><strong>eo</strong></span> <span class='ocrx_word' id='word_1_751' title='bbox 893 4945 1034 5010; x_wconf 81' lang='lat' dir='ltr'><strong>quod</strong></span> <span class='ocrx_word' id='word_1_752' title='bbox 1060 4944 1111 4996; x_wconf 92' lang='lat' dir='ltr'><strong>in</strong></span> <span class='ocrx_word' id='word_1_753' title='bbox 1137 4943 1382 5010; x_wconf 85' lang='lat' dir='ltr'><strong>sequenti</strong></span> <span class='ocrx_word' id='word_1_754' title='bbox 1411 4939 1530 4993; x_wconf 88' lang='lat' dir='ltr'><strong>colo</strong></span> <span class='ocrx_word' id='word_1_755' title='bbox 1556 4939 1839 5002; x_wconf 87' lang='lat' dir='ltr'><strong>habeatur,</strong></span> 
     </span>
    </p>
   </div>
   <div class='ocr_carea' id='block_1_96' title="bbox 274 5012 1842 5082">
    <p class='ocr_par' dir='ltr' id='par_1_96' title="bbox 274 5012 1842 5082">
     <span class='ocr_line' id='line_1_99' title="bbox 274 5012 1842 5082; baseline -0.001 -18"><span class='ocrx_word' id='word_1_756' title='bbox 274 5014 417 5082; x_wconf 82' lang='lat' dir='ltr'><strong>quod</strong></span> <span class='ocrx_word' id='word_1_757' title='bbox 447 5022 521 5066; x_wconf 75' lang='lat' dir='ltr'><strong>est</strong></span> <span class='ocrx_word' id='word_1_758' title='bbox 555 5029 618 5066; x_wconf 80' lang='lat' dir='ltr'><strong>ea:</strong></span> <span class='ocrx_word' id='word_1_759' title='bbox 643 5012 774 5078; x_wconf 87' lang='lat' dir='ltr'><strong>Deo,</strong></span> <span class='ocrx_word' id='word_1_760' title='bbox 811 5015 940 5067; x_wconf 90' lang='lat' dir='ltr'><strong>nihil</strong></span> <span class='ocrx_word' id='word_1_761' title='bbox 976 5023 1075 5067; x_wconf 76' lang='lat' dir='ltr'><strong>est.</strong></span> <span class='ocrx_word' id='word_1_762' title='bbox 1127 5013 1274 5068; x_wconf 80' lang='lat' dir='ltr'><strong>Istud</strong></span> <span class='ocrx_word' id='word_1_763' title='bbox 1308 5013 1474 5082; x_wconf 83' lang='lat' dir='ltr'><strong>enim.</strong></span> <span class='ocrx_word' id='word_1_764' title='bbox 1502 5016 1640 5082; x_wconf 77' lang='lat' dir='ltr'><strong>quod</strong></span> <span class='ocrx_word' id='word_1_765' title='bbox 1670 5017 1745 5064; x_wconf 76' lang='lat' dir='ltr'><strong>est</strong></span> <span class='ocrx_word' id='word_1_766' title='bbox 1779 5026 1842 5082; x_wconf 67' lang='lat' dir='ltr'><strong>ea;</strong></span> 
     </span>
    </p>
   </div>
   <div class='ocr_carea' id='block_1_97' title="bbox 278 5080 1842 5155">
    <p class='ocr_par' dir='ltr' id='par_1_97' title="bbox 278 5080 1842 5155">
     <span class='ocr_line' id='line_1_100' title="bbox 278 5080 1842 5155; baseline -0.003 -18"><span class='ocrx_word' id='word_1_767' title='bbox 278 5080 416 5155; x_wconf 63' lang='lat' dir='ltr'><strong>Deo,</strong></span> <span class='ocrx_word' id='word_1_768' title='bbox 461 5099 563 5136; x_wconf 83' lang='lat' dir='ltr'><strong>non</strong></span> <span class='ocrx_word' id='word_1_769' title='bbox 603 5085 893 5155; x_wconf 89' lang='lat' dir='ltr'><strong>opponitur</strong></span> <span class='ocrx_word' id='word_1_770' title='bbox 935 5084 1011 5155; x_wconf 79' lang='grc' dir='ltr'><strong>τῷ</strong></span> <span class='ocrx_word' id='word_1_771' title='bbox 1055 5084 1191 5153; x_wconf 84' lang='lat' dir='ltr'><strong>quod</strong></span> <span class='ocrx_word' id='word_1_772' title='bbox 1229 5092 1300 5136; x_wconf 75' lang='lat' dir='ltr'><strong>est</strong></span> <span class='ocrx_word' id='word_1_773' title='bbox 1342 5080 1700 5155; x_wconf 56' lang='lat' dir='ltr'><strong>conditionis;</strong></span> <span class='ocrx_word' id='word_1_774' title='bbox 1748 5081 1842 5155; x_wconf 84' lang='lat' dir='ltr'><strong>sed</strong></span> 
     </span>
    </p>
   </div>
   <div class='ocr_carea' id='block_1_98' title="bbox 278 5152 1842 5224">
    <p class='ocr_par' dir='ltr' id='par_1_98' title="bbox 278 5152 1842 5224">
     <span class='ocr_line' id='line_1_101' title="bbox 278 5152 1842 5224; baseline -0.002 -19"><span class='ocrx_word' id='word_1_775' title='bbox 278 5153 360 5224; x_wconf 68' lang='grc' dir='ltr'><strong>τῷ</strong></span> <span class='ocrx_word' id='word_1_776' title='bbox 404 5155 541 5220; x_wconf 83' lang='lat' dir='ltr'><strong>quod</strong></span> <span class='ocrx_word' id='word_1_777' title='bbox 582 5165 656 5208; x_wconf 75' lang='lat' dir='ltr'><strong>est</strong></span> <span class='ocrx_word' id='word_1_778' title='bbox 694 5154 913 5223; x_wconf 74' lang='lat' dir='ltr'><strong>factum.</strong></span> <span class='ocrx_word' id='word_1_779' title='bbox 966 5152 1072 5211; x_wconf 11' lang='lat' dir='ltr'><strong>llic?</strong></span> <span class='ocrx_word' id='word_1_780' title='bbox 1108 5155 1271 5224; x_wconf 76' lang='lat' dir='ltr'><strong>igitur</strong></span> <span class='ocrx_word' id='word_1_781' title='bbox 1318 5152 1634 5224; x_wconf 78' lang='lat' dir='ltr'><strong>subobscuri</strong></span> <span class='ocrx_word' id='word_1_782' title='bbox 1686 5152 1842 5224; x_wconf 80' lang='lat' dir='ltr'><strong>istius</strong></span> 
     </span>
    </p>
   </div>
   <div class='ocr_carea' id='block_1_99' title="bbox 280 5218 1840 5294">
    <p class='ocr_par' dir='ltr' id='par_1_99' title="bbox 280 5218 1840 5294">
     <span class='ocr_line' id='line_1_102' title="bbox 280 5218 1840 5294; baseline -0.003 -16"><span class='ocrx_word' id='word_1_783' title='bbox 280 5218 385 5279; x_wconf 55' lang='lat' dir='ltr'><strong>lo&#39;ci</strong></span> <span class='ocrx_word' id='word_1_784' title='bbox 418 5218 614 5278; x_wconf 66' lang='lat' dir='ltr'><strong>Sensus</strong></span> <span class='ocrx_word' id='word_1_785' title='bbox 655 5218 943 5278; x_wconf 43' lang='lat' dir='ltr'><strong>{Verbum</strong></span> <span class='ocrx_word' id='word_1_786' title='bbox 993 5218 1214 5294; x_wconf 60' lang='lat' dir='ltr'><strong>praesint</strong></span> <span class='ocrx_word' id='word_1_787' title='bbox 1260 5222 1840 5294; x_wconf 66' lang='lat' dir='ltr'><strong>spirituuromnibus,</strong></span> 
     </span>
    </p>
   </div>
   <div class='ocr_carea' id='block_1_100' title="bbox 280 5292 1842 5364">
    <p class='ocr_par' dir='ltr' id='par_1_100' title="bbox 280 5292 1842 5364">
     <span class='ocr_line' id='line_1_103' title="bbox 280 5292 1842 5364; baseline -0.002 -16"><span class='ocrx_word' id='word_1_788' title='bbox 280 5295 735 5364; x_wconf 87' lang='lat' dir='ltr'><strong>quemadmodum</strong></span> <span class='ocrx_word' id='word_1_789' title='bbox 773 5295 883 5346; x_wconf 89' lang='lat' dir='ltr'><strong>vult</strong></span> <span class='ocrx_word' id='word_1_790' title='bbox 918 5292 1098 5360; x_wconf 82' lang='lat' dir='ltr'><strong>Pater,</strong></span> <span class='ocrx_word' id='word_1_791' title='bbox 1126 5294 1218 5348; x_wconf 87' lang='lat' dir='ltr'><strong>sed</strong></span> <span class='ocrx_word' id='word_1_792' title='bbox 1250 5307 1354 5346; x_wconf 91' lang='lat' dir='ltr'><strong>non</strong></span> <span class='ocrx_word' id='word_1_793' title='bbox 1384 5292 1657 5364; x_wconf 72' lang='lat' dir='ltr'><strong>eumdem.</strong></span> <span class='ocrx_word' id='word_1_794' title='bbox 1707 5293 1842 5345; x_wconf 81' lang='lat' dir='ltr'><strong>Aliis</strong></span> 
     </span>
    </p>
   </div>
   <div class='ocr_carea' id='block_1_101' title="bbox 282 5361 1842 5434">
    <p class='ocr_par' dir='ltr' id='par_1_101' title="bbox 282 5361 1842 5434">
     <span class='ocr_line' id='line_1_104' title="bbox 282 5361 1842 5434; baseline -0.003 -16"><span class='ocrx_word' id='word_1_795' title='bbox 282 5361 503 5434; x_wconf 76' lang='lat' dir='ltr'><strong>quidem</strong></span> <span class='ocrx_word' id='word_1_796' title='bbox 558 5372 774 5431; x_wconf 68' lang='lat' dir='ltr'><strong>prmstat</strong></span> <span class='ocrx_word' id='word_1_797' title='bbox 823 5367 1070 5433; x_wconf 78' lang='lat' dir='ltr'><strong>spiritum</strong></span> <span class='ocrx_word' id='word_1_798' title='bbox 1115 5364 1401 5417; x_wconf 72' lang='lat' dir='ltr'><strong>secundum</strong></span> <span class='ocrx_word' id='word_1_799' title='bbox 1461 5361 1842 5434; x_wconf 79' lang='lat' dir='ltr'><strong>conditionem,</strong></span> 
     </span>
    </p>
   </div>
   <div class='ocr_carea' id='block_1_102' title="bbox 282 5432 1844 5502">
    <p class='ocr_par' dir='ltr' id='par_1_102' title="bbox 282 5432 1844 5502">
     <span class='ocr_line' id='line_1_105' title="bbox 282 5432 1844 5502; baseline -0.002 -13"><span class='ocrx_word' id='word_1_800' title='bbox 282 5432 339 5489; x_wconf 80' lang='lat' dir='ltr'><strong>id</strong></span> <span class='ocrx_word' id='word_1_801' title='bbox 366 5443 449 5488; x_wconf 87' lang='lat' dir='ltr'><strong>est</strong></span> <span class='ocrx_word' id='word_1_802' title='bbox 473 5432 736 5500; x_wconf 88' lang='lat' dir='ltr'><strong>Spiritum</strong></span> <span class='ocrx_word' id='word_1_803' title='bbox 768 5432 860 5502; x_wconf 87' lang='lat' dir='ltr'><strong>qui</strong></span> <span class='ocrx_word' id='word_1_804' title='bbox 887 5439 1051 5490; x_wconf 88' lang='lat' dir='ltr'><strong>rebus</strong></span> <span class='ocrx_word' id='word_1_805' title='bbox 1082 5436 1281 5488; x_wconf 87' lang='lat' dir='ltr'><strong>creatis</strong></span> <span class='ocrx_word' id='word_1_806' title='bbox 1313 5432 1619 5486; x_wconf 85' lang='lat' dir='ltr'><strong>viventibus</strong></span> <span class='ocrx_word' id='word_1_807' title='bbox 1645 5447 1844 5486; x_wconf 89' lang='lat' dir='ltr'><strong>conve-</strong></span> 
     </span>
    </p>
   </div>
   <div class='ocr_carea' id='block_1_103' title="bbox 284 5502 1839 5572">
    <p class='ocr_par' dir='ltr' id='par_1_103' title="bbox 284 5502 1839 5572">
     <span class='ocr_line' id='line_1_106' title="bbox 284 5502 1839 5572; baseline 0 -14"><span class='ocrx_word' id='word_1_808' title='bbox 284 5506 421 5571; x_wconf 88' lang='lat' dir='ltr'><strong>niat,</strong></span> <span class='ocrx_word' id='word_1_809' title='bbox 473 5502 710 5558; x_wconf 77' lang='lat' dir='ltr'><strong>alﬂatum</strong></span> <span class='ocrx_word' id='word_1_810' title='bbox 759 5504 966 5560; x_wconf 87' lang='lat' dir='ltr'><strong>scilicet</strong></span> <span class='ocrx_word' id='word_1_811' title='bbox 1014 5509 1155 5568; x_wconf 63' lang='lat' dir='ltr'><strong>vitae,</strong></span> <span class='ocrx_word' id='word_1_812' title='bbox 1208 5513 1266 5557; x_wconf 91' lang='lat' dir='ltr'><strong>ut</strong></span> <span class='ocrx_word' id='word_1_813' title='bbox 1293 5504 1531 5572; x_wconf 89' lang='lat' dir='ltr'><strong>loquitur</strong></span> <span class='ocrx_word' id='word_1_814' title='bbox 1576 5517 1692 5570; x_wconf 83' lang='lat' dir='ltr'><strong>cap.</strong></span> <span class='ocrx_word' id='word_1_815' title='bbox 1750 5504 1839 5566; x_wconf 69' lang='grc'><strong>12,</strong></span> 
     </span>
    </p>
   </div>
   <div class='ocr_carea' id='block_1_104' title="bbox 283 5573 1848 5645">
    <p class='ocr_par' dir='ltr' id='par_1_104' title="bbox 283 5573 1848 5645">
     <span class='ocr_line' id='line_1_107' title="bbox 283 5573 1848 5645; baseline -0.002 -17"><span class='ocrx_word' id='word_1_816' title='bbox 283 5577 430 5645; x_wconf 80' lang='lat' dir='ltr'><strong>quod</strong></span> <span class='ocrx_word' id='word_1_817' title='bbox 453 5576 665 5639; x_wconf 88' lang='lat' dir='ltr'><strong>quidem</strong></span> <span class='ocrx_word' id='word_1_818' title='bbox 691 5573 926 5645; x_wconf 84' lang='lat' dir='ltr'><strong>Spiritus</strong></span> <span class='ocrx_word' id='word_1_819' title='bbox 951 5592 1118 5641; x_wconf 84' lang='lat' dir='ltr'><strong>genus</strong></span> <span class='ocrx_word' id='word_1_820' title='bbox 1147 5573 1578 5645; x_wconf 10' lang='lat' dir='ltr'><strong>temporateicum</strong></span> <span class='ocrx_word' id='word_1_821' title='bbox 1606 5575 1711 5645; x_wconf 76' lang='lat' dir='ltr'><strong>sit,</strong></span> <span class='ocrx_word' id='word_1_822' title='bbox 1762 5574 1848 5641; x_wconf 74' lang='lat' dir='ltr'><strong>fa-</strong></span> 
     </span>
    </p>
   </div>
   <div class='ocr_carea' id='block_1_105' title="bbox 286 5643 1844 5712">
    <p class='ocr_par' dir='ltr' id='par_1_105' title="bbox 286 5643 1844 5712">
     <span class='ocr_line' id='line_1_108' title="bbox 286 5643 1844 5712; baseline -0.001 -13"><span class='ocrx_word' id='word_1_823' title='bbox 286 5643 429 5699; x_wconf 71' lang='lat' dir='ltr'><strong>ctum</strong></span> <span class='ocrx_word' id='word_1_824' title='bbox 460 5656 556 5709; x_wconf 74' lang='lat' dir='ltr'><strong>est,</strong></span> <span class='ocrx_word' id='word_1_825' title='bbox 584 5657 678 5697; x_wconf 89' lang='lat' dir='ltr'><strong>seu</strong></span> <span class='ocrx_word' id='word_1_826' title='bbox 709 5644 917 5712; x_wconf 77' lang='lat' dir='ltr'><strong>factura</strong></span> <span class='ocrx_word' id='word_1_827' title='bbox 948 5657 1044 5711; x_wconf 82' lang='lat' dir='ltr'><strong>est,</strong></span> <span class='ocrx_word' id='word_1_828' title='bbox 1088 5655 1146 5700; x_wconf 88' lang='lat' dir='ltr'><strong>ut</strong></span> <span class='ocrx_word' id='word_1_829' title='bbox 1173 5645 1370 5698; x_wconf 87' lang='lat' dir='ltr'><strong>ibidem</strong></span> <span class='ocrx_word' id='word_1_830' title='bbox 1405 5644 1516 5708; x_wconf 86' lang='lat' dir='ltr'><strong>ait;</strong></span> <span class='ocrx_word' id='word_1_831' title='bbox 1569 5643 1689 5697; x_wconf 86' lang='lat' dir='ltr'><strong>aliis</strong></span> <span class='ocrx_word' id='word_1_832' title='bbox 1718 5658 1844 5697; x_wconf 84' lang='lat' dir='ltr'><strong>vero</strong></span> 
     </span>
    </p>
   </div>
   <div class='ocr_carea' id='block_1_106' title="bbox 287 5713 1842 5785">
    <p class='ocr_par' dir='ltr' id='par_1_106' title="bbox 287 5713 1842 5785">
     <span class='ocr_line' id='line_1_109' title="bbox 287 5713 1842 5785; baseline -0.001 -17"><span class='ocrx_word' id='word_1_833' title='bbox 287 5723 510 5782; x_wconf 74' lang='lat' dir='ltr'><strong>pra-stat</strong></span> <span class='ocrx_word' id='word_1_834' title='bbox 556 5713 817 5782; x_wconf 81' lang='lat' dir='ltr'><strong>Spiritum</strong></span> <span class='ocrx_word' id='word_1_835' title='bbox 858 5717 1181 5785; x_wconf 89' lang='lat' dir='ltr'><strong>adoptionis,</strong></span> <span class='ocrx_word' id='word_1_836' title='bbox 1226 5729 1318 5768; x_wconf 87' lang='lat' dir='ltr'><strong>seu</strong></span> <span class='ocrx_word' id='word_1_837' title='bbox 1364 5715 1623 5782; x_wconf 79' lang='lat' dir='ltr'><strong>Spiritum</strong></span> <span class='ocrx_word' id='word_1_838' title='bbox 1668 5714 1842 5766; x_wconf 81' lang='lat' dir='ltr'><strong>viviti-</strong></span> 
     </span>
    </p>
   </div>
   <div class='ocr_carea' id='block_1_107' title="bbox 287 5786 1845 5856">
    <p class='ocr_par' dir='ltr' id='par_1_107' title="bbox 287 5786 1845 5856">
     <span class='ocr_line' id='line_1_110' title="bbox 287 5786 1845 5856; baseline -0.004 -15"><span class='ocrx_word' id='word_1_839' title='bbox 287 5797 535 5856; x_wconf 67' lang='lat' dir='ltr'><strong>cantem,</strong></span> <span class='ocrx_word' id='word_1_840' title='bbox 556 5786 647 5853; x_wconf 92' lang='lat' dir='ltr'><strong>qui</strong></span> <span class='ocrx_word' id='word_1_841' title='bbox 674 5797 942 5853; x_wconf 85' lang='lat' dir='ltr'><strong>congruat</strong></span> <span class='ocrx_word' id='word_1_842' title='bbox 970 5786 1265 5856; x_wconf 85' lang='lat' dir='ltr'><strong>adoptioni.</strong></span> <span class='ocrx_word' id='word_1_843' title='bbox 1297 5795 1349 5839; x_wconf 87' lang='lat' dir='ltr'><strong>et</strong></span> <span class='ocrx_word' id='word_1_844' title='bbox 1382 5800 1475 5852; x_wconf 85' lang='lat' dir='ltr'><strong>per</strong></span> <span class='ocrx_word' id='word_1_845' title='bbox 1501 5799 1659 5856; x_wconf 79' lang='lat' dir='ltr'><strong>quem</strong></span> <span class='ocrx_word' id='word_1_846' title='bbox 1687 5786 1845 5852; x_wconf 76' lang='lat' dir='ltr'><strong>spiri-</strong></span> 
     </span>
    </p>
   </div>
   <div class='ocr_carea' id='block_1_108' title="bbox 290 5854 1843 5928">
    <p class='ocr_par' dir='ltr' id='par_1_108' title="bbox 290 5854 1843 5928">
     <span class='ocr_line' id='line_1_111' title="bbox 290 5854 1843 5928; baseline -0.004 -13"><span class='ocrx_word' id='word_1_847' title='bbox 290 5855 428 5915; x_wconf 67' lang='lat' dir='ltr'><strong>tales</strong></span> <span class='ocrx_word' id='word_1_848' title='bbox 459 5855 758 5916; x_wconf 78' lang='lat' dir='ltr'><strong>elliciantur</strong></span> <span class='ocrx_word' id='word_1_849' title='bbox 786 5856 1031 5913; x_wconf 86' lang='lat' dir='ltr'><strong>homines</strong></span> <span class='ocrx_word' id='word_1_850' title='bbox 1056 5854 1086 5924; x_wconf 54' lang='grc' dir='ltr'><em>ί</em></span> <span class='ocrx_word' id='word_1_851' title='bbox 1104 5861 1193 5928; x_wconf 92' lang='lat' dir='ltr'><strong>qui</strong></span> <span class='ocrx_word' id='word_1_852' title='bbox 1227 5855 1458 5928; x_wconf 89' lang='lat' dir='ltr'><strong>Spiritus</strong></span> <span class='ocrx_word' id='word_1_853' title='bbox 1486 5854 1843 5927; x_wconf 82' lang='lat' dir='ltr'><strong>sempiternus</strong></span> 
     </span>
    </p>
   </div>
   <div class='ocr_carea' id='block_1_109' title="bbox 1943 4659 3518 4730">
    <p class='ocr_par' dir='ltr' id='par_1_109' title="bbox 1943 4659 3518 4730">
     <span class='ocr_line' id='line_1_112' title="bbox 1943 4659 3518 4730; baseline 0.003 -19"><span class='ocrx_word' id='word_1_854' title='bbox 1943 4661 2170 4730; x_wconf 86' lang='lat' dir='ltr'><strong>quilibet</strong></span> <span class='ocrx_word' id='word_1_855' title='bbox 2215 4659 2367 4730; x_wconf 16' lang='lat' dir='ltr'><strong>enim»</strong></span> <span class='ocrx_word' id='word_1_856' title='bbox 2411 4661 2554 4713; x_wconf 89' lang='lat' dir='ltr'><strong>videt</strong></span> <span class='ocrx_word' id='word_1_857' title='bbox 2607 4659 2863 4716; x_wconf 64' lang='lat' dir='ltr'><strong>Irenaeum</strong></span> <span class='ocrx_word' id='word_1_858' title='bbox 2917 4662 3187 4730; x_wconf 78' lang='lat' dir='ltr'><strong>respicere</strong></span> <span class='ocrx_word' id='word_1_859' title='bbox 3233 4664 3298 4716; x_wconf 89' lang='lat' dir='ltr'><strong>ad</strong></span> <span class='ocrx_word' id='word_1_860' title='bbox 3351 4662 3518 4716; x_wconf 82' lang='lat' dir='ltr'><strong>verba</strong></span> 
     </span>
    </p>
   </div>
   <div class='ocr_carea' id='block_1_110' title="bbox 1940 4727 2619 4800">
    <p class='ocr_par' dir='ltr' id='par_1_110' title="bbox 1940 4727 2619 4800">
     <span class='ocr_line' id='line_1_113' title="bbox 1940 4727 2619 4800; baseline 0.001 -16"><span class='ocrx_word' id='word_1_861' title='bbox 1940 4727 2188 4800; x_wconf 68' lang='lat' dir='ltr'><strong>Apostoli</strong></span> <span class='ocrx_word' id='word_1_862' title='bbox 2222 4727 2421 4796; x_wconf 81' lang='lat' dir='ltr'><strong>Ephés.</strong></span> <span class='ocrx_word' id='word_1_863' title='bbox 2459 4745 2535 4793; x_wconf 91' lang='lat' dir='ltr'><strong>tv,</strong></span> <span class='ocrx_word' id='word_1_864' title='bbox 2567 4732 2619 4785; x_wconf 87' lang='lat'><strong>6.</strong></span> 
     </span>
    </p>
   </div>
   <div class='ocr_carea' id='block_1_111' title="bbox 2012 4799 3513 4871">
    <p class='ocr_par' dir='ltr' id='par_1_111' title="bbox 2012 4799 3513 4871">
     <span class='ocr_line' id='line_1_114' title="bbox 2012 4799 3513 4871; baseline 0.003 -20"><span class='ocrx_word' id='word_1_865' title='bbox 2012 4800 2129 4871; x_wconf 87' lang='grc'>(77)</span> <span class='ocrx_word' id='word_1_866' title='bbox 2159 4799 2503 4871; x_wconf 78' lang='lat' dir='ltr'><strong>Inviu‘bititer</strong></span> <span class='ocrx_word' id='word_1_867' title='bbox 2530 4802 2686 4855; x_wconf 80' lang='lat' dir='ltr'><strong>venit.</strong></span> <span class='ocrx_word' id='word_1_868' title='bbox 2748 4799 2804 4853; x_wconf 90' lang='lat' dir='ltr'><strong>lu</strong></span> <span class='ocrx_word' id='word_1_869' title='bbox 2839 4801 2997 4854; x_wconf 85' lang='lat' dir='ltr'><strong>Eras.</strong></span> <span class='ocrx_word' id='word_1_870' title='bbox 3033 4811 3085 4854; x_wconf 93' lang='lat' dir='ltr'><strong>et</strong></span> <span class='ocrx_word' id='word_1_871' title='bbox 3113 4799 3313 4854; x_wconf 89' lang='lat' dir='ltr'><strong>Gallas.</strong></span> <span class='ocrx_word' id='word_1_872' title='bbox 3350 4803 3513 4866; x_wconf 86' lang='lat' dir='ltr'><strong>male,</strong></span> 
     </span>
    </p>
   </div>
   <div class='ocr_carea' id='block_1_112' title="bbox 1943 4870 3511 4940">
    <p class='ocr_par' dir='ltr' id='par_1_112' title="bbox 1943 4870 3511 4940">
     <span class='ocr_line' id='line_1_115' title="bbox 1943 4870 3511 4940; baseline 0.003 -18"><span class='ocrx_word' id='word_1_873' title='bbox 1943 4870 2278 4940; x_wconf 56' lang='lat' dir='ltr'><strong>invisibiliter</strong></span> <span class='ocrx_word' id='word_1_874' title='bbox 2312 4872 2512 4939; x_wconf 73' lang='lat' dir='ltr'><strong>pbnit.,</strong></span> <span class='ocrx_word' id='word_1_875' title='bbox 2539 4873 2645 4925; x_wconf 87' lang='lat' dir='ltr'><strong>Sed</strong></span> <span class='ocrx_word' id='word_1_876' title='bbox 2689 4871 2994 4940; x_wconf 86' lang='lat' dir='ltr'><strong>legendum,</strong></span> <span class='ocrx_word' id='word_1_877' title='bbox 3040 4873 3319 4924; x_wconf 75' lang='lat' dir='ltr'><strong>riaibiliter</strong></span> <span class='ocrx_word' id='word_1_878' title='bbox 3349 4875 3511 4926; x_wconf 83' lang='lat' dir='ltr'><strong>venit.</strong></span> 
     </span>
    </p>
   </div>
   <div class='ocr_carea' id='block_1_113' title="bbox 2014 4939 3514 5013">
    <p class='ocr_par' dir='ltr' id='par_1_113' title="bbox 2014 4939 3514 5013">
     <span class='ocr_line' id='line_1_116' title="bbox 2014 4939 3514 5013; baseline 0.002 -20"><span class='ocrx_word' id='word_1_879' title='bbox 2014 4941 2125 5013; x_wconf 89' lang='grc'>(78)</span> <span class='ocrx_word' id='word_1_880' title='bbox 2163 4939 2386 5013; x_wconf 52' lang='lat' dir='ltr'><strong>factum</strong></span> <span class='ocrx_word' id='word_1_881' title='bbox 2420 4951 2526 5013; x_wconf 50' lang='lat' dir='ltr'><strong>est;</strong></span> <span class='ocrx_word' id='word_1_882' title='bbox 2591 4939 2814 4994; x_wconf 83' lang='lat' dir='ltr'><strong>Verbum</strong></span> <span class='ocrx_word' id='word_1_883' title='bbox 2860 4956 3147 5010; x_wconf 85' lang='lat' dir='ltr'><strong>perperam</strong></span> <span class='ocrx_word' id='word_1_884' title='bbox 3194 4942 3414 4996; x_wconf 86' lang='lat' dir='ltr'><strong>additur</strong></span> <span class='ocrx_word' id='word_1_885' title='bbox 3461 4945 3514 4996; x_wconf 92' lang='lat' dir='ltr'><strong>iu</strong></span> 
     </span>
    </p>
   </div>
   <div class='ocr_carea' id='block_1_114' title="bbox 1944 5009 2914 5073">
    <p class='ocr_par' dir='ltr' id='par_1_114' title="bbox 1944 5009 2914 5073">
     <span class='ocr_line' id='line_1_117' title="bbox 1944 5009 2914 5073; baseline -0.005 -7"><span class='ocrx_word' id='word_1_886' title='bbox 1944 5009 2127 5073; x_wconf 42' lang='lat' dir='ltr'><strong>Erasg</strong></span> <span class='ocrx_word' id='word_1_887' title='bbox 2161 5011 2365 5071; x_wconf 79' lang='lat' dir='ltr'><strong>Gallas.</strong></span> <span class='ocrx_word' id='word_1_888' title='bbox 2404 5021 2455 5065; x_wconf 87' lang='lat' dir='ltr'><strong>et</strong></span> <span class='ocrx_word' id='word_1_889' title='bbox 2487 5009 2723 5068; x_wconf 83' lang='lat' dir='ltr'><strong>Feuard.</strong></span> <span class='ocrx_word' id='word_1_890' title='bbox 2759 5013 2914 5064; x_wconf 80' lang='lat' dir='ltr'><strong>editi.</strong></span> 
     </span>
    </p>
   </div>
   <div class='ocr_carea' id='block_1_115' title="bbox 2015 5079 3514 5155">
    <p class='ocr_par' dir='ltr' id='par_1_115' title="bbox 2015 5079 3514 5155">
     <span class='ocr_line' id='line_1_118' title="bbox 2015 5079 3514 5155; baseline 0.002 -21"><span class='ocrx_word' id='word_1_891' title='bbox 2015 5083 2126 5155; x_wconf 88' lang='lat'><strong>(79)</strong></span> <span class='ocrx_word' id='word_1_892' title='bbox 2159 5081 2227 5134; x_wconf 83' lang='lat' dir='ltr'><strong>Et</strong></span> <span class='ocrx_word' id='word_1_893' title='bbox 2273 5099 2375 5137; x_wconf 89' lang='lat' dir='ltr'><strong>non</strong></span> <span class='ocrx_word' id='word_1_894' title='bbox 2408 5082 2758 5155; x_wconf 33' lang='lat' dir='ltr'><strong>credesuvita:</strong></span> <span class='ocrx_word' id='word_1_895' title='bbox 2803 5091 2928 5134; x_wconf 77' lang='lat' dir='ltr'><strong>tuw.</strong></span> <span class='ocrx_word' id='word_1_896' title='bbox 2991 5083 3044 5135; x_wconf 93' lang='lat' dir='ltr'><strong>In</strong></span> <span class='ocrx_word' id='word_1_897' title='bbox 3091 5079 3271 5146; x_wconf 85' lang='lat' dir='ltr'><strong>Voss.,</strong></span> <span class='ocrx_word' id='word_1_898' title='bbox 3314 5093 3363 5138; x_wconf 89' lang='lat' dir='ltr'><strong>et</strong></span> <span class='ocrx_word' id='word_1_899' title='bbox 3410 5098 3514 5155; x_wconf 83' lang='lat' dir='ltr'><strong>non</strong></span> 
     </span>
    </p>
   </div>
   <div class='ocr_carea' id='block_1_116' title="bbox 1944 5152 3513 5221">
    <p class='ocr_par' dir='ltr' id='par_1_116' title="bbox 1944 5152 3513 5221">
     <span class='ocr_line' id='line_1_119' title="bbox 1944 5152 3513 5221; baseline -0.001 -13"><span class='ocrx_word' id='word_1_900' title='bbox 1944 5152 2120 5208; x_wconf 78' lang='lat' dir='ltr'><strong>credes</strong></span> <span class='ocrx_word' id='word_1_901' title='bbox 2168 5163 2215 5205; x_wconf 89' lang='lat' dir='ltr'><strong>te</strong></span> <span class='ocrx_word' id='word_1_902' title='bbox 2252 5155 2366 5205; x_wconf 75' lang='lat' dir='ltr'><strong>vita:</strong></span> <span class='ocrx_word' id='word_1_903' title='bbox 2405 5165 2530 5209; x_wconf 73' lang='lat' dir='ltr'><strong>tum.</strong></span> <span class='ocrx_word' id='word_1_904' title='bbox 2591 5152 2702 5206; x_wconf 89' lang='lat' dir='ltr'><strong>Hoc</strong></span> <span class='ocrx_word' id='word_1_905' title='bbox 2736 5168 2860 5204; x_wconf 80' lang='lat' dir='ltr'><strong>vero</strong></span> <span class='ocrx_word' id='word_1_906' title='bbox 2899 5167 3134 5215; x_wconf 77' lang='lat' dir='ltr'><strong>comma,</strong></span> <span class='ocrx_word' id='word_1_907' title='bbox 3179 5155 3320 5221; x_wconf 91' lang='lat' dir='ltr'><strong>quod</strong></span> <span class='ocrx_word' id='word_1_908' title='bbox 3347 5153 3513 5207; x_wconf 85' lang='lat' dir='ltr'><strong>etiam</strong></span> 
     </span>
    </p>
   </div>
   <div class='ocr_carea' id='block_1_117' title="bbox 1945 5222 3510 5293">
    <p class='ocr_par' dir='ltr' id='par_1_117' title="bbox 1945 5222 3510 5293">
     <span class='ocr_line' id='line_1_120' title="bbox 1945 5222 3510 5293; baseline -0.001 -16"><span class='ocrx_word' id='word_1_909' title='bbox 1945 5225 2212 5293; x_wconf 78' lang='lat' dir='ltr'><strong>allegatur</strong></span> <span class='ocrx_word' id='word_1_910' title='bbox 2257 5240 2285 5276; x_wconf 91' lang='lat' dir='ltr'><strong>a</strong></span> <span class='ocrx_word' id='word_1_911' title='bbox 2331 5222 2561 5277; x_wconf 85' lang='lat' dir='ltr'><strong>Tertull.</strong></span> <span class='ocrx_word' id='word_1_912' title='bbox 2599 5225 2690 5276; x_wconf 87' lang='lat' dir='ltr'><strong>lib.</strong></span> <span class='ocrx_word' id='word_1_913' title='bbox 2723 5229 2925 5276; x_wconf 75' lang='lat' dir='ltr'><strong>advers.</strong></span> <span class='ocrx_word' id='word_1_914' title='bbox 2958 5223 3088 5293; x_wconf 17' lang='lat' dir='ltr'><strong>qud.</strong></span> <span class='ocrx_word' id='word_1_915' title='bbox 3127 5237 3246 5288; x_wconf 86' lang='lat' dir='ltr'><strong>cap.</strong></span> <span class='ocrx_word' id='word_1_916' title='bbox 3288 5223 3342 5275; x_wconf 82' lang='grc' dir='ltr'>Η</span> <span class='ocrx_word' id='word_1_917' title='bbox 3370 5223 3510 5291; x_wconf 75' lang='lat' dir='ltr'><strong>;Cy-—</strong></span> 
     </span>
    </p>
   </div>
   <div class='ocr_carea' id='block_1_118' title="bbox 1946 5292 3516 5363">
    <p class='ocr_par' dir='ltr' id='par_1_118' title="bbox 1946 5292 3516 5363">
     <span class='ocr_line' id='line_1_121' title="bbox 1946 5292 3516 5363; baseline 0.001 -17"><span class='ocrx_word' id='word_1_918' title='bbox 1946 5292 2135 5363; x_wconf 75' lang='lat' dir='ltr'><strong>priano</strong></span> <span class='ocrx_word' id='word_1_919' title='bbox 2183 5294 2278 5347; x_wconf 90' lang='lat' dir='ltr'><strong>lib.</strong></span> <span class='ocrx_word' id='word_1_920' title='bbox 2314 5310 2348 5347; x_wconf 90' lang='lat' dir='ltr'><strong>ll</strong></span> <span class='ocrx_word' id='word_1_921' title='bbox 2397 5293 2634 5359; x_wconf 73' lang='lat' dir='ltr'><strong>Testim.,</strong></span> <span class='ocrx_word' id='word_1_922' title='bbox 2674 5308 2793 5360; x_wconf 90' lang='lat' dir='ltr'><strong>cap.</strong></span> <span class='ocrx_word' id='word_1_923' title='bbox 2831 5294 2937 5356; x_wconf 70' lang='lat'><strong>20;</strong></span> <span class='ocrx_word' id='word_1_924' title='bbox 2981 5292 3267 5363; x_wconf 64' lang='lat' dir='ltr'><strong>Lactantio</strong></span> <span class='ocrx_word' id='word_1_925' title='bbox 3311 5294 3406 5348; x_wconf 78' lang='lat' dir='ltr'><strong>lib.</strong></span> <span class='ocrx_word' id='word_1_926' title='bbox 3439 5309 3516 5354; x_wconf 72' lang='lat' dir='ltr'><strong>tv,</strong></span> 
     </span>
    </p>
   </div>
   <div class='ocr_carea' id='block_1_119' title="bbox 1944 5361 3511 5434">
    <p class='ocr_par' dir='ltr' id='par_1_119' title="bbox 1944 5361 3511 5434">
     <span class='ocr_line' id='line_1_122' title="bbox 1944 5361 3511 5434; baseline -0.003 -15"><span class='ocrx_word' id='word_1_927' title='bbox 1944 5361 2062 5432; x_wconf 74' lang='lat' dir='ltr'><strong>eap.</strong></span> <span class='ocrx_word' id='word_1_928' title='bbox 2103 5365 2204 5430; x_wconf 79' lang='lat' dir='ltr'><strong>l8;</strong></span> <span class='ocrx_word' id='word_1_929' title='bbox 2254 5365 2479 5432; x_wconf 81' lang='lat' dir='ltr'><strong>August.</strong></span> <span class='ocrx_word' id='word_1_930' title='bbox 2518 5367 2612 5417; x_wconf 89' lang='lat' dir='ltr'><strong>lib.</strong></span> <span class='ocrx_word' id='word_1_931' title='bbox 2647 5379 2742 5418; x_wconf 77' lang='lat' dir='ltr'><strong>xv1</strong></span> <span class='ocrx_word' id='word_1_932' title='bbox 2787 5371 2958 5419; x_wconf 84' lang='lat' dir='ltr'><strong>contr.</strong></span> <span class='ocrx_word' id='word_1_933' title='bbox 2995 5361 3210 5434; x_wconf 82' lang='lat' dir='ltr'><strong>Faust.,</strong></span> <span class='ocrx_word' id='word_1_934' title='bbox 3253 5378 3375 5434; x_wconf 88' lang='lat' dir='ltr'><strong>cap.</strong></span> <span class='ocrx_word' id='word_1_935' title='bbox 3420 5363 3511 5427; x_wconf 59' lang='grc' dir='ltr'><strong>ἓξ,</strong></span> 
     </span>
    </p>
   </div>
   <div class='ocr_carea' id='block_1_120' title="bbox 1945 5433 3301 5495">
    <p class='ocr_par' dir='ltr' id='par_1_120' title="bbox 1945 5433 3301 5495">
     <span class='ocr_line' id='line_1_123' title="bbox 1945 5433 3301 5495; baseline -0.001 -6"><span class='ocrx_word' id='word_1_936' title='bbox 1945 5446 1999 5489; x_wconf 89' lang='lat' dir='ltr'><strong>et</strong></span> <span class='ocrx_word' id='word_1_937' title='bbox 2029 5435 2168 5495; x_wconf 89' lang='lat' dir='ltr'><strong>aliis,</strong></span> <span class='ocrx_word' id='word_1_938' title='bbox 2206 5436 2256 5488; x_wconf 88' lang='lat' dir='ltr'><strong>in</strong></span> <span class='ocrx_word' id='word_1_939' title='bbox 2293 5435 2566 5487; x_wconf 88' lang='lat' dir='ltr'><strong>hodiernis</strong></span> <span class='ocrx_word' id='word_1_940' title='bbox 2595 5434 2734 5488; x_wconf 82' lang='lat' dir='ltr'><strong>LXX</strong></span> <span class='ocrx_word' id='word_1_941' title='bbox 2763 5436 2914 5486; x_wconf 80' lang='lat' dir='ltr'><strong>editt.</strong></span> <span class='ocrx_word' id='word_1_942' title='bbox 2943 5433 3301 5488; x_wconf 88' lang='lat' dir='ltr'><strong>desideratur.</strong></span> 
     </span>
    </p>
   </div>
   <div class='ocr_carea' id='block_1_121' title="bbox 2017 5501 3514 5576">
    <p class='ocr_par' dir='ltr' id='par_1_121' title="bbox 2017 5501 3514 5576">
     <span class='ocr_line' id='line_1_124' title="bbox 2017 5501 3514 5576; baseline 0.012 -35"><span class='ocrx_word' id='word_1_943' title='bbox 2017 5505 2127 5576; x_wconf 54' lang='grc' dir='ltr'>(δυ)</span> <span class='ocrx_word' id='word_1_944' title='bbox 2159 5504 2553 5563; x_wconf 72' lang='grc' dir='ltr'><strong>υηίυεηοηιηι.</strong></span> <span class='ocrx_word' id='word_1_945' title='bbox 2591 5505 2770 5568; x_wconf 81' lang='lat' dir='ltr'><strong>Eras.,</strong></span> <span class='ocrx_word' id='word_1_946' title='bbox 2794 5501 2995 5558; x_wconf 74' lang='lat' dir='ltr'><strong>Gallos.</strong></span> <span class='ocrx_word' id='word_1_947' title='bbox 3029 5513 3083 5557; x_wconf 92' lang='lat' dir='ltr'><strong>et</strong></span> <span class='ocrx_word' id='word_1_948' title='bbox 3103 5502 3271 5559; x_wconf 77' lang='lat' dir='ltr'><strong>Merc.</strong></span> <span class='ocrx_word' id='word_1_949' title='bbox 3299 5504 3356 5569; x_wconf 68' lang='grc'><strong>9.</strong></span> <span class='ocrx_word' id='word_1_950' title='bbox 3390 5506 3514 5559; x_wconf 81' lang='lat' dir='ltr'><strong>uni-</strong></span> 
     </span>
    </p>
   </div>
   <div class='ocr_carea' id='block_1_122' title="bbox 1946 5591 2165 5630">
    <p class='ocr_par' dir='ltr' id='par_1_122' title="bbox 1946 5591 2165 5630">
     <span class='ocr_line' id='line_1_125' title="bbox 1946 5591 2165 5630; baseline 0.009 -2"><span class='ocrx_word' id='word_1_951' title='bbox 1946 5591 2165 5630; x_wconf 72' lang='grc' dir='ltr'><strong>υθνεαηι.</strong></span> 
     </span>
    </p>
   </div>
   <div class='ocr_carea' id='block_1_123' title="bbox 2018 5643 3513 5717">
    <p class='ocr_par' dir='ltr' id='par_1_123' title="bbox 2018 5643 3513 5717">
     <span class='ocr_line' id='line_1_126' title="bbox 2018 5643 3513 5717; baseline -0.002 -18"><span class='ocrx_word' id='word_1_952' title='bbox 2018 5646 2128 5717; x_wconf 76' lang='lat'><strong>(8|)</strong></span> <span class='ocrx_word' id='word_1_953' title='bbox 2161 5645 2442 5717; x_wconf 82' lang='lat' dir='ltr'><strong>Quoniam.</strong></span> <span class='ocrx_word' id='word_1_954' title='bbox 2488 5643 2565 5717; x_wconf 90' lang='lat' dir='ltr'><strong>(ln</strong></span> <span class='ocrx_word' id='word_1_955' title='bbox 2593 5643 2828 5700; x_wconf 82' lang='lat' dir='ltr'><strong>Feuard.</strong></span> <span class='ocrx_word' id='word_1_956' title='bbox 2867 5661 3038 5716; x_wconf 87' lang='lat' dir='ltr'><strong>marg.</strong></span> <span class='ocrx_word' id='word_1_957' title='bbox 3067 5655 3119 5700; x_wconf 91' lang='lat' dir='ltr'><strong>et</strong></span> <span class='ocrx_word' id='word_1_958' title='bbox 3153 5647 3332 5710; x_wconf 88' lang='lat' dir='ltr'><strong>Voss.,</strong></span> <span class='ocrx_word' id='word_1_959' title='bbox 3380 5661 3513 5715; x_wconf 84' lang='lat' dir='ltr'><strong>quo-</strong></span> 
     </span>
    </p>
   </div>
   <div class='ocr_carea' id='block_1_124' title="bbox 1945 5716 2977 5787">
    <p class='ocr_par' dir='ltr' id='par_1_124' title="bbox 1945 5716 2977 5787">
     <span class='ocr_line' id='line_1_127' title="bbox 1945 5716 2977 5787; baseline 0.001 -18"><span class='ocrx_word' id='word_1_960' title='bbox 1945 5716 2142 5787; x_wconf 84' lang='lat' dir='ltr'><strong>modo.)</strong></span> <span class='ocrx_word' id='word_1_961' title='bbox 2169 5716 2286 5787; x_wconf 26' lang='lat' dir='ltr'><strong>‘Pro</strong></span> <span class='ocrx_word' id='word_1_962' title='bbox 2312 5726 2588 5786; x_wconf 74' lang='lat' dir='ltr'><strong>quatenus,</strong></span> <span class='ocrx_word' id='word_1_963' title='bbox 2620 5717 2674 5767; x_wconf 82' lang='lat' dir='ltr'><strong>in</strong></span> <span class='ocrx_word' id='word_1_964' title='bbox 2701 5727 2977 5784; x_wconf 82' lang='lat' dir='ltr'><strong>quantum.</strong></span> 
     </span>
    </p>
   </div>
   <div class='ocr_carea' id='block_1_125' title="bbox 2017 5783 3509 5856">
    <p class='ocr_par' dir='ltr' id='par_1_125' title="bbox 2017 5783 3509 5856">
     <span class='ocr_line' id='line_1_128' title="bbox 2017 5783 3509 5856; baseline -0.004 -17"><span class='ocrx_word' id='word_1_965' title='bbox 2017 5783 2132 5856; x_wconf 70' lang='grc'>(82)</span> <span class='ocrx_word' id='word_1_966' title='bbox 2155 5783 2549 5838; x_wconf 78' lang='lat' dir='ltr'><strong>Sensuobiliter.</strong></span> <span class='ocrx_word' id='word_1_967' title='bbox 2592 5788 2667 5839; x_wconf 81' lang='lat' dir='ltr'><strong>Ita</strong></span> <span class='ocrx_word' id='word_1_968' title='bbox 2691 5783 2929 5856; x_wconf 73' lang='lat' dir='ltr'><strong>Clarum.</strong></span> <span class='ocrx_word' id='word_1_969' title='bbox 2954 5796 3008 5840; x_wconf 91' lang='lat' dir='ltr'><strong>et</strong></span> <span class='ocrx_word' id='word_1_970' title='bbox 3031 5788 3270 5848; x_wconf 81' lang='lat' dir='ltr'><strong>Arund.;</strong></span> <span class='ocrx_word' id='word_1_971' title='bbox 3307 5783 3509 5856; x_wconf 56' lang='lat' dir='ltr'><strong>caueri,</strong></span> 
     </span>
    </p>
   </div>
   <div class='ocr_carea' id='block_1_126' title="bbox 1946 5855 3510 5928">
    <p class='ocr_par' dir='ltr' id='par_1_126' title="bbox 1946 5855 3510 5928">
     <span class='ocr_line' id='line_1_129' title="bbox 1946 5855 3510 5928; baseline -0.003 -14"><span class='ocrx_word' id='word_1_972' title='bbox 1946 5855 2280 5915; x_wconf 72' lang='lat' dir='ltr'><strong>sensibiliter.</strong></span> <span class='ocrx_word' id='word_1_973' title='bbox 2335 5856 2504 5914; x_wconf 84' lang='lat' dir='ltr'><strong>Porro</strong></span> <span class='ocrx_word' id='word_1_974' title='bbox 2531 5855 2896 5914; x_wconf 70' lang='lat' dir='ltr'><strong>sensuabititer</strong></span> <span class='ocrx_word' id='word_1_975' title='bbox 2929 5860 3015 5913; x_wconf 86' lang='lat' dir='ltr'><strong>hic</strong></span> <span class='ocrx_word' id='word_1_976' title='bbox 3058 5859 3265 5928; x_wconf 83' lang='lat' dir='ltr'><strong>accipio</strong></span> <span class='ocrx_word' id='word_1_977' title='bbox 3300 5871 3396 5925; x_wconf 87' lang='lat' dir='ltr'><strong>pro</strong></span> <span class='ocrx_word' id='word_1_978' title='bbox 3427 5855 3510 5909; x_wconf 86' lang='lat' dir='ltr'><strong>in.-</strong></span> 
     </span>
    </p>
   </div>
  </div>
