4238 6316
784 397 924 454 1175

1521 403 1578 458 S.
1621 401 1884 461 ΙΒΕΝᾸΞΙ
1917 397 2220 471 EPlSCOPl
2259 406 2747 464 LUGDUNENSIS
2777 407 2866 467 ET
2900 409 3271 466 MARTYRIS‘

3865 413 4005 468 H76

783 519 1240 587 quemadmodum
1273 529 1326 576 et
1360 521 1528 576 David
1558 524 1847 580 manifeste
1877 526 2208 596 signiﬁcans,
2241 530 2342 582 ait:
2373 538 2419 592 Α
2449 530 2598 585 tiam.
2657 532 2851 586 Adhuc
2891 531 3037 585 enim
3083 531 3404 601 protOplasti
3442 540 3716 600 peccatum
3754 545 3850 600 per
3879 548 3999 587 cor-

788 628 806 662 t
845 610 982 665 Deus
1015 621 1200 667 noster
1228 613 1513 668 manifeste
1540 617 1742 681 veniet,
1775 627 1828 670 et
1860 635 1962 673 non
1996 621 2192 675 tacebit
2220 621 2283 673 ”.
2319 641 2336 673 ι

784 700 990 756 Deinde
1025 712 1079 757 et
1108 703 1250 772 quod
1277 704 1346 759 ab
1371 721 1435 760 eo
1461 707 1905 775 superinducitur
1937 709 2198 780 judicium
2231 728 2344 765 rna-

779 792 1078 859 nifestavit,
1130 794 1362 852 dicens:
1401 815 1419 849 ε
1449 796 1592 869 Ignis
1633 798 1686 863 in
1743 809 2030 870 conspectu
2073 802 2189 871 ejus
2231 805 2348 873 (83)

778 883 1015 945 ardebit,
1060 895 1114 941 et
1147 887 1196 940 in
1224 889 1457 943 circuitu
1487 889 1605 956 ejus
1643 899 1937 960 tempestas
1969 892 2172 948 valida.
2229 877 2342 950 (Ad-

776 974 993 1030 vocabit
1018 975 1130 1046 (ss)
1160 979 1360 1032 caelum
1389 980 1696 1045 desursum.
1728 993 1784 1040 et
1809 993 2006 1042 terram
2033 985 2346 1044 discernere

777 1068 1028 1138 populum
1057 1083 1216 1125 suum
1252 1074 1290 1125 ί.
1323 1091 1342 1124 s

1358 1205 1587 1264 CAPUT
1618 1208 1758 1265 XIX.

777 1334 907 1416 Cum
940 1337 1046 1416 Eua
1090 1339 1504 1416 inqbedienteet
1544 1344 1965 1416 prmunricatrics
2007 1357 2345 1416 comparatur

847 1404 910 1459 Β.
948 1407 1107 1486 _Virgo
1143 1409 1364 1486 diaria,
1408 1404 1554 1486 illius
1594 1414 1895 1484 advocata;
1943 1404 2345 1486 "ferunturfqu

848 1480 1009 1531 varice
1043 1489 1088 1531 et
1120 1480 1432 1534 dissidentes
1461 1482 1705 1536 lta'reses.

842 1611 895 1664 l.
929 1609 1214 1667 Manifeste
1244 1612 1425 1682 itaque
1455 1614 1506 1669 in
1539 1629 1637 1672 sua
1661 1617 1876 1686 propria
1909 1617 2225 1674 venientem
2250 1620 2346 1676 Do-

777 1702 981 1755 minum
1028 1701 1164 1779 (85),
1223 1713 1277 1757 et
1332 1718 1429 1761 sua
1480 1706 1700 1775 propria
1753 1721 1874 1788 eum
1917 1708 2190 1777 bajulante
2231 1711 2342 1781 (86)

776 1794 1114 1860 conditione,
1141 1812 1262 1866 qua:
1295 1797 1566 1869 bajulatur
1596 1799 1664 1854 ab
1685 1799 1824 1867 ipso,
1854 1811 1910 1858 et
1935 1802 2342 1875 recapitulatio-

2447 623 2749 690 rcptionem
2814 621 3160 694 primogeniti
3232 623 3667 680 emendationem
3733 622 4003 692 accipiens

2446 711 2582 784 (9|),
2601 723 2659 768 et
2681 715 2944 782 serpentis
2967 715 3250 784 prudentia
3282 713 3486 767 devicta
3523 713 3573 766 in
3601 711 3858 768 columbae
3876 711 4007 767 sim-

2443 806 2685 875 plicitate
2715 805 2850 878 (92),
2899 806 3129 861 vinculis
3177 815 3360 862 autem
3412 803 3520 860 illis
3567 805 3816 862 resolutis
3867 803 4002 878 (95),

2443 913 2539 968 per
2563 913 2684 968 qua
2713 898 2926 968 alligati
2957 913 3174 955 eramus
3202 898 3385 954 morti.

2513 989 2568 1044 9.
2600 988 2808 1045 indocti
2835 1003 3025 1045 omnes
3053 989 3316 1055 heretici,
3346 998 3401 1042 et
3429 988 3744 1059 ignorantes
3776 988 4007 1057 disposi-

2445 1081 2615 1139 tiones
2647 1080 2767 1148 Dei,
2819 1089 2874 1136 et
2923 1080 3083 1136 inscii
3128 1082 3266 1151 ejus,
3305 1095 3429 1151 qua;
3474 1089 3558 1136 est
3585 1081 3884 1134 secundum
3913 1081 4007 1133 bo-.

2441 1174 2666 1239 minem,
2696 1172 3066 1243 dispositionis
3091 1170 3228 1244 (9i),
3253 1173 3454 1241 quippe
3479 1173 3827 1226 caecutientes
3860 1169 4007 1224 circa

2441 1265 2747 1327 veritatem,
2781 1263 2882 1332 ipsi
2907 1279 3022 1318 suae
3045 1265 3425 1319 contradicunt
3447 1261 3604 1317 saluti
3633 1281 3647 1316 :
3676 1262 3766 1316 alii
3791 1262 4007 1332 quidem

2444 1355 2670 1409 alterum
2724 1354 3143 1421 introducentes,
3200 1362 3398 1422 praeter
3459 1352 3836 1420 Demiurgum,
3902 1349 4005 1404 Pa-

2442 1454 2614 1510 trem;
2665 1443 2757 1499 alii
2804 1445 2985 1499 autem
3032 1444 3098 1499 sb
3145 1443 3353 1512 angelis
3399 1442 3720 1513 quibusdam
3763 1442 4006 1513 dicentes

2441 1533 2642 1592 factum
2673 1547 2793 1587 esse
2826 1532 3082 1599 mundum
3112 1540 3167 1590 et
3195 1531 3556 1588 substantiam
3580 1532 3728 1600 ejus;
3761 1530 3850 1586 alii
3886 1531 4008 1598 qui-

2445 1625 2570 1679 dam
2604 1619 2724 1695 (95)
2750 1637 2913 1693 porro
2938 1622 3049 1694 (96)
3083 1631 3138 1677 et
3168 1621 3325 1692 longe
3351 1632 3656 1691 separatam
3691 1620 3759 1676 ab
3790 1635 3879 1686 eo,
3917 1620 4010 1690 qui

2442 1726 2524 1772 est
2568 1715 2864 1771 secundum
2910 1715 3060 1782 ipsos
3087 1713 3270 1779 Patre,
3316 1729 3343 1765 a
3391 1713 3684 1782 semetipsa
3735 1713 4005 1775 ﬂoruisse,

2441 1818 2496 1864 et
2537 1821 2658 1863 esse
2695 1820 2761 1860 ex
2800 1821 2860 1862 se
2899 1816 3085 1860 natam
3117 1803 3263 1876 (97);
3311 1804 3404 1858 alii
3451 1813 3632 1858 autem
3670 1803 3724 1858 in
3775 1803 3862 1858 bis
3891 1819 4011 1873 quae

776 1901 900 1939 nem
928 1885 1068 1954 ejus.
1108 1903 1229 1957 quae
1258 1889 1313 1943 in
1347 1889 1494 1959 ligno
1523 1889 1624 1948 fuit
1655 1891 2059 1961 inobedientiaa,
2103 1913 2198 1968 per
2223 1912 2342 1953 eam
2374 1911 2417 1966 Β
2445 1899 2792 1954 continentur
2819 1911 2851 1952 a
2885 1897 3066 1966 Patre,
3097 1895 3166 1951 de
3196 1897 3318 1950 labe
3342 1905 3397 1951 et
3422 1895 3732 1968 ignorantia
3761 1893 4008 1949 substan-

774 1992 895 2044 quze
923 1978 974 2031 in
1007 1978 1155 2046 ligno
1184 1989 1267 2035 est
1293 1981 1681 2047 obedientiam,
1720 1983 2032 2056 facientem,
2088 2000 2145 2044 et
2189 1991 2344 2045 sedu-

775 2071 1010 2124 ctionem
1043 2071 1188 2132 illam
1210 2073 1464 2138 solutam,
1511 2092 1616 2146 qua
1662 2078 1878 2134 seducta
1927 2090 2012 2135 est
2049 2082 2189 2144 male
2230 2083 2342 2149 illa,

774 2177 895 2228 quae
919 2162 1029 2232 jam
1064 2167 1178 2218 viro
1207 2165 1483 2226 destinata
1514 2179 1634 2224 erat
1655 2170 1810 2241 virgo
1839 2169 1972 2237 Eva,
2007 2188 2103 2243 per
2141 2175 2336 2230 verita-

775 2264 886 2308 tem
921 2257 1286 2326 evangelizata
1323 2267 1412 2312 est
1448 2259 1589 2316 bene
1631 2261 1700 2316 ab
1725 2262 1913 2332 angelo
1944 2262 2058 2331 jam
2097 2268 2197 2320 sub
2226 2267 2344 2323 viro

777 2344 946 2416 Virgo
974 2345 1160 2401 Maria.
1222 2349 1688 2414 Quemadmodum
1728 2354 1873 2409 enim
1906 2354 1995 2408 illa
2033 2371 2131 2424 per
2165 2359 2341 2432 angeli

773 2454 1084 2495 sermonem
1112 2441 1332 2498 seducta
1357 2452 1459 2504 est.
1496 2452 1555 2498 ut
1583 2443 1842 2514 eﬂugeret
1870 2447 2061 2513 Deum,
2093 2454 2346 2518 praevari-

774 2543 898 2586 csta
932 2531 1160 2588 verbum
1210 2531 1365 2601 ejus;
1415 2534 1492 2589 ita
1535 2543 1590 2590 et
1621 2535 1736 2591 btec
1765 2552 1858 2605 per
1894 2538 2198 2609 angelicum
2228 2557 2341 2595 ser-

773 2638 990 2679 monem
1038 2625 1411 2693 evangelisata
1452 2636 1560 2692 est,
1609 2638 1667 2681 ut
1706 2639 1951 2697 portaret
1992 2632 2183 2697 Deum,
2215 2634 2344 2688 obe-

774 2717 931 2771 diens
957 2716 1075 2784 ejus
1101 2717 1288 2772 verbo.
1320 2719 1384 2771 Et
1410 2720 1454 2773 si
1479 2733 1540 2773 ea
1568 2719 1908 2776 inobedierat
1934 2723 2068 2788 Deo;
2109 2725 2202 2778 sed
2230 2727 2343 2780 haec

776 2823 943 2862 suasa
977 2816 1062 2862 cst
1096 2807 1210 2879 (8.7)
1237 2810 1457 2866 obedire
1488 2810 1620 2878 Deo,
1667 2812 1744 2866 uti
1773 2813 2001 2883 virginis
2031 2815 2152 2872 Eva:
2177 2815 2343 2888 Virgo

774 2899 948 2954 Maria
976 2898 1134 2958 ﬁeret
1155 2902 1443 2957 advocata.
1486 2902 1553 2956 Et
1580 2903 2032 2972 quemadmodum
2060 2910 2341 2964 astrictum

774 3000 859 3045 est
890 2991 1001 3062 (88)
1040 2993 1200 3046 morti
1231 3007 1401 3062 genus
1433 2993 1730 3052 humanum
1765 3011 1863 3064 pcr
1890 2993 2194 3066 Virginem,
2231 2999 2340 3052 sal-

773 3092 936 3136 vatur
962 3081 1081 3155 (89)
1100 3097 1194 3151 per
1217 3082 1494 3153 Virginem
1524 3099 1538 3136 :
1569 3099 1722 3153 aequa
1746 3085 1902 3141 lance
1926 3087 2207 3158 disposita,
2241 3088 2343 3144 vir-

773 3173 970 3244 ginalis
1019 3173 1386 3232 inobedientia
1411 3173 1550 3246 (90),
1591 3190 1691 3244 per
1722 3177 2037 3249 virginalem
2076 3177 2339 3237 obediem

827 3269 875 3302 "
904 3267 1050 3326 Psal.
1081 3284 1228 3333 xux,
1251 3269 1306 3333 5,
1339 3269 1394 3326 4.
1475 3270 1492 3300 ⁸
1527 3269 1657 3325 ibid.

2449 1993 2575 2045 tiam
2617 1989 2900 2053 habuisse;
2948 1989 3042 2051 alii
3093 1996 3275 2043 autem
3327 1985 3674 2042 manifestum
3720 1985 4008 2040 adventum

2446 2082 2658 2140 Domini
2690 2088 3065 2146 contemnunt,
3110 2080 3551 2135 incarnationem
3585 2079 3704 2144 eius
3729 2089 3835 2130 non
3865 2076 4008 2131 reci-

2443 2175 2681 2243 pientes:
2712 2171 2804 2226 alii
2835 2180 3014 2226 autem
3050 2184 3242 2225 rursus
3275 2169 3592 2241 ignorantes
3617 2167 3862 2240 Virginis
3895 2167 4006 2221 dis-

2443 2262 2845 2331 pensationem,
2895 2274 2962 2315 ει
3021 2255 3220 2328 Ioseph
3271 2259 3458 2318 dicunt
3494 2273 3618 2313 eum
3652 2269 4012 2329 generatum;

2444 2365 2499 2410 et
2524 2353 2743 2424 quidam
2773 2351 2991 2421 quidem
3026 2365 3203 2419 neque
3241 2351 3478 2405 animam
3514 2347 3650 2422 (98),
3681 2361 3858 2418 neque
3890 2361 4012 2402 cor-

2443 2461 2543 2514 pus
2570 2445 2815 2516 recipere
2848 2459 3008 2514 posse
3040 2445 3230 2500 dicunt
3262 2451 3522 2502 aeternam
3553 2443 3744 2506 vitam,
3772 2442 3870 2497 sed
3891 2450 4012 2496 tau.

2447 2545 2557 2589 tum
2586 2535 2857 2593 hominem
2889 2535 3230 2592 interiorem.
3285 2532 3417 2588 Esse
3456 2542 3651 2612 autem)
3685 2534 3826 2588 hunc
3865 2547 4009 2613 eum,

2441 2629 2534 2696 qui
2589 2628 2639 2681 in
2679 2628 2759 2682 eis
2789 2627 2860 2682 sit
2902 2641 3114 2691 sensus,
3158 2625 3367 2692 volunt,
3414 2639 3575 2694 quem
3620 2632 3676 2679 et
3718 2622 3892 2678 solum
3926 2637 4012 2690 ass

2441 2720 2671 2775 cendere
2691 2719 2758 2774 ad
2788 2719 3097 2788 perlectum
3136 2717 3467 2783 decesnunt;
3501 2715 3592 2769 alii
3619 2723 3797 2771 autem
3831 2715 4011 2773 anima

2443 2810 2667 2875 salvam,
2710 2825 2819 2866 non
2843 2808 3162 2879 participari
3191 2821 3393 2874 corpus
3434 2805 3679 2875 ipsorum
3725 2819 3846 2865 eam
3887 2820 4013 2874 qua

2443 2912 2526 2961 est
2561 2917 2591 2957 a
2629 2902 2738 2956 Deo
2785 2902 3011 2958 salutem
3055 2902 3191 2972 (99),
3238 2899 3691 2970 quemadmodum
3737 2896 3792 2950 in
3835 2897 4011 2966 primo

2441 2997 2682 3053 diximus
2708 2997 2871 3050 libro.
2915 2995 2972 3049 In
2998 3009 3105 3064 quo
3133 3003 3186 3047 et
3213 3001 3530 3062 argumenta
3554 3004 3739 3044 eorum
3763 2991 4008 3046 omnium

2441 3088 2834 3151 enarravimus,
2868 3094 2923 3140 et
2953 3082 3256 3139 invalidum
3293 3084 3536 3152 ipsorum
3564 3091 3620 3136 et
3645 3079 4010 3140 inconstabile

2444 3181 2498 3235 in
2529 3179 2768 3234 secundo
2797 3177 3158 3246 ostendimus.

773 3389 1621 3464 telligiliiliter,.ingelleetualiter,
1662 3393 1800 3464 quod
1846 3392 2192 3464 intelligentia
2221 3394 2332 3448 sola
2361 3397 2404 3457 C
2437 3407 2659 3448 sensum
2701 3391 3059 3464 complerent.
3119 3390 3288 3447 Porro
3341 3393 3687 3455 inobedieral,
3738 3391 4008 3457 accipien-

772 3461 969 3528 ριτείρὶ
993 3461 1192 3529 possit;
1215 3459 1401 3533 Greece
1422 3461 1646 3532 νοερῶς,
1670 3459 1754 3516 vel
1772 3462 1996 3533 νοητῶς.
2016 3459 2167 3521 Νοῦν
2185 3465 2330 3518 enim

772 3546 980 3600 sensum
1000 3544 1149 3600 saepe
1176 3531 1338 3585 vertit
1363 3531 1646 3600 interpres.

845 3598 959 3669 (83)
987 3598 1140 3669 Ejus.
1181 3601 1359 3667 Eras.,
1387 3598 1612 3666 Gallae"
1640 3602 1848 3656 Aruml.
1870 3609 1922 3658 et
1946 3600 2108 3659 Merc.
2137 3603 2191 3666 l,
2213 3618 2329 3660 suo.

845 3664 958 3740 (84)
988 3664 1290 3724 Α’άυοεαὸὶι.
1346 3664 1461 3732 εἰς,
1488 3664 1644 3739 juxta
1674 3686 1857 3725 sacros
1887 3672 2128 3735 codices,
2176 3664 2330 3728 vetus

772 3739 1811 3838 ιτεκξιέκάονείὶίξ;.εξέτλιξἮξμὲειίειιξῐ»
1839 3741 2132 3838 “irretit-

846 3810 957 3931 (85)
1010 3807 1308 3865 Venientem
1353 3810 1656 3870 Dominum.
1711 3807 1800 3869 Sic
1835 3826 1977 3894 .mss.
2027 3812 2099 3866 At
2143 3811 2330 3878 Eras.,

773 3880 848 3934 Ga
876 3883 972 3934 las.
1005 3889 1060 3951 et
1098 3880 1427 3934 Feuardent.
1472 3883 1696 3951 habent,
1733 3890 1967 3935 veniente
1997 3880 2249 3947 Domino,
2278 3892 2333 3941 et

772 3963 963 4024 omnes
991 3950 1265 4024 dictiones
1285 3951 1486 4024 quatit:
1515 3950 1770 4024 omnibus
1811 3965 1954 4024 pene
1978 3966 2110 4024 mss.
2143 3951 2331 4024 legun-

773 4023 866 4141 ἲῡῖ
904 4019 959 4072 in
1007 4019 1356 4086 accusativis,
1402 4019 1475 4074 illi
1526 4020 1709 4091 legunt
1737 4019 1832 4091 per
1871 4019 2332 4086 ablatives'abso-

794 4105 824 4141 υ
853 4104 938 4141 05.

794 4098 940 4146 utos.

846 4157 958 4230 (86)
991 4157 1294 4230 baiulante.
1353 4158 1429 4214 Ita
1465 4159 1824 4230 Claromont.,
1852 4161 2091 4230 gruum,
2122 4160 2332 4224 Ottnb..

775 4228 944 4290 Merc.
988 4229 1044 4290 2,
1090 4244 1211 4282 cum
1263 4231 1440 4293 Eras.,
1493 4229 1696 4284 Gallas.
1743 4240 1799 4283 et
1851 4228 2105 4294 Feuard.,
2139 4232 2333 4289 melius

755 4315 936 4367 quam
971 4299 1209 4370 alilcum
1237 4297 1460 4370 Crabio,
1491 4299 1834 4370 bajulantent.
1905 4299 1960 4370 Si
1990 4302 2134 4355 enim
2165 4317 2330 4361 accu-

774 4368 1110 4442 sativushbic
1149 4379 1292 4422 esset
1323 4368 1679 4442 adhibendus,
1724 4370 1826 4441 legi
1869 4369 2091 4428 deberet
2119 4371 2333 4442 bajula-

774 4437 1084 4518 tussiat-ias
1111 4437 1679 4518 perverti-tunsensus.
1780 4437 1802 4441 ⁷
1852 4509 1863 4518 .
1905 4510 1917 4518 _
2123 4439 2125 4443 ’

846 4507 957 4583 (87)
988 4506 1053 4560 Et
1083 4506 1126 4561 si
1152 4525 1213 4563 sa
1241 4508 1563 4583 inobedierat
1593 4509 1698 4563 Deo
1725 4523 1748 4583 _:
1774 4509 1863 4583 sed
1895 4510 2005 4569 hac
2046 4527 2207 4567 suasa
2230 4522 2328 4583 est.

2439 3465 2565 3518 dum
2592 3477 2690 3529 pro
2719 3480 2820 3516 non
2850 3463 3136 3518 obedieret.

2509 3533 2622 3605 (88)
2673 3533 3100 3605 A_8lriClutII_e8l.
3170 3531 3361 3605 Mirum
3411 3531 3463 3586 in
3520 3531 3682 3605 codd.
3736 3532 4002 3605 Claram"

2437 3600 2682 3658 VoSs.'et
2709 3602 2874 3656 Merc.
2912 3600 2946 3654 2
2979 3601 3078 3669 legi
3109 3603 3329 3656 astricta
3356 3611 3464 3665 est;
3512 3601 3651 3656 forte
3680 3606 3827 3670 quod
3864 3604 4003 3657 scri-

2437 3674 2518 3728 bat
2549 3673 2780 3726 Iitleram
2815 3689 2868 3737 u,
2915 3671 3061 3724 nullo
3091 3671 3512 3740 abbreviationis
3550 3673 3707 3740 signo
3735 3680 4005 3738 notatam,

2439 3744 2581 3796 male
2609 3741 2955 3797 conluderint
2982 3757 3103 3797 cum
3136 3758 3186 3794 ι.
3245 3739 3434 3809 Neque
3465 3739 3621 3794 enim
3644 3757 3766 3795 cum
3800 3741 4005 3794 Grabio

2435 3813 2759 3871 crediderim
2782 3813 3124 3881 interpretem
3143 3811 3507 3873 attendentem
3533 3810 3600 3864 ad
3619 3825 3787 3881 genus
3803 3809 4006 3866 Grarca:

2435 3883 2586 3954 vocis
2623 3880 2998 3954 ἀνθρωπότης,
3039 3881 3327 3954 scripsisse
3363 3881 3634 3954 a_stricta._
3664 3880 4002 3954 A_:lde_quod

2436 3950 2785 4018 Augustinus,
2827 3950 2944 4021 qui‘
2969 3960 3136 4005 totam
3160 3952 3323 4021 hanc
3354 3951 3487 4004 citat
3523 3951 3801 4016 periodum
3830 3950 3925 4005 lib.
3985 3965 4000 4003 ι

2437 4030 2620 4076 contra
2647 4019 2878 4090 Julianf,
2912 4037 3032 4088 cap.
3067 4022 3120 4086 ὅ,
3160 4019 3302 4090 legat
3330 4021 3624 4076 astrictum.

2512 4091 2625 4162 (89)
2669 4089 2937 4162 salvetur.
2996 4091 3073 4150 lta
3119 4087 3235 4144 vet:
3264 4089 3497 4162 Feuard.
3548 4088 3696 4162 cod.,
3737 4087 4006 4162 ρει-οφ..

2441 4157 2688 4218 νοὲείθι
2725 4161 2915 4225 Grah.,
2949 4175 3051 4212 una
3095 4175 3217 4213 cum
3260 4159 3490 4229 August.
3520 4158 3616 4215 cit.
3670 4158 3726 4213 in
3752 4157 3918 4214 Herc.
3945 4160 3997 4226 l,

2437 4231 2691 4294 soluitur;
2731 4233 2781 4285 in
2815 4230 2959 4292 aliis,
2983 4230 3238 4284 solvatur.

2509 4300 2621 4374 (90)
2659 4300 2946 4370 Virginalis
2973 4300 3348 4358 inobedientia.
3403 4299 3557 4359 Erae.
3582 4307 3635 4351 et
3661 4295 3888 4362 Gallam,
3914 4298 4000 4352 in.

2438 4371 2767 4427 obedientia‘.

2509 4439 2622 4513 (9|)
2655 4440 2938 4494 Peccatum
2961 4476 2976 4490 .
2997 4475 3012 4491 .
3030 4478 3044 4494 .
3070 4439 3352 4508 accipiens.
3393 4438 3645 4509 August.,
3678 4447 3892 4505 peccato
3918 4478 3930 4492 .
3951 4477 3997 4493 ..

2435 4513 2746 4578 accipiente.
2818 4577 2821 4578 7
3427 4577 3431 4578 7
3874 4533 3884 4578 ς

772 4579 828 4634 in
855 4577 1014 4654 edi'tt.
1043 4587 1098 4632 et
1131 4577 1528 4654 recentioribus
1552 4595 1687 4654 mss.
1723 4580 1921 4654 legitur
1955 4597 1970 4634 :
1999 4591 2046 4634 et
2069 4584 2203 4636 sicut
2234 4582 2331 4636 illa
2361 4577 2407 4635 D
2445 4651 2454 4654 _
2507 4577 2619 4654 (92)
2646 4581 2717 4654 In
2745 4577 2997 4654 columba
3016 4578 3372 4648 simplicitate.
3409 4577 3660 4649 August.,
3686 4593 3779 4644 per
3799 4577 3999 4632 colum-

773 4652 1001 4721 sedttcta_
1027 4657 1122 4721 est,
1168 4658 1224 4701 ut
1266 4647 1513 4721 σπείρει-ει
1544 4648 1739 4721 prum;
1778 4647 1851 4703 Eic
1889 4657 1998 4721 Itth
2041 4667 2203 4704 suasa
2232 4663 2331 4706 est.

773 4722 843 4774 At
893 4719 1230 4787 antiquiores
1277 4718 1431 4782 mss.,
1481 4718 1689 4772 scilicet
1742 4730 1853 4773 vet.
1900 4720 2133 4774 Feuard.
2181 4723 2333 4786 cod.,

775 4785 1092 4843 Clarom.‘et
1115 4785 1272 4841 Voss.
1304 4789 1505 4845 habent
1542 4805 1556 4842 :
1594 4798 1642 4843 et
1663 4790 1706 4842 si
1729 4806 1844 4842 eum
1869 4791 2177 4848 obaudierst
2201 4785 2331 4854 Dso,

774 4861 864 4912 sed
895 4861 1006 4929 Itch
1029 4874 1188 4911 suasa
1222 4868 1317 4929 est.
1359 4858 1434 4912 Ex
1467 4874 1570 4926 qua
1597 4865 1854 4929 corrupta
1889 4861 2121 4918 lectione
2150 4877 2334 4920 veram

774 4930 914 4991 erui,
953 4928 1225 4983 levissima
1255 4928 1398 4980 facta
1433 4928 1944 4998 mutatioueﬁquam
1975 4931 2029 4984 in
2058 4939 2206 4984 textu
2236 4946 2332 4984 ex-

775 5002 1012 5067 primere
1062 5015 1168 5052 non
1225 4999 1508 5062 dubitavi;
1573 5001 2047 5066 persuasissimum
2107 5002 2332 5064 habens,

774 5069 1094 5141 particulam
1133 5071 1186 5141 in
1221 5071 1386 5141 verbo
1422 5068 2068 5141 obaudieratpraalixam,
2102 5087 2131 5124 a
2160 5073 2335 5141 negli-

775 5140 1024 5206 gentibus
1055 5149 1110 5192 et
1137 5139 1402 5206 imperitis
1434 5140 1632 5193 scribis
1659 5139 1796 5193 male
1823 5141 2037 5205 lcetam,
2065 5152 2121 5194 et
2156 5157 2185 5192 a
2209 5139 2334 5197 ver-

775 5209 845 5263 bo
877 5223 1161 5276 perperam
1189 5210 1452 5272 avulsam,
1493 5219 1878 5264 commutatam
1918 5225 2038 5265 esse
2080 5211 2133 5263 in
2159 5227 2230 5274 nt,
2279 5219 2335 5263 et

774 5295 896 5331 cum
934 5278 1166 5350 praised.
1198 5293 1330 5350 voce
1357 5276 1435 5349 (in
1475 5295 1579 5350 qua
1621 5289 1674 5332 et
1715 5283 1838 5350 ipsa
1874 5282 2033 5348 paulo
2064 5280 2223 5336 latius
2253 5279 2334 5334 di-

773 5346 951 5424 ductis
979 5349 1172 5403 litterae
1198 5346 1775 5424 {ductibus—,lectutii
1794 5346 1849 5421 st)
1875 5346 2127 5424 junctam
2146 5368 2178 5424 _:
2210 5351 2334 5404 inde

773 5417 973 5472 factum
1020 5436 1160 5475 eum.
1212 5417 1778 5490 Exemplaejusmodi
1823 5417 2190 5490 Corruptionis
2226 5436 2333 5475 non

777 5503 899 5541 raro
929 5497 1224 5550 occurrunt
1251 5489 1438 5548 in'ms.
1469 5489 1708 5546 Clarom.
1735 5501 1790 5543 et
1836 5491 1975 5544 aliis.
2039 5490 2149 5545 Nec
2178 5491 2333 5545 dubi-

775 5569 883 5611 tem
928 5561 1056 5628 quin
1097 5560 1427 5628 posteriores
1473 5560 1685 5624 scribae,
1736 5561 1845 5614 imo
1888 5570 1942 5614 et
1989 5561 2128 5614 forte
2173 5561 2332 5628 primi

773 5630 1031 5694 editores,
1064 5640 1370 5698 corruptam
1420 5630 1580 5684 trium
1625 5631 2012 5696 praedictorum
2044 5632 2202 5685 codd.
2257 5631 2331 5685 le-

771 5700 1004 5751 ctionem
1037 5714 1145 5768 prre
1174 5699 1348 5754 Oculis
1379 5699 1842 5769 baberent;quam
1878 5717 1996 5754 cum
2042 5703 2333 5755 emendare

774 5784 878 5842 non
904 5778 1142 5842 possent,
1181 5769 1485 5822 maluerunt
1511 5769 1642 5842 (non
1671 5782 1818 5825 certe
1844 5771 1963 5825 sine
1986 5771 2333 5840 ταυτολογίας

774 5840 1028 5910 crimine)
1079 5848 1286 5913 partem
1313 5840 1667 5909 precedentis
1699 5843 1902 5915 periodi
1938 5857 2233 5910 resumete,
2278 5854 2334 5896 ut

2436 4651 2526 4706 lue
2542 4651 2954 4719 simplicitatem.

2505 4718 2616 4792 (93)
2645 4715 2898 4792 :i’inculis
2949 4730 3124 4775 autent
3154 4718 3260 4775 illis
3285 4715 3548 4772 resolutis.
3601 4715 3855 4785 August.,
3887 4718 3996 4771 eiu-

2435 4790 2565 4846 culis
2597 4790 2702 4845 illis
2735 4791 2950 4843 resoluti
2979 4807 3182 4844 sumus.

2651 4860 3047 4938 Dispositionis.
3081 4860 3278 4938 fidi-th,
3304 4856 3728 4938 dispensationis.

2529 4925 2620 4999 95)
2649 4925 2757 4982 Alii
2781 4933 3017 4999 quidam.
3074 4925 3433 4999 Cerintbiani,
3479 4934 3535 4980 ut
3572 4934 3704 4999 puto
3747 4925 3834 4999 ad_
3861 4942 3997 4999 quos

2435 4995 2579 5056 enim
2602 4995 2746 5055 'aiios
2777 4995 2918 5054 istud
2965 4999 3150 5055 referri
3195 4998 3387 5070 possit,
3420 5011 3526 5051 non
3560 4996 3736 5051 video.
3797 4995 3997 5052 Confer

2435 5071 2530 5128 lib.
2565 5086 2603 5133 ι,
2637 5087 2755 5138 cap.
2788 5070 2877 5133 26,
2914 5086 2968 5124 n.
3005 5071 3057 5126 1.

2652 5134 2842 5214 ἰξὸν-νο.
2885 5139 3093 5214 Graece,
3120 5140 3329 5211 πόρρω,
3358 5134 3558 5204 procul.

2502 5205 2617 5285 ('97)
2641 5210 2973 5283 ,Sepnratam
3016 5211 3079 5285 alt
3112 5227 3170 5264 eu
3295 5249 3308 5261 .
3336 5226 3367 5261 a
3402 5205 3679 5272 semetipsa
3724 5205 3990 5285 ﬂoruisse,

2435 5291 2483 5340 st
2512 5275 2623 5335 esse
2645 5279 2708 5336 ea:
2733 5275 2787 5333 ss
2812 5290 3008 5334 natam.
3063 5279 3140 5334 ita
3170 5293 3358 5334 omnes
3383 5290 3520 5348 pene
3545 5289 3698 5338 mss.,
3725 5285 3780 5327 at
3809 5275 3990 5338 Eras.,

2436 5352 2636 5408 Gallas.
2668 5360 2719 5404 et
2749 5351 3003 5413 Feuard.,
3032 5359 3335 5422 separatum
3357 5349 3418 5401 ab
3444 5362 3502 5399 eo
3526 5384 3586 5422 ᾗ...
3612 5362 3694 5422 ._n_
3716 5347 3991 5422 semetipso

2437 5423 2618 5491 fuisse,
2648 5432 2694 5474 et
2725 5437 2833 5474 esse
2855 5437 2920 5479 ex
2948 5436 3002 5473 ss
3032 5414 3234 5474 natum.
3295 5419 3494 5488 Nempe
3514 5415 3575 5491 _id
3607 5414 3694 5468 alii
3736 5417 3803 5469 ad
3833 5414 3988 5470 mun—

2436 5485 2849 5565 duntrelerunt,
2885 5492 3069 5565 alii_ad
3099 5485 3608 5565 substantiamejus.
3670 5554 3701 5565 ﬂ

2507 5561 2616 5632 (98)
2651 5563 2912 5615 Animam.
2955 5559 3138 5632 7Su_am
3184 5561 3326 5632 quod
3372 5554 3576 5632 addunt
3621 5554 3774 5609 editt.
3815 5555 3988 5610 delevi

2438 5622 2764 5686 auctoritate
2801 5630 2997 5685 veteris
3025 5622 3256 5684 Feuard.
3289 5627 3408 5683 cod.
3447 5636 3499 5680 et
3533 5622 3685 5679 Voss.

2506 5701 2615 5773 (99)
2649 5701 2804 5766 Eam,
2839 5717 2952 5770 qua
2984 5710 3057 5754 est
3084 5718 3115 5773 ᾳ
3141 5699 3267 5773 Deo,
3296 5693 3898 5773 salutemalu‘Clarom.
3933 5707 3989 5750 et

2437 5765 2722 5897 Vo‘ss.'._dea
2765 5765 2880 5838 quis
2926 5783 2999 5826 est
3028 5772 3095 5825 ad
3125 5771 3372 5838 salutem,
3416 5769 3558 5842 quod
3591 5765 3797 5822 admitti
3831 5782 3992 5838 posse

2437 5860 2540 5897 nou
2574 5859 2626 5897 vr
2667 5852 2807 5897 etur.

2437 5860 2540 5903 ηοω
2574 5852 2807 5897 Videtur.
