4238 6316
822 405 957 460 1185

1564 406 1620 464 S.
1661 404 1914 464 IRENEI
1955 405 2264 463 EPISCOPI
2303 404 2786 462 LUGDUNENSIS
2824 405 2910 460 ΕΤ
2945 402 3293 460 MARTYRlS

3895 400 4028 455 1184

809 520 1051 575 claratus
1115 518 1292 575 fuerat
1351 521 1530 590 (quem
1609 525 1750 578 enim
1826 525 1911 578 lex
1978 524 2668 589 praeconaveratAcadere
2696 531 2776 576 est
2825 538 2852 574 a
2905 522 3075 598 gloria
3134 521 3250 575 Dei.
3289 521 3354 572 Et
3395 519 3523 587 quid
3579 526 3672 572 aut
3702 533 3889 583 suave,
3935 533 4026 577 aut

811 611 1002 674 Deum,
1034 612 1180 666 hunc
1208 611 1460 667 Ohristus
1487 611 1600 682 (Π)
1647 614 1885 666 ostendit
1912 613 2148 679 Patrem,
2184 614 2267 666 cui
2315 622 2370 665 et

809 703 1014 755 servire
1042 700 1141 755 soli
1179 710 1392 770 oportet
1431 702 1724 771 discipulos
1751 703 1996 768 Christi),
2027 713 2081 757 et
2111 718 2204 772 per
2254 719 2366 768 eas,

807 807 928 861 qua
959 802 1088 846 sunt
1122 793 1175 846 in
1205 793 1341 863 lege,
1379 795 1694 859 sententias,
1727 795 2093 849 adversarium
2124 805 2368 848 nostrum

803 894 1106 938 evacuante
1140 882 1246 956 (lex
1287 895 1469 940 autem
1519 885 1862 957 Demiurgum
1908 887 2126 940 laudare
2177 886 2365 954 Deum,

802 980 857 1026 et
891 971 991 1040 ipsi
1017 970 1116 1027 soli
1165 974 1373 1030 servire
1393 976 1546 1043 jubet
1587 975 1770 1046 nobis)
1803 993 1817 1029 :
1847 974 1960 1043 jam
2013 991 2120 1030 non
2154 987 2379 1045 oportet-

799 1076 1046 1131 qnerere
1096 1063 1263 1120 alium
1320 1065 1560 1131 Patrem,
1600 1077 1800 1136 praeter
1845 1067 2027 1134 hunc,
2066 1077 2162 1122 aut
2203 1083 2368 1138 super

801 1151 948 1207 hunc
982 1170 997 1208 :
1030 1155 1290 1224 quoniam
1322 1172 1342 1206 ι
1379 1171 1518 1212 unus
1557 1157 1699 1212 Deus
1727 1157 1820 1225 qui
1851 1157 2114 1226 justiﬁcat
2141 1160 2367 1215 circum-

793 1245 1058 1301 cisionem
1087 1261 1154 1301 ex
1187 1247 1313 1310 ﬁde,
1353 1256 1407 1301 et
1453 1249 1774 1318 praeputium
1805 1262 1903 1314 per
1940 1250 2097 1305 Iidem
2127 1251 2188 1304 “.
2229 1271 2248 1304 ι
2307 1253 2364 1308 Si

795 1338 941 1392 enim
971 1337 1107 1393 alius
1156 1339 1278 1408 quis
1309 1350 1430 1394 erat
1463 1355 1626 1411 super
1667 1342 1811 1396 hunc
1857 1343 2129 1408 perlectus
2181 1343 2358 1406 Pater,

796 1442 1138 1499 nequaquam
1169 1445 1264 1500 per
1307 1433 1468 1502 hujus
1515 1448 1794 1489 sermones
1851 1445 1903 1489 et
1955 1447 2213 1504 praecepta
2270 1437 2363 1490 de-

793 1524 1084 1576 struxlsset
1111 1521 1395 1578 Satanam.
1437 1524 1553 1590 Nec
1581 1527 1725 1580 enim
1765 1526 2067 1594 ignorantia
2098 1545 2194 1598 per
2225 1529 2361 1581 alte-

794 1623 912 1662 ram
944 1621 1127 1678 potest
1173 1612 1399 1671 dissolvi
1446 1615 1847 1686 ignorantiam;
1898 1620 2353 1688 quemadmodum

791 1714 968 1769 neque
1004 1717 1098 1771 per
1128 1702 1299 1758 labem
1330 1705 1478 1760 labes
1517 1710 1796 1764 evacuari.
1846 1709 1902 1765 Si
1944 1712 2108 1774 igitur
2153 1712 2239 1766 lex
2289 1727 2355 1766 ex

789 1791 1090 1859 Ignorantia
1155 1801 1209 1848 et
1264 1793 1382 1849 labe
1422 1805 1528 1861 est,
1588 1801 1856 1866 quomodo
1909 1802 2189 1857 sententiae
2232 1808 2358 1872 fquae

2469 612 2668 665 bonum
2717 612 3043 680 participare
3077 620 3254 679 potest
3316 609 3410 677 qui
3453 608 3692 662 cecidit?
3750 610 3857 662 Aut
3898 609 4026 677 quid

2468 701 2612 754 aliud
2645 716 2887 770 sperare,
2923 701 3006 754 vel
3047 710 3362 768 exspectare
3405 708 3597 768 potest,
3629 700 3717 767 qui
3767 700 3888 754 talis
3923 710 4024 762 est,

2469 793 2570 844 nisi
2605 793 2872 845 mortem?
2916 792 2976 844 Ei
3008 793 3150 844 enim
3196 791 3286 858 qui
3328 790 3544 852 cecidit,
3592 791 3830 859 proxima
3883 807 4027 846 mors

2468 891 2566 938 est.
2603 883 2804 938 Deinde
2831 898 2929 937 nec
2967 883 3055 936 illa
3086 883 3266 950 itaque
3290 881 3401 948 (52)
3431 895 3546 949 qua:
3591 880 3838 948 promisit
3893 895 4026 946 pra:—

2467 975 2653 1030 stabit.
2685 975 2970 1042 Quomodo
3013 974 3158 1028 enim
3195 972 3467 1042 pra-stabit
3517 971 3591 1036 ei,
3643 973 3734 1041 qui
3792 972 4029 1027 cecidit?

2467 1067 2687 1132 Deinde,
2732 1067 2989 1136 quoniam
3021 1066 3333 1120 dominatur
3384 1064 3711 1128 hominibus,
3745 1073 3800 1118 et
3833 1064 3885 1117 ei
3927 1064 4026 1132 ipsi

2466 1159 2632 1224 Deus;
2668 1169 2723 1213 et
2767 1159 2984 1212 nolente
3036 1155 3198 1209 Patre
3255 1165 3439 1207 nostro
3487 1154 3578 1222 qui
3617 1163 3700 1207 est
3744 1155 3797 1206 In
3851 1155 4025 1218 caelis,

2465 1263 2637 1316 neque
2677 1261 2864 1316 passer
2912 1245 3072 1301 cadet
3101 1247 3151 1298 in
3203 1253 3425 1299 terram.
3472 1241 3604 1296 Illud
3680 1243 3842 1312 igitur
3884 1245 4023 1311 quod

2463 1341 2536 1394 ait
2574 1359 2586 1393 :
2631 1357 2646 1389 ι
2685 1339 2804 1392 ΙΙωο
2833 1338 3008 1392 omnia
3057 1337 3188 1390 mihi
3227 1335 3420 1389 tradita
3470 1341 3617 1397 sunt,
3667 1344 3720 1388 et
3749 1334 3834 1389 cui
3888 1335 4024 1399 volo,

2464 1433 2532 1486 do
2589 1448 2650 1485 ea
2698 1430 2773 1494 ²⁶;
2818 1450 2833 1480 ι
2883 1440 2940 1483 ut
2993 1430 3044 1482 in
3094 1428 3402 1497 superbiam
3452 1427 3625 1480 elatus
3675 1429 3769 1479 ait.
3844 1425 4026 1496 Neque

2463 1523 2604 1578 enim
2642 1522 2879 1575 conditio
2911 1521 3010 1574 sub
3043 1520 3159 1590 ejus
3212 1528 3478 1586 potestate
3527 1527 3644 1584 est;
3682 1520 4024 1588 quandoqui-

2460 1615 2581 1669 dem
2611 1623 2663 1668 et
2695 1614 2806 1683 ipse
2839 1629 2976 1667 unus
3023 1610 3089 1664 de
3123 1609 3388 1664 creaturis
3417 1618 3522 1662 est.
3560 1607 3744 1678 Neque
3778 1610 3893 1678 ipse
3924 1611 4023 1664 ho-

2462 1708 2663 1760 minum
2689 1721 2910 1774 regnum
2939 1702 3198 1759 attribuet
3222 1700 3555 1763 hominibus;
3589 1701 3682 1754 sed
3727 1701 4021 1755 secundum

2459 1798 2854 1853 ordinationem
2891 1796 2981 1849 Dei
3018 1795 3222 1856 Patris,
3252 1801 3306 1846 et
3332 1800 3526 1845 etetera
3554 1807 3798 1861 qumque,
3829 1803 3883 1846 et
3908 1808 4024 1860 qua

790 1879 844 1935 in
870 1895 930 1936 ea
975 1891 1121 1945 sunt.
1151 1883 1415 1939 diabolica
1454 1887 1758 1955 ignorantia
1807 1890 1920 1960 (48)
1961 1894 2167 1948 solvere
2203 1903 2351 1961 pote-
2393 1890 2434 1944 B
2465 1900 2590 1946 sunt
2620 1905 2743 1959 erga
2779 1888 3047 1949 homines,
3097 1884 3476 1952 disponuntur.
3535 1882 3791 1936 Dominus
3842 1895 4021 1938 autem

789 1983 931 2038 rant,
977 1984 1033 2028 et
1089 1975 1280 2029 Cortem
1338 1977 1602 2031 vincere?
1637 1980 1821 2050 Neque
1866 1983 2007 2037 enim
2060 2000 2088 2037 a
2137 1986 2352 2050 minori,

786 2079 964 2134 neque
1005 2068 1073 2121 ab
1123 2071 1316 2137 aequali
1376 2072 1535 2129 l‘ortis
1595 2075 1738 2130 vinci
1790 2084 1997 2146 potest:
2048 2079 2141 2132 sed
2181 2078 2248 2133 ab
2290 2094 2354 2133 eo

785 2157 875 2221 qui
910 2157 1030 2224 plus
1078 2171 1275 2228 potest.
1317 2163 1443 2219 Plus
1499 2175 1677 2220 autem
1731 2175 1912 2236 potest
1959 2185 2122 2237 super
2171 2171 2353 2224 omnia

786 2244 1022 2319 Verbum
1085 2249 1202 2315 Dei,
1240 2254 1330 2319 qui
1391 2254 1443 2308 in
1522 2255 1639 2325 lege
1690 2259 1906 2325 quidem
1970 2258 2349 2314 vociferatur:

790 2358 808 2390 ι
835 2339 995 2406 Audi,
1024 2341 1500 2407 Israel,'Dominus
1521 2349 1660 2404 Deus
1686 2358 1805 2403 tuus
1837 2350 1978 2405 Deus
2009 2367 2146 2405 unus
2189 2361 2290 2419 est,
2327 2373 2346 2406 ι

783 2441 839 2484 et
874 2447 888 2484 :
925 2453 945 2484 ι
986 2434 1186 2505 Diliges
1225 2437 1509 2492 Dominum
1543 2441 1708 2495 Deum
1763 2451 1909 2496 tuum
1941 2458 2007 2497 ex
2036 2454 2143 2499 tota
2172 2445 2349 2499 anima

784 2532 905 2589 tua;
942 2543 959 2576 ι
990 2534 1045 2578 et
1072 2541 1086 2579 :
1123 2545 1141 2578 ‹
1171 2526 1323 2583 Hunc
1350 2531 1622 2597 adorabis,
1653 2543 1708 2589 et
1733 2533 1856 2588 huic
1885 2535 1983 2589 soli
2015 2541 2220 2591 servies
2240 2540 2303 2591 ιτ.
2327 2558 2345 2590 ι

782 2609 840 2666 In
887 2613 1177 2685 Evangelia
1237 2627 1418 2674 autem
1472 2637 1566 2690 per
1626 2623 1722 2677 has
1784 2624 2002 2678 easdem
2055 2629 2351 2684 sententias

781 2703 1066 2759 destruens
1102 2710 1441 2775 apostasiam.
1469 2724 1522 2767 et
1542 2712 1721 2768 Patris
1743 2730 1871 2770 voce
1897 2716 2094 2772 devicit
2123 2718 2346 2785 l'ortem,

777 2801 836 2847 et
856 2791 990 2863 legis
1028 2810 1364 2868 prmceptum
1398 2802 1510 2870 (:59)
1546 2808 1994 2860 suassententias
2022 2809 2342 2874 conﬁtetur,

777 2883 998 2940 dicens:
1023 2887 1170 2941 «Non
1194 2891 1427 2945 tentabis
1456 2892 1739 2948 Dominum
1759 2894 1927 2951 Deum
1951 2909 2092 2952 tuum
2116 2900 2211 2954 ¹⁶.›
2243 2901 2347 2956 Nec

778 2974 924 3028 enim
954 2992 1051 3045 per
1085 2977 1342 3044 alienam,
1399 2984 1492 3034 sed
1539 2999 1634 3052 per
1688 2988 1966 3054 propriam
2028 2990 2200 3044 Patris
2261 2993 2344 3045 sui

775 3071 1106 3124 sententiam
1147 3072 1413 3127 destruxit
1457 3076 1847 3142 adversarium,
1883 3091 1932 3133 et
1966 3080 2159 3136 fortem
2191 3085 2341 3140 vicit.

844 3161 898 3214 2.
929 3161 1035 3217 Nos
1064 3175 1244 3218 autem
1275 3167 1477 3220 solutos
1518 3183 1609 3236 per
1631 3171 1804 3238 ipsum
1833 3185 2155 3242 praeceptum
2182 3177 2344 3248 320

773 3249 982 3317 docuit,
1022 3255 1325 3309 esurientes
1376 3259 1589 3326 quidem
1636 3260 1904 3315 sustinere
1949 3279 2093 3328 eam,
2146 3224 2412 3336 ε]ῖὲἶο
2443 3256 2614 3309 Adam
2660 3269 2675 3306 ³

771 3340 884 3397 Deo
923 3345 1101 3408 datur,
1147 3361 1366 3413 escam;
1421 3349 1469 3401 in
1523 3353 1855 3408 sublimitate
1899 3368 2080 3409 autem
2137 3363 2340 3427 positos

770 3432 1012 3488 universi
1051 3435 1548 3502 charismatis’,-vel
1583 3441 1633 3494 in
1661 3444 1916 3510 operibus
1961 3445 2182 3514 justitim
2209 3466 2340 3505 con-

766 3522 1022 3586 ﬁdentes,
1063 3525 1150 3579 vel
1182 3527 1596 3585 ministrationis
1625 3536 2076 3602 supereminentia
2109 3541 2341 3595 adorna-

771 3622 880 3678 tos,
921 3629 1258 3685 nequaquam
1292 3621 1500 3683 extolli,
1551 3637 1724 3691 neque
1760 3635 1970 3680 tentare
2013 3629 2198 3696 Deum,
2242 3634 2336 3688 sed

768 3704 999 3763 humilia
1034 3707 1234 3762 sentire
1273 3709 1326 3763 in
1368 3711 1622 3766 omnibus
1655 3713 1789 3783 (50),
1827 3725 1878 3770 et
1907 3733 2015 3786 prae
2047 3736 2208 3773 manu
2242 3723 2335 3776 ha-

767 3793 901 3849 bere
953 3814 966 3848 :
1026 3816 1045 3847 ι
1090 3794 1204 3851 Non
1245 3801 1477 3854 tentabis
1530 3804 1809 3858 Dominum
1861 3807 2025 3862 Deum
2081 3821 2260 3878 tuum;
2311 3833 2330 3868 ι

768 3888 1226 3954 quemadmodum
1257 3901 1308 3945 et
1356 3892 1647 3961 Apostolus
1696 3899 1874 3952 docuit
1922 3917 1936 3952 :
1987 3919 2004 3951 ι
2035 3901 2150 3957 Non
2202 3904 2330 3969 alta,

767 3976 979 4042 dicens,
1003 3981 1318 4046 sentientes,
1337 3984 1430 4037 sed
1466 3986 1759 4042 humilibus
1786 3993 2191 4050 consentientes
2214 3999 2277 4051 ¹⁹ε
2310 4017 2327 4050 i

766 4080 869 4121 nec
898 4068 1122 4133 divitiis,
1158 4085 1258 4124 nec
1299 4071 1467 4141 gloria
1501 4076 1765 4130 mundana
1821 4080 1956 4148 (5i),
1991 4099 2165 4152 neque
2191 4102 2333 4154 prte-

765 4159 904 4212 Ienti
933 4159 1219 4225 phantasia
1250 4162 1369 4231 capi
1398 4180 1411 4215 :
1455 4164 1598 4220 scire
1628 4177 1829 4234 autem,
1862 4173 2116 4242 quoniam
2152 4174 2332 4230 Domi-

762 4263 892 4307 num
924 4251 1091 4306 Deum
1126 4269 1272 4307 tuum
1307 4257 1531 4312 adorare
1563 4271 1794 4326 oportet,
1827 4276 1880 4317 et
1921 4265 2022 4334 ipsi
2066 4270 2163 4323 soli
2212 4287 2330 4325 ser-

762 4341 898 4404 vire,
925 4351 980 4395 et
1008 4358 1116 4396 non
1152 4344 1376 4400 credere
1404 4348 1476 4409 ei,
1510 4352 1600 4416 qui
1649 4350 1782 4405 falso
1809 4357 2052 4424 promisit
2080 4375 2162 4423 ea,
2209 4378 2330 4431 qua:

760 4449 873 4489 non
901 4444 1024 4490 sunt
1053 4452 1170 4503 sua,
1205 4438 1430 4495 dicens:
1477 4459 1494 4491 ι
1536 4441 1659 4497 Hac
1707 4448 1888 4500 omnia
1936 4450 2029 4502 tibi
2077 4453 2234 4517 dabo,
2283 4455 2327 4508 si

759 4525 1049 4594 procidens
1091 4527 1405 4582 adoraveris
1458 4545 1562 4584 me.
1607 4551 1625 4583 ι
1669 4531 1784 4596 Ipse
1834 4537 1976 4589 enim
2016 4540 2324 4609 conﬁtetur,

2459 1985 2578 2037 ait:
2616 1983 2884 2049 Quoniam
2923 1999 2938 2031 ι
2981 1979 3224 2034 diabolus
3268 1977 3496 2029 mendax
3528 1986 3610 2030 est
3643 1978 3709 2030 ab
3757 1979 3938 2040 initio,
3973 1987 4025 2029 et

2457 2074 2511 2128 in
2545 2075 2771 2127 veritate
2800 2087 2904 2126 non
2936 2072 3084 2125 stetit
3112 2072 3176 2123 “.
3208 2089 3225 2121 ι
3271 2072 3324 2124 Si
3365 2073 3543 2136 itaque
3570 2071 3797 2123 mendax
3833 2081 3937 2132 est,
3971 2080 4024 2124 et

2458 2182 2566 2222 non
2612 2177 2760 2219 stans
2791 2166 2842 2218 in
2873 2166 3117 2225 veritate,
3145 2163 3394 2219 videlicet
3428 2180 3532 2217 non
3555 2179 3737 2217 verum
3769 2164 3981 2217 dicebat
4007 2183 4020 2217 :

2459 2275 2479 2309 ε
2519 2255 2784 2322 Quoniam
2815 2256 2928 2308 haec
2958 2253 3138 2309 omnia
3167 2253 3296 2305 mihi
3329 2254 3525 2307 tradita
3559 2262 3676 2308 sunt
3733 2263 3787 2309 et
3807 2255 3894 2309 cui
3928 2270 4025 2309 vo-

2455 2350 2528 2414 lo,
2556 2351 2626 2404 do
2667 2364 2760 2413 ea;
2800 2368 2820 2402 ι
2856 2348 2948 2401 sed
2976 2347 3313 2401 mendacium
3355 2347 3600 2415 loquens.

3012 2457 3238 2514 CAPUT
3279 2457 3462 2515 XXIII.

2455 2551 2705 2606 Diabolus
2758 2559 2994 2604 assuetus
3055 2560 3130 2603 est
3176 2551 3485 2612 mendaciis,
3542 2549 3728 2614 quibus
3777 2549 4021 2602 seductus

2522 2622 2870 2689 Adantruxio
2911 2621 3192 2670 creationis
3237 2620 3321 2689 die
3368 2620 3621 2686 peccavit,
3669 2635 3767 2689 quo
3811 2622 4020 2671 tandem

2523 2707 2615 2758 per
2657 2688 2915 2742 Christum
2953 2701 3223 2755 reparatus
3266 2688 3386 2753 fuit.

2521 2803 2573 2858 1.
2602 2802 2860 2856 Assuetus
2894 2799 3036 2853 enim
3073 2809 3190 2851 erat
3232 2797 3343 2865 jam
3385 2799 3448 2849 ad
3489 2798 3859 2852 seduCtionem
3919 2799 4017 2852 ho-

2449 2897 2653 2949 minum
2703 2892 2921 2946 mentiri
2975 2891 3236 2962 adversus
3293 2890 3478 2943 Deum.
3539 2890 3618 2943 Ab
3674 2889 3829 2943 initio
3877 2891 4018 2945 enim

2450 2982 2652 3037 homini
2683 2995 2866 3034 escam
2904 2978 3123 3032 multam
3157 2993 3276 3031 cum
3307 2977 3463 3036 Deus
3510 2977 3768 3042 dedisset,
3819 2995 3883 3032 ex
3913 2994 4019 3032 una

2448 3082 2626 3126 autem
2683 3080 2888 3125 tantum
2936 3070 3134 3122 arbore
3166 3069 3514 3135 przecepisset
3542 3083 3607 3120 ne
3642 3069 4016 3132 manducaret,

2446 3162 2894 3231 quemadmodum
2962 3160 3244 3227 Scriptura
3304 3160 3434 3212 dicit
3485 3160 3686 3213 dixisse
3739 3160 3908 3214 Deum
3951 3165 4016 3216 ad

2733 3255 2883 3308 r’Ab
2922 3253 3072 3307 omni
3126 3251 3270 3322 ligno
3322 3252 3461 3318 quod
3518 3263 3602 3306 est
3653 3255 3704 3307 iu
3758 3258 4017 3324 paradiso

2441 3364 2620 3403 escam
2645 3349 2997 3403 manducabis
3027 3347 3173 3418 (53);
3205 3365 3236 3402 a
3263 3351 3413 3419 ligno
3439 3358 3619 3402 autem
3650 3351 4014 3416 cognoscendi

2438 3441 2642 3495 bonum
2675 3449 2729 3495 et
2763 3440 2981 3503 malum,
3018 3443 3086 3496 ab
3141 3457 3206 3496 eo
3258 3459 3364 3497 non
3419 3443 3850 3509 manducabitis;
3909 3455 4014 3510 qua

2439 3541 2621 3585 autem
2653 3532 2743 3585 die
2787 3532 3243 3587 manducaveritis
3295 3534 3362 3587 ab
3394 3548 3462 3586 eo
3511 3533 3646 3604 (54),
3682 3543 3860 3588 morte
3896 3549 4011 3587 mo-

2438 3620 2745 3688 riemini";
2785 3643 2802 3675 ι
2853 3623 2941 3676 ille
2972 3624 3241 3677 mentiens
3271 3629 3527 3679 adversus
3558 3624 3848 3679 Dominum
3875 3625 4013 3695 (55),

2438 3713 2665 3766 tentavit
2693 3714 2991 3774 hominem,
3039 3713 3490 3780 quemadmodum
3546 3714 3827 3783 Scriptura
3882 3717 4016 3770 dicit

2437 3805 2633 3858 dixisse
2663 3813 2972 3873 serpentem
3001 3803 3210 3857 mulieri
3249 3818 3263 3854 :
3299 3824 3313 3850 ι
3339 3805 3477 3870 Quid
3510 3805 3697 3874 utique
3730 3805 3844 3875 (56)
3873 3807 4014 3861 dixit

2434 3894 2574 3948 Deus
2599 3916 2612 3950 :
2640 3895 2713 3948 Ne
2737 3896 3192 3948 manducaveritis
3215 3896 3278 3948 ab
3300 3897 3444 3948 omni
3469 3895 3614 3965 ligno
3637 3901 3871 3968 paradisi
3894 3900 3940 3930 ”
3957 3901 4006 3952 *ἓν

2431 3986 2645 4041 Etcum
2712 3986 2800 4039 illa
2877 3987 3207 4044 traduxisset
3279 3987 3637 4054 mendacium,
3687 3998 3742 4042 et
3801 3990 4012 4059 simpli-

2433 4080 2572 4134 citer
2636 4080 2912 4134 retulisset
2947 4091 3303 4148 praeceptum,
3336 4079 3388 4133 in
3433 4093 3497 4133 eo
3555 4082 3696 4149 quod
3745 4081 3950 4136 diceret
3991 4099 4007 4138 :

2435 4189 2453 4222 ι
2495 4171 2578 4224 Ab
2636 4173 2782 4227 omni
2841 4171 2988 4241 ligno
3040 4172 3279 4239 paradisi
3345 4171 3792 4227 manducabimus
3849 4172 4007 4245 (57):

2429 4266 2676 4324 afructu
2733 4275 2915 4320 autem
2983 4264 3132 4332 ligni,
3189 4263 3332 4330 quod
3387 4272 3472 4316 est
3514 4264 3564 4316 in
3624 4265 3802 4318 medio
3848 4281 4005 4334 para-

2430 4357 2592 4419 diso,
2652 4355 2786 4409 dixit
2874 4355 3011 4408 Deus
3077 4376 3086 4406 :
3146 4352 3221 4405 Ex
3295 4366 3360 4406 eo
3409 4367 3515 4405 non
3580 4354 4004 4417 manducabitis,

2429 4462 2602 4517 neque
2640 4448 2944 4516 tetigeritis,
2962 4461 3030 4500 ne
3060 4447 3367 4500 moriamiui
3390 4446 3468 4512 ";
3502 4465 3519 4497 ι
3557 4461 3678 4502 cum
3723 4446 4006 4502 didicisset

2434 4555 2459 4591 a
2493 4538 2714 4592 muliere
2743 4549 3071 4606 praeceptum
3100 4539 3212 4601 Dei,
3248 4539 3444 4593 astutia
3474 4554 3605 4593 usus
3639 4539 3849 4608 decepit
3879 4555 4002 4594 eam

759 4614 1012 4682 quoniam
1062 4616 1292 4673 adorare
1320 4634 1460 4676 eum.
1496 4630 1546 4672 et
1584 4624 1914 4677 voluntatem
1950 4626 2065 4692 ejus
2119 4630 2317 4696 facere,
2357 4627 2403 4684 ι)
2442 4634 2619 4687 denuo
2652 4647 2746 4702 per
2779 4633 3162 4701 falsiloquium,
3198 4634 3378 4687 dicens
3415 4655 3426 4689 :
3467 4653 3485 4686 ι
3522 4632 3636 4688 Non
3670 4642 3843 4687 morte
3881 4651 4001 4692 mo-

831 4705 874 4734 “
907 4702 1066 4778 Rom2
1097 4723 1178 4771 tu,
1218 4708 1306 4764 50.
1384 4711 1424 4741 ⁸⁷
1456 4712 1604 4767 Deut.
1641 4730 1712 4776 vt,
1743 4712 1888 4778 ιδ.
1926 4715 2010 4767 15.

755 4773 847 4828 29.
958 4777 999 4808 ³⁸
1032 4773 1192 4830 Joan.
1233 4793 1349 4842 vm,
1375 4780 1463 4833 46.

977 4886 1132 4974 Hunc
1177 4890 1449 4974 Christus;
1474 4896 1563 4974 Sic
1596 4899 2019 4974 recte__Clarom.
2049 4903 2109 4974 In
2142 4903 2317 4974 Eras.,

756 4954 984 5041 Cellas”
1031 4957 1378 5023 Fcuardent.,
1412 4963 1590 5019 Ottob.
1633 4977 1687 5020 et
1739 4968 1927 5032 Merc.,
1965 4954 2317 5041 spx-ﬁnitis};

753 5032 965 5081 creteris
999 5043 1264 5088 I'teutrum.

987 5097 1255 5186 οἱα-ὀψία
1283 5103 1601 5186 ignorantia.
1633 5107 1891 5186 Sicvetus
1918 5109 2150 5186 Fettard.
2174 5121 2317 5186 rod.,

753 5164 1098 5252 Clarontzuet
1117 5164 1323 5252 "voss;
1350 5173 1542 5252 melius
1568 5215 1581 5236 ,
1635 5164 2083 5252 quidquldidicat

754 5249 918 5318 quam
951 5239 1061 5318 alii,
1093 5241 1404 5318 diabolicam
1445 5239 1824 5318 ξςηοταιὶιξαηί.
1869 5248 1963 5303 llic
2005 5257 2168 5318 enim,
2197 5239 2312 5310 (ut:

755 5305 928 5389 potica
975 5311 1272 5389 ignorantia
1315 5305 1506 5366 solvere
1566 5317 1781 5383 dicitur,
1821 5335 1916 5389 pro
1974 5339 2004 5374 a
2055 5305 2314 5382 itinde-liga

755 5374 1055 5444 ignorantia
1099 5381 1340 5435 liberare.

829 5444 942 5528 (19)
1009 5448 1356 5520 Ρητσερηιπι.
1411 5452 1646 5514 Feuard.
1706 5458 1758 5512 in
1826 5475 2020 5528 marg.,
2051 5461 2206 5519 Voss.
2261 5480 2315 5522 et

752 5513 944 5586 Grab.,
972 5513 1249 5586 praecepta.

823 5584 939 5655 (50)
963 5584 1044 5670 In
1069 5584 1323 5670 omnibus.
1357 5595 1617 5670 Clarum"
1651 5599 1910 5654 Arundel.
1947 5613 1995 5655 et
2042 5602 2204 5659 Merc.
2254 5609 2308 5670 2,

751 5655 809 5713 in
830 5659 1083 5741 quantum
1293 5676 1352 5741 et
1376 5655 1878 5741 Qallasdneutrum
1920 5655 2130 5741 legitur.

984 5729 1270 5786 Mundam.
1314 5735 1499 5798 Editt.,
1538 5741 1738 5792 mundi.

825 5795 935 5872 (ὅθ)
969 5799 1172 5870 Itaque.
1243 5803 1389 5861 Hanc
1441 5795 1831 5883 vocem,quam
1878 5813 2076 5869 habent
2121 5831 2303 5875 omnes

2091 4720 2132 4749 ¹⁸
2158 4720 2346 4779 Matth.
2383 4741 2454 4789 tv,
2491 4725 2543 4788 7;
2575 4725 2730 4778 Deut.
2764 4739 2837 4788 vt,
2871 4723 2954 4777 16.

1542 4783 1586 4812 "
1616 4782 1752 4837 Gen.
1787 4800 1846 4847 tt,
1875 4784 1960 4848 l6,
1994 4787 2079 4839 l7.
2156 4791 2200 4821 "
2230 4791 2363 4848 Gen.
2397 4782 2479 4855 ui.
2509 4782 2561 4847 ly.

3037 4724 3079 4756 “
3117 4724 3270 4781 Rom.
3311 4742 3412 4791 xit,
3447 4726 3530 4780 l6.

2663 4795 2707 4826 ἰ
2738 4793 2893 4861 lbid.,
2918 4795 2972 4860 2,
2999 4795 3052 4849 3.

2431 4909 3064 5033 mss.,ﬂomittuntEras.,
3096 4912 3296 4969 Gallas.
3324 4923 3378 4968 et
3405 4913 3665 4980 Feuard.,
3693 4914 3833 4970 forte
3865 4920 3997 4988 quia

2431 4998 2586 5033 SUDCF
2628 4998 2691 5032 ua
2736 4993 2839 5033 €81.

2427 4993 2691 5038 Sunerttua
2736 4993 2839 5034 est.

2493 4999 3009 5120 fgggngaszttimbis.
3038 5053 3112 5108 Ila
3159 5053 3421 5117 Clarom.,
3447 5054 3698 5110 Ottobon.
3743 5065 3798 5110 et
3830 5057 3992 5116 Voss.

2420 5119 2789 5188 juxtaLXX;
2845 5122 2954 5186 alii,
2991 5125 3391 5177 manducabitis.

2498 5192 2608 5257 (δέ)
2646 5196 2826 5266 .tb__eo
2998 5195 3060 5245 ab
3117 5210 3196 5266 eo.
3259 5193 3348 5248 Sic
3401 5196 3783 5266 vetLFeuard.
3840 5200 3992 5266 cod.,

2422 5260 2686 5324 Cianum,
2725 5261 2874 5317 V055.
2914 5272 2967 5316 et
2995 5265 3228 5331 Arund.,
3263 5279 3384 5318 cum
3415 5265 3578 5331 LXX;
3615 5266 3706 5320 alii
3729 5260 3992 5334 omittunt

2423 5341 2706 5398 utrumque
2735 5334 2799 5383 ab
2831 5349 2908 5384 eo.

2494 5402 2605 5467 (53)
2642 5404 2899 5455 Aduersus
2945 5402 3249 5456 Dominum.
3297 5405 3489 5471 Edilt.,
3518 5407 3766 5462 adversus
3797 5406 3989 5467 Deum.

2419 5473 2484 5522 At
2515 5472 2874 5535 (‘llaromontn
2919 5485 2974 5525 ut
3008 5473 3254 5529 adversus
3291 5475 3570 5528 Dominum
3616 5486 3840 5531 tentaret
3890 5481 3992 5534 ho—

2419 5543 2806 5614 minfmiqua:
2839 5543 3010 5596 lectio
3047 5558 3262 5614 sensum
3310 5546 3471 5599 nimis
3505 5548 3812 5614 suspendit.

2638 5611 2776 5686 Quid
2801 5616 3004 5686 Aulique.
3040 5613 3169 5686 Alii,
3212 5615 3338 5682 quid
3379 5615 3575 5686 itaque.

2647 5681 3227 5755 Manducjabimustha
3257 5699 3448 5744 omnes
3469 5681 3608 5738 'inss.
3631 5686 3784 5755 juxta
3817 5686 3986 5748 LXX.

2418 5749 2523 5805 Sed
2564 5751 2741 5815 liras,
2774 5751 2972 5807 Gallas.
3013 5764 3064 5806 et
3099 5752 3329 5808 Feuard.
3366 5755 3524 5819 male,
3573 5749 3984 5822 mdnducubitis,

3638 4728 3680 4758 ³ο
3711 4727 3904 4785 Matth.
3943 4749 4000 4798 xI
