4238 6316
221 380 353 436 “85

1338 366 1610 435 CONTRA
1649 366 1988 434 HIERESES
2020 365 2149 434 LIB.
2187 365 2254 433 ν.

3327 376 3462 437 1186

221 499 453 555 riemini.
480 496 704 555 Sciebat
732 499 873 553 enim
907 496 1071 559 Deus.
1098 498 1356 569 quoniam
1385 514 1490 569 qua
1522 500 1606 554 die
1635 513 1789 553 man—
1819 505 1864 560 Α
1892 506 2023 552 cant
2056 507 2284 552 mortem
2335 495 2465 550 Ade
2498 513 2512 550 :
2557 490 2815 567 quoniam
2864 497 3009 554 enim
3058 513 3083 550 ι
3116 494 3233 553 dies
3282 494 3465 552 Domi-

218 593 548 663 dueaveritis
595 602 658 647 ex
696 601 784 656 eo,
817 592 1131 660 aperientur
1165 588 1305 645 oculi
1330 590 1520 655 vestri,
1552 596 1606 645 et
1635 589 1786 644 eritis

216 684 354 735 sicut
400 681 499 747 dii,
553 682 784 753 scientes
837 682 1039 736 bonum
1084 689 1139 735 et
1180 682 1381 738 malum
1424 670 1491 734 ".
1531 700 1551 734 ι
1604 680 1785 735 Primo

213 756 426 842 quidem
460 775 513 827 in
569 772 663 827 Dei
724 771 980 842 paradiso
1023 771 1331 839 disputabat
1384 767 1497 841 (δε)
1544 770 1610 825 de
1651 769 1784 833 Deo,

216 863 368 931 ψιυεὶ
404 864 628 917 absente
670 878 737 918 eo
778 882 792 917 :
830 863 1257 932 magnitudinem
1313 862 1459 917 enim
1506 860 1787 933 ignorabat

215 951 327 1007 Dei.
364 952 494 1007 Post
521 953 737 1016 deinde,
759 952 828 1007 ab
858 952 973 1021 ipsa
997 942 1215 1007 discens
1246 952 1447 1033 dixisse
1471 946 1783 1034 Dominum,

215 1038 513 1092 morituros
541 1053 636 1093 eos
670 1040 714 1092 si
749 1048 1061 1108 gustassent
1096 1042 1162 1095 de
1193 1038 1453 1108 pradicto
1481 1040 1645 1105 ligno,
1679 1048 1787 1094 ter-

217 1126 347 1179 tium
382 1125 496 1198 (59)
532 1128 870 1183 mendacium
900 1118 1124 1198 loquens
1154 1130 1291 1184 dixit
1329 1149 1357 1193 :7
1395 1147 1415 1181 ι
1451 1129 1569 1186 Non
1614 1136 1787 1184 morte

216 1216 545 1273 moriemini.
586 1238 602 1269 ι
656 1219 760 1274 Sed
812 1221 1065 1290 quoniam
1127 1223 1269 1277 Deus
1318 1237 1511 1287 verax,
1554 1223 1786 1297 mendax

215 1318 392 1364 autem
448 1314 699 1380 serpens‘,
742 1315 807 1367 de
857 1312 1051 1368 ed‘ectu
1121 1324 1399 1369 ostensum
1454 1324 1567 1381 est,
1611 1316 1788 1370 morte

215 1400 500 1457 subsecuta
530 1418 626 1459 eos
652 1403 741 1472 qui
778 1392 1237 1459 manducaverant
1259 1405 1395 1477 (60).
1438 1405 1610 1462 Simul
1643 1409 1787 1461 enim

213 1490 491 1547 cum'esca
538 1503 593 1548 et
640 1502 870 1551 mortem
916 1495 1245 1561 asciverunt,
1286 1498 1543 1567 quoniam
1602 1496 1787 1551 inobe-

216 1584 422 1640 dientes
446 1586 876 1652 manducabant;
908 1587 1273 1643 inobedientia
1302 1599 1480 1644 autem
1512 1589 1605 1643 Dei
1635 1604 1784 1644 mor—

216 1684 321 1729 tem
356 1676 545 1731 infert.
576 1676 811 1747 Propter
838 1678 939 1733 hoc
969 1693 1037 1733 ex
1066 1693 1131 1733 eo
1165 1681 1344 1733 traditi
1381 1690 1507 1733 sunt
1538 1678 1609 1745 ei,
1639 1678 1791 1733 debi-

214 1775 359 1821 tores
392 1768 587 1822 mortis
612 1764 815 1823 eﬁecti.

281 1858 335 1911 2.
381 1857 436 1912 In
468 1860 585 1928 ipsa
613 1860 795 1928 itaque
825 1860 909 1914 die
938 1860 1135 1913 mortui
1170 1866 1317 1925 sunt,
1348 1860 1531 1931 inqua
1562 1870 1615 1916 et
1640 1875 1792 1915 man-

214 1950 573 2012 ducaverunt,
602 1960 657 2005 et
688 1952 963 2006 debitores
994 1953 1119 2006 facti
1146 1961 1271 2007 sunt
1297 1955 1507 2018 mortis,
1534 1955 1790 2024 quoniam

215 2044 535 2098 conditionis
555 2044 671 2099 dies
694 2061 833 2099 unus
850 2045 1260 2115 (61).tFactum
1286 2054 1369 2102 est
1398 2048 1563 2111 enim,
1590 2047 1789 2117 inquit,

213 2150 455 2204 vespere,
472 2145 528 2190 et
551 2134 756 2190 factum
790 2146 872 2191 est
900 2135 1022 2207 (62)
1043 2152 1203 2191 mane
1250 2137 1365 2192 dies
1412 2153 1551 2192 unus
1580 2138 1647 2192 ’⁸.
1679 2158 1698 2191 ι
1738 2137 1793 2191 ln

217 2228 327 2296 ipsa
362 2239 542 2282 autem
564 2228 667 2281 bac
704 2227 793 2282 die
816 2230 1311 2297 manducaverunt;
1368 2231 1422 2285 in
1459 2231 1572 2299 ipsa
1608 2241 1792 2285 autem

215 2325 269 2370 et
294 2318 489 2371 mortui
517 2325 667 2371 sunt.
684 2314 995 2371 Secundum
1022 2325 1202 2371 autem
1222 2316 1481 2374 circulum
1504 2329 1557 2374 et
1574 2334 1794 2375 cursum

217 2406 774 2472 dierum,secundum
804 2422 964 2476 quem
999 2406 1103 2461 alia
1165 2409 1383 2477 quidem
1446 2410 1641 2478 prima,
1690 2410 1795 2463 alia

215 2510 391 2552 autem
428 2500 695 2561 secunda,
741 2499 843 2552 alia
894 2498 1047 2553 tertia
1101 2509 1351 2563 Vocatur,
1404 2501 1450 2554 si
1494 2500 1616 2570 quis
1664 2501 1799 2555 velit

216 2590 505 2660 diligenter
538 2592 773 2657 discere,
816 2606 920 2661 qua
951 2592 1039 2646 die
1069 2608 1135 2648 ex
1190 2602 1392 2663 septem
1430 2592 1622 2647 diebus
1653 2608 1800 2647 mor-

216 2692 341 2736 tuus
371 2692 455 2737 est
510 2684 708 2746 Adam,
770 2685 1008 2739 iuveniet
1056 2699 1117 2739 ex
1169 2683 1381 2739 Domini
1421 2684 1795 2753 dispositione.

215 2768 604 2840 Recapitulans
637 2773 780 2827 enim
837 2774 1151 2827 universum
1194 2775 1470 2828 hominem
1524 2773 1578 2827 in
1627 2789 1687 2829 se
1733 2775 1802 2829 ab

216 2861 376 2916 initio
410 2877 583 2930 usque
616 2863 681 2916 ad
720 2864 903 2929 linem,
934 2864 1330 2934 recapitulatus
1362 2874 1447 2919 est
1485 2873 1540 2918 et
1572 2874 1799 2919 mortem

1886 590 1967 653 ni,
1998 590 2139 644 sicut
2178 584 2492 645 mille'anni
2524 578 2603 651 ",
2627 605 2647 641 ι
2691 602 2796 643 non
2829 589 3173 659 superposuit
3210 586 3323 659 (64)
3367 602 3464 643 ιιι-

1888 690 1996 736 tem
2021 676 2163 735 mille
2191 692 2385 744 annos.
2418 682 2512 736 sed
2528 672 2679 735 intra
2718 695 2815 737 eos
2846 666 3093 737 mortuus
3124 688 3207 737 est
3234 721 3249 745 ,
3281 690 3466 736 trans-

1886 774 2183 842 gressionis
2204 761 2518 843 ‘adlmplens
2547 772 2897 828 sententiam.
2949 772 3079 828 Sive
3107 785 3238 843 ergo
3265 785 3461 847 secun-

1886 859 2012 912 dum
2063 857 2509 930 inobedientiam,
2568 874 2693 930 quae
2750 869 2836 915 est
2883 874 3031 917 mors
3084 873 3100 914 :
3144 863 3262 917 sive
3317 861 3466 929 quod

1896 947 2095 1003 exinde
2126 950 2309 1003 traditi
2353 950 2482 1013 sint,
2515 960 2571 1004 et
2600 948 2727 1005 facti
2762 949 2879 1006 sint
2901 950 3177 1015 debitores
3225 949 3417 1007 mortis
3446 968 3463 1009 :

1892 1040 2009 1093 sive
2032 1044 2322 1096 secundum
2341 1032 2503 1096 unum
2529 1050 2582 1096 et
2593 1042 2839 1099 eumdem
2863 1042 3025 1116 diem,
3042 1043 3095 1097 in
3114 1032 3225 1113 quo
3241 1044 3469 1098 mandu-

1888 1136 2171 1197 ea‘verunt,
2207 1140 2261 1186 et
2294 1133 2489 1187 mortui
2522 1142 2670 1198 sunt,
2696 1134 2950 1205 qubniam
2978 1148 3085 1189 una
3136 1134 3469 1192 conditionis

1886 1222 2049 1277 dies:
2092 1224 2208 1277 sive
2235 1224 2529 1281 secundum
2581 1224 2726 1293 hunc
2773 1224 3033 1303 circulum
3071 1211 3307 1291 dierum,
3339 1225 3466 1294 quia

1889 1316 1944 1394 in
1974 1316 2089 1385 ipsa
2132 1316 2333 1370 mortui
2362 1324 2505 1380 sunt,
2538 1317 2591 1372 in
2616 1306 2722 1387 qua
2753 1327 2810 1372 et
2831 1302 3328 1395 manducarerunt,
3365 1318 3471 1375 hoc

1888 1416 1993 1473 est,
2047 1407 2372 1471 Parasceve,
2414 1420 2537 1475 quae
2589 1406 2791 1463 dicitur
2845 1402 3005 1479 ciens
3058 1424 3195 1480 pura
3236 1407 3385 1484 (65),
3412 1409 3468 1466 id

1887 1508 1970 1553 est
2026 1510 2178 1555 sexta
2211 1498 2371 1564 feria,
2406 1494 2653 1570 quamet
2677 1484 2964 1555 Dominus
2994 1500 3231 1555 ostendit
3275 1496 3471 1569 passus

1889 1592 1943 1645 in
1998 1606 2060 1645 ea
2105 1608 2121 1643 :
2172 1592 2287 1645 sive
2334 1584 2636 1665 secundum
2676 1586 2818 1661 quod
2862 1590 2969 1647 non
3000 1580 3095 1646 sit
3145 1578 3468 1662 supergres-

1892 1698 1984 1737 sus
2017 1682 2163 1735 mille
2217 1697 2410 1745 annos,
2443 1680 2539 1736 sed
2572 1682 2622 1737 lu
2660 1682 2790 1752 ipsis
2839 1668 3087 1759 mortuus
3121 1682 3192 1735 sit
3223 1697 3241 1736 :
3271 1697 3468 1737 secun-

1891 1774 2018 1828 dum
2050 1774 2231 1828 omnia
2270 1788 2404 1845 ergo
2442 1789 2562 1843 qua:
2612 1773 3013 1841 signiﬁcantur,
3065 1771 3206 1828 Deus
3249 1773 3468 1844 quidem

1892 1878 2092 1928 verax;
2140 1864 2346 1927 mortui
2400 1865 2545 1918 enim
2580 1873 2731 1930 sunt,
2769 1865 2860 1933 qui
2896 1872 3249 1932 gustaverunt
3284 1866 3349 1938 de
3403 1865 3470 1919 li-

1892 1971 1999 2023 gno
2035 1972 2049 2008 :
2080 1970 2303 2023 serpens
2344 1964 2523 2009 autem
2560 1954 2793 2009 mendax
2864 1964 3116 2009 ostensus
3145 1963 3249 2018 est,
3294 1956 3472 2010 homi-

1894 2044 2036 2108 cida,
2073 2044 2213 2097 sicut
2279 2036 2541 2099 Dominus
2598 2045 2673 2098 ait
2718 2046 2785 2100 de
2827 2043 2893 2100 eo
2947 2068 2959 2101 :
2996 2062 3031 2097 ‘s
3091 2045 3357 2113 Quoniam
3386 2048 3470 2103 ab

1896 2130 2051 2188 initio
2091 2135 2359 2190 homicida
2392 2143 2494 2200 est,
2540 2136 2605 2190 ει
2636 2135 2690 2188 in
2727 2130 2975 2195 veritate
3008 2152 3114 2193 non
3167 2140 3316 2194 stetit
3342 2140 3409 2195 ".
3444 2160 3466 2194 ι

2464 2241 2692 2300 CAPUT
2716 2244 2906 2305 XXIV.
2940 2306 2943 2309 ,
2983 2308 2986 2313 _

1896 2334 1973 2389 De
2014 2334 2210 2389 diaboli
2246 2345 2491 2403 perpetuo
2535 2322 2839 2416 mendacio,
2875 2338 3225 2416 potestatibus
3283 2340 3472 2403 quibus

1969 2422 2061 2457 nos
2096 2421 2280 2478 parere
2310 2416 2530 2471 oportet.
2563 2408 2982 2478 atqueintpsriis
3005 2410 3250 2473 terrenis,
3283 2422 3473 2478 quate-

1971 2476 2255 2538 nusaDeo,
2284 2492 2385 2528 non
2410 2483 2584 2528 autent
2616 2490 2647 2527 a
2683 2474 2894 2529 diabolo
2925 2474 3328 2533 constituantur.

1972 2590 2025 2643 l.
2059 2589 2214 2643 Sicut
2238 2602 2368 2657 ergo
2394 2588 2446 2641 in
2486 2588 2754 2658 principio
2790 2591 3047 2644 mentitus
3078 2600 3183 2657 est.
3220 2593 3294 2647 ita
3330 2601 3381 2648 et
3418 2592 3472 2647 in

1903 2680 2007 2735 line
2032 2680 2417 2743 mentiebatur,
2448 2680 2633 2734 dicens
2660 2695 2675 2732 :
2712 2697 2731 2731 ι
2762 2680 2887 2735 Haec
2918 2683 3096 2736 omnia
3124 2684 3253 2737 mihi
3276 2685 3474 2740 tradita

1902 2782 2049 2837 sunt,
2084 2782 2137 2825 et
2164 2772 2246 2824 cui
2276 2772 2414 2834 volo,
2446 2770 2516 2825 do
2563 2784 2625 2824 ea
2657 2770 2721 2823 ”.
2758 2789 2778 2821 ι
2805 2770 2921 2824 Non
2957 2773 3100 2826 enim
3136 2774 3250 2842 ipse
3285 2775 3469 2830 deter-

1906 2862 2131 2917 minavit
2188 2863 2348 2931 hujus
2406 2862 2589 2916 saeculi
2652 2876 2840 2929 regna,
2889 2864 2981 2916 sed
3039 2864 3217 2918 Deus:
3251 2883 3269 2916 ι
3314 2865 3476 2937 Regis

214 2952 355 3020 ejus.
411 2953 759 3008 Manifestum
814 2965 897 3009 est
936 2957 1137 3025 itaque,
1188 2955 1441 3022 quoniam
1482 2954 1535 3007 in
1584 2953 1669 3007 illa
1715 2954 1801 3009 die
1830 2983 1872 3040 ς
1902 2957 2046 3009 enim
2102 2969 2198 3009 cor
2256 2955 2307 3007 in
2370 2958 2530 3006 manu
2579 2951 2672 3013 Dei
2710 2952 2777 3007 '°.
2818 2972 2836 3004 ι
2878 2952 2942 3007 Ει
2996 2968 3094 3022 per
3127 2954 3474 3012 Salomonem

215 3054 449 3099 mortem
481 3045 750 3099 sustinuit
784 3045 1067 3107 Dominus,
1109 3045 1367 3101 obediens
1403 3044 1574 3111 Patri,
1608 3047 1661 3099 in
1693 3062 1797 3115 qua

215 3145 467 3189 mortuus
515 3146 599 3190 est
625 3137 796 3191 Adam
848 3138 1163 3193 inobediens
1213 3136 1341 3191 Deo.
1378 3137 1435 3192 In
1489 3152 1594 3207 qua
1634 3138 1791 3210 321

216 3236 396 3281 autem
448 3238 697 3283 mortuus
732 3240 835 3293 est,
868 3231 921 3283 in
968 3230 1081 3299 ipsa
1120 3240 1174 3284 et
1218 3232 1594 3284 manducavit.
1653 3232 1799 3285 Dixit

215 3318 360 3369 enim
394 3318 534 3370 Deus
568 3334 581 3370 :
618 3337 635 3370 ι
672 3318 726 3371 lu
758 3335 861 3387 qua
886 3321 973 3373 die
1005 3320 1403 3373 manducabitis
1426 3336 1491 3373 ex
1516 3336 1599 3387 eo,
1623 3330 1798 3375 morte

217 3408 553 3463 moriemini.
596 3427 613 3460 ι
648 3408 801 3463 Hunc
831 3410 1011 3479 itaque
1041 3411 1183 3463 diem
1218 3410 1586 3479 recapitulans
1624 3413 1675 3465 in
1712 3426 1797 3466 se-

215 3500 522 3568 metipsum
554 3502 835 3566 Dominus,
877 3504 1025 3556 venit
1052 3506 1115 3556 ad
1145 3504 1453 3571 passionem
1480 3504 1652 3570 pridie
1681 3513 1805 3558 ante

216 3588 536 3655 sabbatum,
576 3607 696 3661 quae
736 3601 818 3647 est
848 3602 999 3647 sexta
1051 3594 1377 3647 conditionis
1433 3594 1569 3657 dies,
1618 3595 1671 3647 in
1700 3610 1806 3663 qua

216 3678 383 3732 homo
402 3682 703 3749 plasmatus
726 3690 828 3747 est;
856 3684 1147 3737 secundam
1168 3683 1583 3753 plasmationem
1600 3685 1647 3736 ei
1664 3683 1803 3752 (6'5),

217 3782 336 3822 eam
367 3785 491 3838 quae
516 3781 598 3824 est
637 3787 666 3825 a
701 3783 896 3839 morte,
925 3788 1023 3842 per
1058 3789 1210 3827 suam
1238 3774 1539 3841 passionem
1574 3775 1807 3828 donans.

217 3860 454 3928 Quidam
485 3873 669 3917 autem
704 3878 890 3918 rursus
928 3866 980 3917 in
1035 3864 1382 3919 millesimum
1418 3880 1618 3918 annum
1652 3879 1809 3919 νενι)⁵

289 3978 334 4008 ³⁸
364 3978 502 4032 Gen.
539 3996 619 4041 Ill,
651 3979 704 4032 4.

785 3980 827 4011 ²⁶
854 3979 992 4034 Gen.
1022 3998 1061 4043 ι,
1102 3982 1155 4035 5.

224 4044 264 4078 ³³
296 4047 463 4103 Prov.
499 4065 611 4114 vttt,
647 4050 731 4104 15.

843 4050 885 4080 ³¹
914 4050 1069 4105 Rom.
1101 4066 1218 4119 χιιι,
1249 4052 1303 4105 1.

1280 3982 1323 4011 ³⁷
1356 3980 1396 4033 11
1431 3980 1575 4034 Pctr.
1609 3998 1685 4043 ιιι,
1718 3983 1770 4036 8.

1380 4052 1422 4082 ³³
1450 4050 1606 4117 lbid.,
1632 4054 1686 4107 4.

1885 3983 1929 4015 ’⁸
1956 3979 2111 4035 Joan.
2148 3994 2266 4045 vin,
2295 3978 2384 4032 44.

1904 3054 2083 3100 autem
2117 3046 2193 3098 ait
2226 3044 2463 3099 Verbum
2497 3060 2509 3097 :
2549 3063 2566 3095 ‹
2602 3043 2705 3096 Ρει·
2735 3058 2820 3097 me
2843 3058 2995 3114 reges
3030 3057 3275 3114 regnant,
3304 3056 3355 3100 et
3380 3063 3476 3117 po-

1901 3148 2080 3193 tentes
2113 3136 2226 3207 (66)
2261 3135 2571 3204 tenent(67)
2594 3134 2887 3203 justitiam.
2923 3135 3023 3191 Per
3076 3153 3161 3193 me
3199 3140 3475 3210 principes

1902 3230 2293 3285 exaltabuntur
2325 3229 2458 3298 (68),
2492 3238 2547 3282 ει
2571 3228 2788 3299 tyranni
2826 3243 2925 3299 per
2955 3245 3041 3286 me
3083 3243 3317 3299 regnant
3359 3242 3473 3287 ter-

1902 3318 2261 3391 ram(69)“.r
2290 3318 2352 3372 Et
2375 3317 2575 3372 Paulus
2600 3328 2777 3373 autem
2796 3320 3071 3388 apostolus
3102 3322 3153 3374 in
3180 3322 3279 3376 hoc
3299 3325 3473 3392 ipsum

1901 3410 1977 3463 ait
2006 3426 2020 3462 :
2050 3428 2068 3460 ‹
2099 3408 2363 3463 Omnibus
2394 3406 2753 3475 potestatibus
2802 3407 3211 3462 sublimioribus
3244 3410 3475 3477 subjecti

1903 3510 2075 3555 estote
2108 3517 2120 3552 :
2156 3513 2258 3551 nou
2295 3508 2377 3550 est
2404 3498 2548 3551 enim
2588 3506 2825 3565 potestas
2863 3500 2961 3552 nisi
2998 3515 3025 3553 a
3054 3500 3179 3554 Deo.
3214 3500 3343 3565 Quae
3373 3517 3473 3554 au-

1907 3601 2011 3645 tem
2065 3600 2194 3645 sunt
2244 3604 2271 3643 a
2308 3590 2416 3642 Deo
2478 3590 2755 3659 dispositae
2788 3600 2915 3644 sunt
2941 3591 3006 3645 ".
3044 3610 3061 3643 ι
3095 3592 3161 3644 Ει
3187 3593 3383 3645 iterum
3409 3592 3475 3647 de

1906 3680 2038 3751 ipsis
2073 3682 2186 3735 ait:
2222 3700 2240 3732 ι
2283 3680 2399 3733 Non
2427 3682 2573 3735 enim
2611 3682 2729 3735 sine
2768 3696 2933 3736 causa
2978 3682 3213 3753 gladium
3261 3692 3470 3753 portat;

1906 3776 2001 3828 Dei
2035 3774 2179 3827 enim
2216 3772 2465 3827 minister
2495 3782 2597 3837 est,
2622 3772 2817 3827 vindex
2849 3774 2900 3826 in
2955 3774 3094 3826 iram
3131 3777 3178 3827 ei
3212 3776 3304 3844 qui
3338 3776 3475 3831 male

1909 3870 2169 3933 operatur
2192 3862 2256 3915 ³³.
2299 3880 2318 3913 ι
2354 3860 2619 3923 Quoniam
2653 3861 2768 3915 bmc
2812 3869 2991 3917 autem
3030 3877 3135 3915 non
3175 3863 3240 3916 de
3268 3863 3475 3932 angeli-

2505 3976 2547 4008 ²⁹
2582 3975 2713 4031 Luc.
2744 3993 2814 4043 tv,
2843 3978 2895 4031 6.
2995 3978 3041 4009 ³⁸
3087 3976 3244 4032 Prov.
3275 3994 3389 4046 ιιι,
3421 3978 3473 4035 1.

294 4186 420 4255 (58)
463 4189 791 4255 Disputabat.
828 4192 881 4245 In
906 4190 1089 4255 Eras.,
1115 4192 1317 4246 Gallus.
1345 4193 1806 4255 Clarom.,Arun-
1839 4198 1882 4251 D
1916 4193 2155 4256 mistam,
2209 4190 2325 4244 dies
2378 4204 2536 4243 unus.
2581 4184 2677 4243 llis
2720 4186 2972 4242 omnibus
3000 4184 3304 4256 praemisit,
3334 4184 3478 4253 quod

223 4260 329 4310 dcl.
373 4268 430 4311 et
475 4258 639 4329 Merc.
680 4260 735 4321 2,
771 4262 1029 4329 disputat.

295 4329 411 4394 (59)
484 4328 744 4383 Tertium.
817 4328 891 4385 Ita
962 4349 1025 4385 ex
1094 4334 1424 4388 Claromoiit.
1491 4335 1641 4401 posui
1708 4347 1805 4401 pro

221 4409 398 4450 tertio.

317 4469 409 4532 60)
447 4467 917 4537 Mianducaverant.
962 4472 1071 4537 AL,
1113 4473 1585 4527 manducaverunt.

316 4538 408 4605 61)
476 4536 740 4599 Quoniam
790 4536 1107 4597 conditionis
1148 4545 1259 4596 dies
1314 4560 1474 4596 unus.
1534 4542 1801 4599 Nimirum

220 4608 361 4682 quia
386 4618 560 4682 totum
596 4608 723 4682 illud
754 4612 1015 4679 spatium,
1052 4630 1157 4682 quo
1190 4615 1421 4666 mundus
1466 4626 1800 4680 perseverat,

221 4678 364 4743 apud
410 4678 576 4729 Deum
618 4678 911 4733 unius’diei
942 4678 1115 4736 instar
1147 4692 1248 4737 est.
1293 4678 1547 4748 Quanrin
1584 4678 1804 4739 senten-

224 4749 352 4797 tiam
391 4748 557 4799 trahit
598 4759 794 4803 anctor
826 4762 1012 4806 noster
1042 4754 1167 4806 illud
1201 4753 1475 4807 Geneseos
1506 4770 1517 4806 :
1573 4750 1802 4807 Factum

219 4828 294 4869 est
346 4818 489 4889 enim
534 4834 757 4887 vespere,
802 4832 849 4872 et
906 4820 1104 4889 factum
1155 4832 1230 4876 est
1287 4839 1438 4874 mane
1487 4823 1597 4875 dies
1640 4840 1799 4878 unus.

224 4887 388 4964 Quasi
429 4888 688 4942 diceret:
736 4887 914 4943 totum
942 4894 1209 4959 siquidem
1254 4893 1508 4959 spatium,
1560 4908 1668 4964 quo
1716 4910 1801 4948 res

222 4955 465 5028 condita:
495 4969 865 5024 perseverant,
899 4955 1131 5028 vespere
1172 4970 1225 5013 et
1271 4955 1429 5015 inane
1458 4955 1805 5017 circumscri-

221 5025 407 5087 bitur;
464 5036 517 5079 at
562 5042 784 5096 vespere
836 5039 889 5082 et
935 5025 1093 5084 mane
1146 5034 1261 5085 dies
1309 5047 1447 5083 unus
1503 5043 1605 5085 est.
1675 5033 1801 5087 llzrc

224 5098 399 5175 prima
456 5098 758 5175 explicandi
799 5100 1062 5175 rationali
1117 5102 1319 5155 Irenaeo
1368 5102 1547 5175 allata,
1581 5104 1798 5175 quinam

226 5165 355 5219 illud
385 5181 569 5219 verum
599 5169 690 5229 sit,
712 5170 900 5223 eadem
934 5171 1018 5223 die
1049 5182 1319 5224 mortuum
1363 5186 1481 5224 esse
1514 5165 1799 5235 Adamum,

222 5250 327 5303 qua
366 5239 635 5303 peccavit.
688 5238 837 5291 Alias
892 5242 1121 5294 subinde
1176 5242 1365 5303 refert,
1423 5257 1612 5309 nempe
1656 5258 1800 5294 mor-

227 5315 576 5379 tuuut‘esse
632 5309 907 5379 Adamum
968 5315 1156 5363 eodem
1218 5327 1323 5379 quo
1386 5313 1627 5378 peccavit
1690 5313 1797 5376 die,

225 5378 349 5443 quia
382 5375 587 5427 debitor
613 5378 786 5443 factus
811 5391 883 5431 est
929 5384 1133 5444 mortis,
1165 5375 1259 5434 seu
1297 5375 1453 5433 morti
1490 5375 1797 5443 obnoxius;

228 5446 423 5518 tertio,
452 5447 575 5511 quia
614 5461 765 5500 sexta
791 5449 924 5502 feria
964 5467 1085 5502 cum
1122 5452 1445 5517 peccaverit,
1475 5466 1577 5515 qua
1602 5461 1653 5503 et
1687 5452 1800 5518 ipsa

226 5517 478 5567 conditus
512 5526 616 5577 est,
651 5522 837 5570 eadem
893 5520 1005 5584 ipsa
1063 5521 1218 5582 feria,
1280 5521 1407 5573 licet
1448 5530 1567 5587 post
1620 5517 1801 5588 plures

225 5599 425 5657 anulos,
464 5596 797 5651 recurrente,
840 5599 1085 5643 mortuus
1118 5601 1219 5643 est.
1255 5588 1324 5643 Ut
1374 5590 1418 5643 si
1467 5590 1587 5657 quis
1633 5592 1798 5645 natali

225 5668 321 5705 suo
356 5655 444 5727 die
469 5657 757 5719 moriatur,
795 5660 981 5713 eodem
1025 5675 1131 5727 quo
1171 5671 1325 5713 ortus
1356 5669 1436 5712 est
1481 5655 1616 5713 inori
1658 5660 1803 5714 dici-

228 5733 334 5775 tur.
366 5724 636 5789 Quartam
670 5728 820 5781 addit
874 5746 887 5781 :
938 5724 1061 5797 quia
1108 5732 1247 5782 intra
1296 5730 1639 5781 millesimum
1700 5747 1800 5782 an-

228 5809 355 5846 uutu
390 5798 656 5863 άεεεε›1ι;
701 5805 827 5851 ευιιι
874 5812 1051 5854 autem
1087 5802 1210 5853 anui
1258 5801 1423 5864 mille,
1469 5800 1620 5867 juxta
1653 5799 1800 5854 Psal-

1912 4254 2263 4317 inobedientia
2328 4258 2424 4312 Dei
2473 4270 2691 4311 mortem
2741 4258 2921 4325 infert.
2985 4255 3101 4321 Quo
3152 4254 3240 4307 die
3299 4256 3478 4322 itaque

1910 4334 2150 4385 Adamus
2177 4331 2269 4384 Dei
2296 4330 2581 4397 imperium
2614 4328 2956 4389 detrectavit,
2988 4340 3050 4397 eo
3081 4326 3198 4397 ipso
3231 4334 3479 4397 mortuus

1910 4410 2016 4454 est.
2054 4400 2176 4454 Ηίιεε
2202 4393 2441 4452 ιπενιιει·
2471 4398 2742 4465 explicare
2766 4409 2987 4449 necesse
3017 4393 3140 4459 fuit,
3180 4395 3304 4462 quia
3336 4397 3479 4463 apud

1912 4468 2175 4524 lrenteum
2206 4468 2369 4535 paulo
2399 4468 2715 4521 obscuriora
2749 4475 2896 4519 sunt.

1984 4539 2095 4610 (6‘2)
2125 4609 2131 4610 γ
2158 4532 2380 4610 factum
2484 4538 2700 4610 factum
2738 4546 2832 4589 est.
2856 4535 2972 4610 _Bis
3024 4533 3222 4610 factum
3278 4532 3479 4610 habent

1908 4603 2030 4663 cum
2070 4603 2210 4662 LXX
2256 4603 2497 4661 Clarum.
2551 4616 2603 4659 et
2642 4607 2798 4660 Voss.
2854 4604 3085 4657 Feuard.
3130 4616 3259 4655 vero
3314 4603 3477 4656 semel

1908 4688 2141 4733 tantum.
2176 4678 2433 4731 Erasmus
2476 4685 2655 4727 autem
2691 4688 2743 4729 et
2779 4675 3007 4738 Gallas.,
3048 4673 3245 4741 factus.

1980 4750 2092 4818 (6⁸5)
2128 4748 2214 4801 Ei.
2262 4746 2420 4818 Hanc»
2466 4760 2655 4818 vocem
2689 4762 2749 4818 ex
2793 4746 3026 4804 Arund.,
3050 4739 3233 4818 jMerc.
3261 4740 3296 4794 2
3328 4739 3479 4818 (con-

1908 4813 2297 4887 seut.'0ttob.)
2336 4816 2539 4885 adjecit
2601 4816 2792 4887 grab.,
2827 4831 2924 4884 pro
2980 4814 3293 4887 qua__minus
3342 4813 3479 4887 bene

1906 4892 2169 4958 scriptum
2218 4882 2287 4941 δι’
2326 4882 2538 4941 ιη’νει.
2598 4882 2843 4939 Ρευαιόζ
2892 4882 3038 4948 εοόζ,
3070 4882 3226 4937 Voss.
3271 4892 3326 4935 et
3359 4882 3479 4936 Cla-

1906 4970 2140 5014 romont.

1976 5027 2088 5099 (64)
2121 5027 2491 5096 Superposuit.
2508 5025 2562 5079 id
2586 5036 2665 5081 est
2688 5025 2928 5090 excessit,
2952 5023 3113 5078 velut
3131 5022 3294 5077 liabet
3313 5019 3477 5092 paulo

1906 5108 2049 5167 post,
2080 5114 2442 5167 supergressus
2464 5108 2584 5162 [8“.

1984 5167 2096 5239 (65)
2130 5168 2287 5239 (liena
2319 5184 2475 5239 pura.
2514 5167 2645 5239 Vide
2684 5180 2868 5239 supra.

1976 5233 2089 5308 ('66)
2123 5233 2383 5308 Potentes.
2406 5238 2584 5299 Eras.,
2599 5233 2808 5308 ‘Galla’s.
2826 5246 2880 5308 et
2900 5233 3155 5308 Feuard.,
3170 5240 3475 5308 potestates.

1976 5302 2090 5377 (67)
2126 5307 2341 5360 Tenent.
2377 5302 2670 5386 ln~nostris
2693 5305 2803 5359 τῶν
2824 5305 2879 5357 0'
2898 5307 3055 5360 codd.
3078 5305 3309 5375 legimus
3339 5302 3476 5372 γρά-

1904 5396 2084 5447 φουσι,
2116 5392 2223 5429 non
2258 5393 2535 5447 κρατουσι.

1976 5449 2084 5519 (68)
2119 5440 2539 5519 EgrAaltabumur.
2595 5444 2674 5519 ita
2721 5446 2957 5519 tllarom.
2987 5442 3044 5519 in
3090 5452 3203 5497 vet.
3234 5440 3470 5519 _Feuard.

1904 5512 2134 5581 cod.,'et
2161 5517 2350 5591 _Voss.,
2413 5517 2815 5591 excitabuntur;
2862 5517 2913 5568 in
2949 5512 3473 5591 aliis,_exaitantur_{

1907 5590 1993 5643 cui
2042 5588 2260 5658 quidem
2312 5586 2530 5660 lectioni
2566 5586 2693 5639 licet
2734 5587 2953 5660 faveant
2990 5584 3235 5660 hodierni
3276 5581 3473 5660 sint}?

1907 5655 2089 5721 coddf,
2118 5658 2399 5725 exemplar
2421 5657 2655 5710 Clarum.
2677 5657 2828 5723 sequi
2854 5655 3038 5721 malui,
3056 5655 3180 5723 quia
3204 5655 3476 5719 antiquio-

1908 5743 1995 5783 res
2021 5728 2175 5781 codd.
2206 5729 2446 5779 futurum
2480 5738 2693 5793 tempus
2728 5727 2944 5779 habent.

1976 5798 2086 5868 (69)
2105 5797 2210 5851 Per
2230 5811 2309 5850 me
2327 5807 2542 5867 regnant
2566 5787 2781 5849 tirmm.
2813 5796 2903 5849 Sic
2921 5804 3074 5849 vetus
3090 5792 3323 5847 Feuard.
3344 5787 3471 5844 cod.
