4238 6316
205 378 341 437 H89

1331 379 1605 437 CONTRA
1638 371 1983 439 HZERESES
2021 373 2150 440 LIB.
2195 383 2260 439 ν.

3309 393 3449 450 1190

204 495 458 562 adorari;
507 505 563 550 et
611 511 734 550 cum
775 494 847 551 sit
881 505 1092 562 servus,
1132 511 1315 566 regem
1351 513 1408 552 se
1444 499 1557 551 vult
1579 514 1781 568 praeco-
1809 505 1854 559 Α
1884 498 2060 567 ligat),
2091 508 2219 554 tunc
2253 499 2342 568 qui
2375 499 2428 551 in
2459 498 2642 554 Iudaea
2677 505 2825 568 sunt,
2854 500 3064 574 fugiant
3094 504 3148 559 in
3184 517 3396 564 montes
3423 527 3442 565 ε

205 587 348 641 nari.
379 584 476 640 llle
510 586 654 640 enim
681 602 898 640 omnem
931 586 1236 655 suscipiens
1266 587 1463 640 diaboli
1494 587 1775 652 virtutem,

201 678 386 732 veniet
411 693 519 734 non
573 673 727 747 quasi
769 692 862 732 rex
903 672 1115 744 justus,
1147 693 1250 732 nec
1280 680 1432 747 quasi
1476 679 1532 733 in
1590 680 1775 750 subje-

201 772 384 826 ctione
413 771 506 826 Dei
537 770 955 844 legitimus;sed
977 770 1195 840 impius,
1218 781 1273 826 et
1301 771 1552 841 iniustus,
1571 780 1625 827 et
1661 773 1778 826 sine

201 862 346 933 lege,
375 864 528 933 quasi
558 871 894 930 apostata,et
926 862 1166 933 iniquus,
1196 873 1251 918 et
1280 863 1549 918 homicida
1571 907 1586 931 ,
1619 866 1775 936 quasi

202 957 367 1020 latro,
429 955 751 1012 diabolicam
806 957 1135 1025 apostasiam
1187 955 1242 1010 in
1275 969 1335 1011 se
1361 957 1771 1026 recapitulans:

203 1058 264 1104 et
292 1047 428 1103 idola
459 1047 676 1116 quidem
708 1061 996 1116 seponens,
1028 1047 1094 1101 ad
1122 1047 1454 1102 suadendum
1485 1051 1630 1116 quod
1661 1048 1775 1116 ipse

202 1141 279 1195 sit
319 1141 492 1207 Deus;
550 1153 609 1193 se
660 1148 838 1194 autem
889 1139 1152 1196 extollens
1193 1155 1356 1194 unum
1405 1139 1640 1203 idolum,
1681 1141 1775 1194 ha-

202 1235 336 1285 bens
391 1231 444 1285 in
497 1230 790 1301 semetipso
838 1230 1174 1302 reliquorum
1238 1233 1502 1289 idolorum
1557 1233 1771 1287 varium

200 1337 444 1378 errorem
506 1342 518 1378 :
569 1333 628 1376 ut
675 1324 729 1378 hi
782 1323 873 1393 qui
926 1340 1024 1394 per
1085 1325 1284 1380 multas
1337 1326 1774 1381 abominationes

202 1412 434 1467 adorant
455 1412 751 1479 diabolum,
781 1415 834 1467 hi
861 1429 959 1484 per
980 1416 1083 1469 hoc
1108 1432 1272 1469 unum
1302 1415 1500 1470 idolum
1527 1417 1772 1472 serviant

199 1499 328 1570 ipsi,
358 1501 425 1556 de
454 1516 561 1571 quo
590 1503 884 1572 Apostolus
905 1504 959 1558 in
981 1505 1217 1575 Epistula
1252 1520 1370 1575 qua:
1389 1515 1469 1561 est
1492 1507 1558 1560 ad
1599 1507 1773 1562 Thes-

198 1592 574 1648 salonicenses
606 1597 866 1660 secunda,
891 1596 970 1652 sic
1003 1598 1082 1650 ait
1119 1615 1131 1650 :
1168 1614 1187 1648 ι
1221 1597 1489 1664 Quoniam
1529 1601 1634 1654 nisi
1679 1615 1772 1653 ve-

198 1685 344 1740 nerit
377 1685 654 1740 abscessio
697 1685 968 1754 primum,
1008 1695 1063 1741 et
1095 1689 1369 1742 revelatus
1403 1688 1565 1744 fuerit
1608 1691 1770 1744 homo

197 1773 429 1840 peccati,
466 1774 609 1828 ﬁlius
635 1776 979 1843 perditionis,
1007 1777 1100 1845 qui
1133 1776 1452 1830 adversatur
1478 1787 1533 1829 et
1558 1776 1770 1830 extollit

197 1878 258 1918 se
293 1878 459 1933 super
479 1879 639 1919 omne
671 1867 813 1934 quod
867 1866 1065 1920 dicitur
1099 1866 1263 1931 Deus,
1301 1874 1396 1919 aut
1435 1866 1664 1920 colitur:
1692 1867 1764 1922 ita
1797 1849 1839 1904 Β

194 1965 256 2012 ιιι
289 1958 340 2011 in
377 1957 572 2025 templo
605 1958 696 2011 Dei
731 1959 936 2024 sedeat,
965 1957 1255 2013 ostendens
1283 1961 1628 2027 semetipsum
1651 1972 1769 2015 tan-

193 2065 360 2119 quam
394 2050 467 2103 sit
489 2049 628 2103 Deus
650 2049 713 2102 ³⁸.
739 2067 755 2100 ι
787 2047 1067 2103 Manifeste
1086 2051 1249 2115 igitur
1276 2051 1563 2121 Apostolus
1578 2062 1764 2107 osten-

194 2142 275 2194 dit
313 2140 645 2209 apostasiam
672 2139 784 2210 (82)
828 2138 965 2206 ejus,
998 2149 1053 2194 et
1079 2143 1336 2210 quoniam
1369 2143 1648 2197 extollitur
1679 2161 1768 2198 sn-

192 2249 288 2303 per
317 2249 481 2289 omne
511 2234 655 2303 quod
693 2233 891 2288 dicitur
931 2231 1095 2298 Deus,
1119 2233 1381 2302 vel'quod
1413 2235 1636 2302 colitur,
1665 2235 1767 2290 hoc

197 2334 302 2388 est,
335 2339 500 2395 super
524 2338 688 2380 omne
738 2323 941 2379 idolum
973 2323 1048 2395 (hi
1078 2326 1364 2380 enimsunt
1391 2329 1479 2395 qui
1514 2327 1766 2382 dicuntur

192 2419 409 2486 quidem
437 2419 506 2472 ab
535 2415 868 2482 hominibus,
904 2431 1008 2473 non
1043 2426 1168 2472 sunt
1189 2429 1370 2473 autem
1402 2420 1520 2487 dii),
1542 2431 1597 2475 et
1626 2437 1762 2489 quo-

191 2510 335 2563 niam
369 2508 481 2578 ipse
512 2521 570 2561 se
600 2505 884 2576 tyrannica
916 2519 1067 2559 more
1095 2506 1206 2576 (85)
1231 2507 1526 2561 conabitur
1578 2519 1764 2562 osten-

189 2600 320 2654 dere
352 2600 538 2653 Deum.

255 2691 314 2744 ‘2.
341 2690 514 2760 Super
543 2691 657 2744 haec
691 2700 868 2744 autem
912 2689 1283 2744 manifestavit
1324 2698 1378 2744 et
1421 2689 1576 2753 illud,
1621 2691 1763 2758 quod

188 2801 216 2838 a
254 2785 414 2839 nobis
441 2797 536 2852 per
569 2782 737 2836 multa
761 2792 1037 2837 ostensum
1065 2792 1168 2846 est,
1204 2782 1465 2850 quoniam
1491 2782 1544 2835 in
1573 2782 1766 2837 Hiero-

187 2877 413 2948 solymis
449 2876 704 2945 templum
741 2875 1100 2943 dispositione
1139 2875 1250 2928 veri
1303 2873 1397 2928 Dei
1427 2873 1630 2928 factum
1657 2888 1760 2929 est.

185 2971 306 3040 lpse
336 2959 481 3024 enim
509 2969 804 3038 Apostolus
830 2983 896 3021 ex
928 2983 1022 3021 sua
1056 2982 1285 3035 persona
1323 2967 1603 3021 diﬂinitive
1632 2979 1764 3022 tem-

186 3067 336 3134 plum
363 3064 492 3116 illud
515 3063 649 3117 dixit
680 3063 793 3115 Dei.
827 3062 1175 3115 Ostendimus
1205 3070 1381 3114 autent
1426 3061 1476 3113 in
1508 3063 1667 3115 tertio
1701 3062 1764 3115 li-

187 3159 287 3212 bro
312 3159 378 3220 ³⁹,
412 3157 616 3210 nullum
665 3157 732 3208 ab
788 3153 1050 3223 apostolis
1088 3169 1152 3207 ex
1191 3169 1286 3206 sua
1324 3168 1556 3221 persona
1591 3155 1757 3208 Deum

185 3250 475 3320 appellari,
514 3249 613 3302 nisi
652 3262 773 3299 eum
811 3247 900 3315 qui
936 3260 1063 3298 vere
1094 3245 1164 3298 sit
1203 3246 1364 3305 Deus,
1393 3244 1608 3298 Patrem
1654 3245 1757 3298 Do-

183 3341 322 3394 inini
358 3339 529 3393 nostri
559 3357 571 3391 :
612 3337 769 3405 cujus
794 3337 946 3402 jussu
976 3334 1101 3396 hoc,
1131 3335 1274 3403 quod
1306 3345 1389 3389 est
1422 3335 1474 3388 in
1506 3334 1758 3389 Hieroso-

184 3432 368 3503 lymis,
399 3431 596 3484 factum
629 3438 713 3483 est
765 3427 1047 3495 templum,
1077 3425 1146 3479 ob
1194 3440 1288 3480 eas
1333 3440 1527 3479 causas
1562 3440 1682 3495 quae
1727 3443 1754 3478 a

184 3526 344 3582 nobis
383 3527 546 3580 diem:
570 3530 733 3577 sunt:
766 3523 821 3576 in
854 3536 964 3590 quo
990 3521 1344 3575 adversarius
1375 3521 1604 3584 sedebit,
1642 3529 1761 3574 ten-

185 3631 309 3674 tans
345 3619 702 3686 semetipsum
735 3615 1010 3670 Christum
1037 3614 1329 3670 ostendere
1357 3654 1371 3676 ,
1404 3614 1545 3666 sicut
1569 3621 1621 3665 et
1647 3611 1754 3666 Do-

184 3713 368 3766 minus
405 3711 518 3763 ait:
556 3727 572 3760 t
611 3707 745 3762 Cum
796 3718 979 3761 autem
1017 3707 1262 3760 videritis
1299 3704 1755 3758 abominationem

183 3802 544 3858 desolationis
573 3841 587 3867 ,
636 3801 780 3869 quod
834 3801 1039 3853 dictum
1072 3808 1154 3852 est
1183 3797 1294 3866 (84)
1330 3811 1426 3864 per
1481 3797 1755 3850 Danieletn

185 3894 542 3963 prepbetatn,
574 3899 806 3944 stantem
837 3889 889 3942 in
925 3889 1042 3943 loco
1067 3897 1252 3940 sancto
1277 3885 1390 3953 (qui
1427 3883 1571 3955 legit,
1603 3885 1757 3936 intel-

259 3986 364 4038 ³⁸11
391 3985 586 4038 Thess.
623 4000 680 4047 ll,
719 3985 773 4046 3,
810 3983 863 4035 4.
944 3982 988 4013 ³⁹
1011 3981 1140 4051 Cap.
1197 3989 1228 4040 9
1268 3988 1321 4035 et
1354 3995 1506 4048 seqq.

183 4059 231 4089 δ’
265 4054 428 4119 lbid.,
453 4055 523 4109 95
554 4065 608 4108 et
656 4070 808 4123 seqq.

259 4167 373 4240 (82)
409 4169 766 4240 Ληοειᾳςίαηι.
801 4167 875 4240 lta
901 4163 1137 4240 Feriard.
1166 4166 1218 4218 in
1248 4179 1445 4235 marg.,
1488 4164 1752 4232 Clarom.,

187 4235 430 4294 Vossret
462 4237 664 4299 Grab.;
694 4238 898 4299 eteteri,
930 4238 1227 4289 adt-emam.

261 4309 372 4378 (8'5)
416 4309 583 4364 More.
623 4310 676 4361 In
706 4309 938 4366 Artttid.,
975 4311 1184 4378 timore.

253 4375 367 4450 ('84)
412 4378 563 4450 Quod
590 4379 911 4450 dictantest.
947 4378 1037 4429 Sic
1071 4375 1542 4450 Clarmn.,Voss.,
1579 4376 1755 4428 Aron-

184 4446 296 4504 del.
329 4446 384 4503 et
413 4447 577 4500 Mere.
609 4449 656 4502 Ι.
691 4446 922 4514 lleliqui,
955 4461 1070 4514 qua!
1127 4447 1264 4497 dicta
1298 4459 1391 4497 est.
1420 4452 1485 4498 At
1523 4462 1624 4498 non
1655 4450 1754 4500 du-

185 4523 357 4574 bitem
388 4521 515 4586 quin
544 4517 601 4569 τὸ
632 4515 794 4588 ῥηθέν
821 4517 1046 4588 verterit
1071 4518 1356 4588 interpres,
1378 4518 1530 4588 quod
1553 4517 1750 4567 dictant

183 4601 299 4651 est,
353 4575 494 4642 haud
541 4575 826 4641 attendens
877 4586 1006 4639 illud
1042 4575 1258 4652 ,rel'erri
1307 4575 1399 4637 :td'
1429 4585 1745 4655 βδέλυγμας
1783 4575 1828 4629 Π

184 4661 441 4728 quamvis
473 4657 693 4712 inferius
716 4658 1035 4728 accuratius
1058 4657 1306 4720 verterit,
1340 4673 1454 4724 quw
1487 4658 1625 4709 dicta
1657 4668 1753 4710 est.

262 4729 377 4800 (85)
420 4727 702 4800 Qieiditur.
732 4727 858 4800 Alii,
893 4726 1232 4800 divideretur.

259 4795 399 4872 (86)
429 4796 696 4872 Videbam.
754 4799 842 4850 Sic
870 4795 1147 4872 jllaromq
1181 4797 1368 4872 _\[os_s.,
1409 4795 1575 4872 Mere.
1601 4797 1637 4872 Al
1700 4804 1756 4872 et

184 4865 533 4936 Grab.'juxta
574 4866 820 4921 Graecum
869 4865 1139 4933 Danielis,
1178 4866 1465 4938 ἐθεώρουν.
1515 4867 1755 4936 Reliqui,

186 4941 483 4994 ridebatur.

263 5008 377 5082 (87)
425 5007 686 5082 Peruenit.
715 5007 894 5074 Eras.,
925 5007 1148 5082 Gallus”
1182 5009 1393 5082 Arund.
1423 5017 1477 5082 et
1510 5006 1675 5062 Mere.
1697 5008 1750 5082 2.

184 5077 462 5148 praeuenit.
516 5080 876 5148 Hieronymus
909 5085 1036 5133 vero
1067 5077 1310 5132 Graecum
1347 5077 1546 5148 ἔφθασε
1580 5081 1759 5134 reddi-

185 5152 294 5213 dit,
330 5151 562 5203 advenit.

262 5221 377 5292 (88)
411 5219 479 5272 Et
507 5222 681 5274 decem
718 5234 913 5274 cornua
952 5219 1088 5292 eju_s.
1127 5219 1205 5273 lla
1255 5220 1405 5287 juxta
1441 5220 1613 5276 Graec.
1652 5219 1756 5272 Da-

189 5288 586 5345 nielis'textum
619 5293 820 5343 habent
871 5301 974 5344 vet.
1026 5288 1352 5344 Feuardent.
1391 5293 1535 5354 cod.,
1571 5292 1752 5354 Voss.,

188 5361 453 5415 Arundel.
482 5371 538 5414 et
564 5361 725 5415 Mere.
756 5361 807 5412 2.
841 5361 905 5414 Et
931 5364 999 5413 ita
1027 5361 1189 5414 etiam
1221 5361 1455 5416 habebat
1483 5363 1752 5423 Claronn,

188 5433 284 5484 sed
331 5432 601 5484 recentior
635 5431 904 5501 quispiam
953 5431 1249 5486 audaculus
1299 5433 1562 5501 scripsit:
1614 5441 1662 5483 et
1690 5434 1753 5483 de

189 5507 370 5555 decem
425 5503 668 5554 cornibus
707 5499 861 5566 ejus;
911 5510 1071 5571 prout
1117 5503 1169 5555 in
1223 5499 1650 5568 Eras.,‘Gallas.
1698 5511 1755 5556 et

189 5571 676 5640 Feuardslegilur.

266 5640 379 5712 (89)
421 5639 699 5709 Superabit
731 5640 925 5712 ﬁniatis.
973 5640 1062 5695 Sic
1104 5640 1366 5704 Clarom.,
1402 5642 1665 5695 Arundel.
1698 5650 1752 5695 et

190 5710 444 5772 nemo,
476 5713 629 5779 juxta
684 5710 829 5766 LXX
876 5714 1203 5782 exemplaris
1243 5715 1497 5767 Romani.
1541 5712 1646 5766 Sed
1697 5716 1748 5764 in

191 5785 365 5836 veteri
411 5783 644 5836 Feuard.
680 5784 805 5837 cod.
867 5795 920 5836 et
967 5784 1148 5848 V'oss.,
1199 5786 1406 5837 subi-aet
1440 5784 1646 5847 malos;
1699 5785 1750 5835 in

195 5851 432 5920 Erasm.,
460 5852 661 5911 Gallas.
695 5866 747 5908 et
780 5851 1008 5908 Feuard.
1037 5858 1214 5921 editt.,
1251 5857 1514 5922 superabit
1553 5854 1708 5909 alios.

1591 3979 1636 4010 θ’
1669 3979 1855 4033 Matth.
1915 3992 2064 4041 xxiv,
2117 3977 2184 4031 15
2216 3989 2271 4030 et
2301 3992 2452 4046 seqq.

1879 600 1933 641 et
1970 592 2060 656 qui
2090 590 2143 643 in
2176 597 2315 643 tecto
2347 600 2453 653 est,
2478 606 2585 646 non
2618 591 2912 648 descendat
2935 596 3125 650 tollere
3146 599 3443 668 quidquam

1878 678 1943 732 de
1968 681 2146 733 domo.
2186 679 2302 732 Erit
2329 681 2470 734 enim
2507 689 2632 736 tunc
2679 697 2935 752 pressura
2980 701 3216 757 magna,
3265 691 3445 759 qualis

1875 783 1983 822 non
2027 777 2114 822 est
2168 767 2314 823 facta
2360 770 2429 824 ab
2485 771 2642 827 initio
2693 775 2874 829 saeculi
2928 791 3102 846 usque
3148 795 3314 848 nunc,
3347 782 3445 841 sed

1876 870 2052 926 neque
2081 859 2172 913 fiet
2199 859 2267 911 ⁸ο.
2304 878 2323 912 t

1945 949 2000 1002 5.
2035 947 2223 1003 Daniel
2280 961 2457 1007 autem
2521 952 2806 1008 novissimi
2858 958 3012 1028 regni
3062 958 3224 1015 linem
3272 962 3450 1032 respi-

1876 1042 2044 1105 ciens,
2077 1043 2127 1096 id
2158 1055 2243 1097 est
2276 1046 2604 1101 novissimos
2657 1049 2846 1103 decem
2897 1062 3074 1122 reges,
3114 1054 3167 1107 in
3193 1070 3333 1124 quos
3363 1055 3444 1111 di-

1875 1133 2077 1186 viditur
2107 1134 2219 1207 (85)
2251 1150 2473 1206 regnum
2517 1138 2756 1206 illorum,
2781 1156 2948 1210 super
2979 1159 3114 1211 quos
3144 1146 3288 1200 ﬁlius
3319 1162 3448 1217 per-

1875 1222 2101 1277 ditionis
2128 1225 2332 1291 veniet,
2363 1242 2569 1283 eornua
2610 1230 2744 1283 dicit
2787 1231 2976 1286 decem
3023 1236 3172 1289 nasci
3206 1235 3394 1293 bestiae
3423 1252 3440 1304 ;

1873 1321 1926 1363 et
1951 1311 2178 1366 alterum
2204 1330 2375 1368 cornu
2406 1315 2660 1385 pusillum
2693 1319 2842 1372 nasci
2874 1320 2926 1372 in
2960 1322 3138 1376 medio
3173 1322 3443 1392 ipsorum,

1873 1411 1928 1456 et
1967 1405 2068 1455 tria
2095 1419 2299 1459 cornua
2324 1405 2391 1459 de
2422 1407 2699 1475 prioribus
2729 1409 3005 1463 eradicari
3035 1426 3063 1464 a
3105 1410 3247 1467 facie
3301 1411 3442 1483 ejus.

1877 1513 1898 1547 ι
1937 1495 2004 1550 Et
2048 1511 2199 1562 ecce,
2255 1500 2457 1569 inquit.
2506 1499 2646 1554 oeuli
2679 1503 2858 1570 _qnasi
2896 1503 3038 1557 oeuli
3102 1505 3344 1559 hominis
3389 1506 3444 1561 in

1873 1602 2039 1643 cornu
2071 1591 2192 1652 hoc,
2225 1603 2280 1644 et
2313 1607 2375 1644 os
2409 1591 2636 1660 loquens
2665 1608 2883 1663 magna,
2928 1603 2983 1648 et
3027 1605 3284 1663 aspectus
3326 1595 3446 1665 ejus

1874 1680 2048 1746 major
2081 1681 2325 1751 reliquis.
2359 1680 2619 1737 Videbunt
2652 1684 2786 1755 (86),
2822 1694 2876 1738 et
2908 1700 3077 1738 cornu
3111 1687 3240 1741 illud
3275 1686 3447 1744 facie-

1873 1772 1967 1824 bat
1994 1770 2190 1825 bellum
2225 1775 2484 1827 adversus
2518 1785 2773 1842 sanctos,
2823 1787 2877 1830 et
2921 1776 3131 1832 valebat
3184 1779 3445 1838 adversus

1868 1877 1961 1916 eos
1990 1881 2004 1915 ς
2031 1866 2385 1932 quoadusque
2419 1867 2565 1919 venit
2596 1864 2858 1920 Vetusius
2902 1868 3150 1931 dierum,
3196 1881 3250 1925 et
3297 1871 3444 1941 judi-

1869 1955 2012 2007 cium
2045 1953 2191 2008 dedit
2216 1958 2418 2011 sanctis
2449 1957 2696 2012 aitissimi
2728 1958 2849 2022 Dei,
2905 1970 2959 2014 et
2985 1970 3200 2030 tempus
3248 1978 3444 2032 perve-

1869 2046 1946 2098 nit
1975 2045 2110 2114 (87),
2143 2057 2197 2099 et
2223 2063 2449 2116 regnum
2487 2049 2849 2103 obtinuerunt
2883 2054 3053 2106 sancti
3081 2053 3183 2108 “.t
3219 2053 3441 2124 Postea,

1874 2138 1924 2190 in
1953 2137 2295 2192 exsolutione
2349 2140 2646 2204 visionum,
2679 2141 2886 2196 dictum
2941 2151 3024 2197 est
3065 2145 3153 2198 ei:
3197 2163 3215 2196 t
3256 2144 3442 2200 Bestia

1867 2241 2083 2297 quarta,
2121 2245 2349 2300 regnum
2378 2241 2641 2299 quartum
2675 2233 2780 2287 erit
2814 2233 2865 2288 in
2905 2243 3082 2298 terra,
3121 2237 3267 2305 quod
3306 2237 3444 2292 emi-

1867 2323 2016 2375 nebit
2053 2337 2219 2390 super
2260 2321 2472 2391 reliqua
2505 2339 2695 2393 regna,
2741 2334 2795 2377 et
2822 2326 3178 2381 manducabit
3221 2342 3444 2382 omnem

1869 2428 2090 2479 terram,
2120 2426 2174 2471 et
2201 2417 2548 2472 conculcabit
2579 2433 2723 2484 eam,
2751 2428 2802 2472 et
2852 2419 3127 2475 concidet.
3159 2419 3225 2474 Et
3256 2421 3443 2476 decem

1867 2525 2072 2565 cornua
2116 2508 2233 2577 ejus
2267 2509 2399 2582 (88),
2432 2512 2618 2564 decem
2650 2525 2806 2579 reges
2853 2522 3194 2582 exsurgent;
3236 2523 3290 2566 et
3317 2523 3443 2584 post

1868 2619 1960 2659 eos
1989 2611 2175 2673 surget
2205 2605 2366 2669 alius,
2399 2604 2491 2671 qui
2545 2603 2830 2671 superabit
2875 2603 3034 2659 malis
3066 2605 3182 2674 (89)
3222 2621 3441 2672 omnes,

1865 2696 1953 2762 qui
1981 2704 2106 2748 ante
2138 2710 2260 2748 eum
2296 2694 2535 2757 fuerunt,
2570 2695 2731 2764 323
2765 2707 2817 2748 et
2851 2710 3008 2766 reges
3034 2705 3146 2751 tres
3191 2699 3442 2752 demino—

1866 2787 2005 2841 rabit
2041 2785 2229 2855 (90)et
2267 2787 2432 2839 verba
2465 2787 2731 2841 adversus
2761 2787 3104 2841 altissimum
3150 2787 3319 2844 Deum
3362 2791 3444 2844 lo-

1864 2887 2080 2947 quetur,
2115 2888 2168 2930 et
2201 2886 2425 2930 sanctos
2462 2876 2715 2930 altissimi
2754 2878 2845 2933 Dei
2876 2887 3160 2944 conteret,
3193 2889 3247 2933 et
3289 2883 3440 2952 (τρεῖς

1866 2970 1999 3020 tabit
2032 2969 2313 3022 demutare
2347 2966 2461 3036 (9|)
2492 2977 2738 3036 tempora
2760 3009 2775 3032 ,
2804 2979 2859 3022 et
2899 2968 3075 3039 legem
3102 2988 3114 3023 ε
3144 2981 3197 3026 et
3222 2973 3442 3029 dabitur

1865 3060 1917 3112 in
1949 3074 2109 3112 manu
2139 3059 2274 3126 ejus,
2303 3073 2472 3126 usque
2500 3060 2567 3112 ad
2625 3068 2837 3129 tempus
2888 3070 3194 3131 temporum
3227 3065 3360 3133 (9:2),
3385 3073 3441 3120 et

1863 3150 2147 3204 dimidium
2186 3159 2399 3219 tempus
2428 3149 2497 3214 δ’,
2538 3169 2556 3202 t
2601 3150 2702 3204 hoc
2746 3160 2846 3216 est,
2902 3168 2998 3220 per
3042 3155 3335 3208 triennium
3387 3165 3444 3212 et

1863 3257 1958 3296 sex
1997 3256 2216 3297 menses
2260 3241 2406 3312 (93),
2448 3242 2500 3294 in
2531 3243 2728 3311 quibus
2762 3244 2982 3298 veniens
3013 3247 3258 3314 regnabit
3279 3261 3443 3316 super

1867 3344 2091 3389 terram.
2153 3335 2227 3387 De
2281 3348 2391 3400 quo
2444 3333 2643 3387 iterum
2695 3344 2750 3388 et
2799 3335 3084 3404 apostolus
3137 3336 3340 3392 Paulus
3385 3342 3442 3395 in

1868 3428 2104 3479 secunda
2153 3426 2220 3479 ad
2273 3423 2820 3490 Thessalonicenses,
2874 3427 3035 3480 simul
3106 3438 3161 3482 et
3216 3445 3441 3485 causam

1869 3517 2133 3571 adventus
2161 3516 2278 3583 ejus
2306 3518 2659 3580 annuntians,
2688 3518 2767 3570 sic
2792 3517 2866 3569 a-it
2901 3532 2916 3569 :
2953 3537 2969 3568 ι
3013 3521 3078 3572 Ει
3114 3528 3242 3573 tunc
3287 3535 3441 3576 reve-

1868 3609 2070 3664 labitur
2128 3613 2386 3679 iniquus,
2438 3625 2597 3679 quem
2634 3612 2895 3665 Dominus
2937 3611 3095 3667 Jesus
3148 3614 3440 3668 interliciet

1865 3701 2055 3770 spiritu
2101 3700 2218 3754 oris
2272 3701 2356 3755 sui
2415 3711 2472 3753 et
2524 3701 2767 3756 destruet
2824 3704 3116 3771 praesentia
3175 3705 3437 3762 adventus

1865 3791 1972 3853 sui,
2007 3791 2161 3858 cujus
2191 3798 2273 3843 est
2305 3791 2568 3844 adventus
2598 3793 2895 3845 secundum
2933 3779 3307 3859 operationem
3337 3797 3437 3850 Sa-

1867 3893 2029 3946 tanae,
2065 3882 2117 3934 in
2153 3883 2297 3934 omni
2330 3882 2550 3942 virtute.
2587 3891 2640 3935 et
2670 3884 2864 3954 signis,
2890 3895 2943 3937 et
2989 3874 3256 3952 parientis
3284 3903 3438 3941 men-

2555 3978 2598 4008 “
2655 3977 2791 4032 Dan.
2831 3994 2926 4045 vn,
2963 3980 3017 4046 8,
3068 3981 3139 4034 90
3178 3991 3230 4035 et
3276 3995 3411 4052 seqq

1936 4164 2047 4236 (90)
2093 4164 2474 4218 Demiaorabt‘t.
2517 4162 2679 4219 Vetus
2736 4165 2967 4220 Feuard.
3016 4169 3136 4221 cod.
3169 4179 3223 4223 et
3272 4161 3431 4228 Voss.

1861 4235 2224 4289 dehonorabit.

1935 4305 2046 4376 (91)
2085 4305 2385 4357 Demutare.
2417 4304 2470 4357 ln
2518 4308 2686 4359 veteri
2727 4305 2959 4360 Feuard.
3009 4308 3130 4361 cod.
3176 4317 3228 4361 et
3270 4310 3428 4365 Voss.

1865 4375 2002 4430 vitio
2033 4375 2360 4437 scribarum,
2387 4392 2440 4427 se
2467 4383 2703 4439 mutare;
2736 4379 2785 4428 in
2820 4377 3081 4438 Clarom.,
3113 4381 3430 4445 emundare,

1866 4449 2004 4518 l‘orte
2034 4461 2132 4518 pro
2170 4448 2464 4518 emendare.
2495 4445 2601 4498 Sed
2637 4457 2763 4499 vera
2802 4447 2968 4500 lectio
3005 4459 3089 4501 est
3116 4451 3426 4518 demutare,

1857 4517 2009 4584 justa
2034 4513 2232 4569 ’Graac.
2262 4513 2573 4566 ἀλλοιῶσαι.

1925 4586 2035 4658 (9‘2)
2063 4584 2234 4658 Usque
2254 4586 2546 4658 adtentpus
2569 4596 2876 4658 temporum.
2902 4585 3172 4658 ln_nostris
3200 4589 3431 4643 Danielis

1858 4655 2267 4730 exerit-pluribus
2319 4655 2554 4723 legitur:
2624 4655 2729 4718 ἕως
2792 4656 2983 4727 και.ροῦ
3048 4661 3140 4710 καὶ
3199 4660 3428 4730 καιρῶν,

1859 4745 2021 4795 usque
2059 4728 2126 4778 ad
2160 4736 2362 4793 tempus
2391 4738 2436 4776 et
2467 4738 2734 4794 tempora.

1932 4796 2042 4869 (93)
2109 4795 2223 4869 Hoc
2263 4804 2369 4869 est,
2386 4813 2476 4862 per
2522 4797 2807 4849 triennium
2853 4807 2897 4849 et
2940 4813 3031 4849 sea:
3061 4814 3278 4854 menses.
3315 4801 3428 4856 Ob-

1859 4867 2102 4938 scuriora
2139 4867 2255 4920 haec
2275 4867 2534 4938 feliciter.
2565 4881 2682 4917 meo
2709 4870 2922 4934 quidem
2945 4869 3170 4935 judicio,
3193 4871 3429 4938 explicat

1859 4939 1928 4993 el.
1967 4937 2157 5001 Grab.,
2199 4937 2352 5001 cujus
2397 4938 2662 5004 integram
2691 4949 2870 4990 notant
2904 4940 2989 4990 hic
3018 4938 3175 4999 juvat
3218 4937 3427 4995 eriseri-

1860 5011 2008 5063 bere.
2046 5007 2218 5076 Hujus
2254 5007 2737 5074 interpretationis,
2774 5010 2968 5074 inquit,
3023 5013 3138 5077 ipse
3163 5010 3221 5066 S.
3255 5011 3425 5066 Joan-

1861 5093 1955 5133 nes
2000 5089 2191 5131 auctor
2226 5086 2311 5130 est
2345 5080 2572 5144 Apoeal.
2628 5093 2751 5144 cap.
2803 5093 2899 5139 xit,
2936 5079 3021 5131 tibi
3066 5095 3187 5132 cum
3233 5083 3428 5136 mulier

1858 5150 2060 5202 dicitur
2090 5154 2265 5200 volare
2293 5149 2348 5201 in
2370 5151 2656 5208 desertum,
2683 5163 2736 5198 in
2767 5147 2940 5198 [ocimi
2968 5165 3143 5215 suam,
3188 5155 3274 5203 ubi
3319 5153 3424 5204 ali-

1861 5230 1947 5270 tur
1988 5235 2077 5289 per
2125 5225 2348 5287 tempus,
2391 5232 2439 5271 et
2465 5231 2721 5283 tempora,
2775 5229 2819 5270 et
2843 5219 3120 5272 dimidium
3159 5223 3421 5289 temporis.

1858 5304 2002 5342 vers.
2037 5288 2090 5352 6,
2119 5290 2170 5341 id
2207 5290 2411 5342 clarius
2441 5289 2742 5356 explicatur
2770 5306 2782 5341 :
2821 5290 3012 5340 mulier
3046 5290 3181 5357 [agit
3209 5288 3424 5345 iit-soli-

1859 5360 2114 5422 tudinent,
2157 5360 2244 5411 ubi
2279 5359 2496 5411 habebat
2533 5358 2704 5410 locum
2736 5372 2981 5425 paratum
3030 5377 3061 5412 a
3087 5358 3216 5425 Deo,
3267 5376 3322 5415 ut
3353 5363 3425 5415 ibi

1857 5437 2090 5502 pascant
2118 5445 2232 5502 ea_m
2284 5432 2464 5502 diebus
2511 5429 2650 5502 mille
2677 5430 2916 5502 ducentis
2964 5433 3280 5498 sexaginta;
3328 5434 3422 5502 qui

1859 5501 2028 5567 ipsius
2060 5500 2119 5552 S.
2157 5497 2390 5572 Joannis
2421 5509 2474 5551 et
2509 5501 2684 5572 totius
2711 5500 2767 5550 S.
2804 5497 3275 5572 Scripturzestylo,
3315 5497 3422 5569 quo

1857 5572 2075 5639 triginta
2121 5571 2299 5623 soluat
2342 5571 2458 5623 dies
2493 5569 2720 5637 singulis
2769 5574 3045 5623 mensibus
3088 5569 3416 5637 tribuuntur,

1859 5652 2046 5695 exacte
2075 5651 2184 5693 tres
2219 5654 2414 5703 annos,
2443 5649 2496 5692 et
2540 5653 2632 5691 sex
2680 5653 2894 5691 menses
2927 5641 3215 5707 complent.
3269 5643 3422 5695 Unde

1857 5727 1974 5777 cap.
2038 5728 2088 5763 χι
2151 5711 2389 5778 ejusdem
2435 5711 2627 5762 divina:
2668 5710 2888 5776 Apoeal.
2933 5726 3130 5762 menses
3182 5716 3417 5776 quadra-

1856 5785 2001 5849 ginta
2056 5786 2160 5834 duo
2213 5797 2440 5850 quorum
2477 5795 2623 5832 νει-δ.
2667 5778 2700 5829 2
2756 5782 2810 5830 lit
2871 5781 3093 5840 mentio,
3149 5786 3416 5834 continuo

1862 5869 1998 5908 vers.
2033 5853 2063 5905 5
2095 5857 2436 5908 resolvuntur
2467 5852 2519 5903 in
2549 5852 2654 5904 dies
2687 5850 2827 5903 mille
2849 5850 3096 5902 ducentos
3120 5853 3413 5916 sexaginta.
