4238 6316
239 391 374 450 1195

1398 385 1675 442 CONTRA
1717 385 2065 443 liEltESES
2103 385 2229 440 LIB.
2270 386 2335 439 ν.

3342 385 3479 441 1194

239 517 295 563 et
314 508 390 561 sic
430 506 704 575 deperire,
746 503 1004 557 Dominus
1034 500 1109 557 ait
1133 502 1282 570 (l0):
1316 520 1333 551 ι
1365 499 1540 555 Omne
1577 516 1804 569 regnum
1841 509 1882 561 Α
1914 511 2047 564 tum,
2084 512 2136 553 et
2159 516 2375 556 aurum.
2414 501 2551 556 Deus
2590 515 2816 570 magnus
2838 500 3163 570 significavit
3192 501 3331 571 regi,
3358 516 3481 571 qua

239 600 467 653 divisum
494 600 549 650 in
582 584 666 659 se,
694 593 1057 660 desoiabit-ur;
1082 604 1136 647 et
1164 595 1346 648 omnis
1374 594 1569 647 civitas
1596 593 1677 645 vel
1707 593 1805 646 do-

241 705 360 747 mus
384 689 559 745 divisa
594 688 649 742 in
674 701 752 750 se,
785 701 890 739 non
912 685 1159 739 stabit".
1193 704 1211 735 υ
1238 685 1411 740 Dividi
1446 684 1612 752 igitur
1638 692 1695 738 et
1726 698 1807 738 re-

239 794 439 853 gnum,
474 790 531 833 et
558 777 867 840 civitatem,
901 785 957 831 et
996 777 1214 830 domum
1246 786 1463 844 Oportet
1488 777 1539 829 in
1569 778 1756 831 decem
1791 794 1805 829 :

239 882 297 927 et
323 880 608 941 propterea
634 869 747 939 iam
787 866 1132 937 partitionem
1158 875 1213 921 et
1253 867 1579 921 divisionem
1631 869 1811 938 prati-

242 962 478 1032 guravit.
522 959 590 1015 Et
638 959 924 1030 diligenter
974 958 1158 1012 Daniel
1215 959 1377 1013 finem
1422 961 1602 1030 quarti
1656 959 1807 1029 regni

240 1055 443 1126 digitos
481 1054 558 1108 ait
600 1052 795 1122 pedum
832 1065 955 1105 esse
980 1050 1096 1121 ejus
1126 1050 1401 1120 imaginis.
1426 1065 1547 1119 qua:
1572 1065 1602 1104 a
1631 1048 1810 1103 Nabu-

240 1146 583 1201 chodonosor
607 1143 722 1198 visa
754 1154 861 1210 est,
885 1144 938 1197 in
965 1159 1104 1214 quos
1128 1144 1274 1197 venit
1311 1141 1447 1209 lapis
1484 1141 1602 1194 sine
1635 1141 1810 1193 mani-

240 1240 342 1293 bus
387 1236 667 1306 precisas,
708 1244 765 1291 et
813 1235 1271 1307 quemadmodum
1326 1234 1439 1302 ipse
1487 1232 1609 1286 ait:
1647 1254 1664 1282 ι
1708 1231 1809 1286 Pe-

242 1329 337 1382 des
362 1327 495 1393 (11),
522 1342 651 1395 pars
683 1327 903 1396 quidem
948 1325 1128 1395 aliqua
1158 1324 1360 1385 ferrea,
1392 1331 1446 1377 et
1472 1338 1601 1393 pars
1622 1322 1806 1392 aliqua

242 1419 449 1481 fictilis,
491 1418 843 1489 quoadusque
882 1419 1158 1473 abscissus
1190 1424 1275 1472 est
1310 1415 1446 1484 lapis
1476 1416 1595 1469 sine
1627 1414 1805 1467 mani-

241 1511 363 1569 bus.
386 1523 441 1565 et
465 1511 1041 1582 percussitimaginetn
1083 1509 1138 1563 in
1159 1510 1320 1577 pedes
1344 1508 1549 1563 ferreos
1576 1517 1630 1561 et
1665 1506 1807 1560 (icti-

240 1603 343 1663 les.
382 1614 437 1657 ct
481 1605 803 1658 comminuit
846 1619 942 1658 eos
983 1618 1154 1673 usque
1190 1600 1256 1655 ad
1312 1601 1559 1655 linem“.
1603 1618 1621 1650 ι
1678 1597 1808 1652 Post

239 1695 442 1749 deinde
471 1695 525 1749 in
566 1694 905 1750 exsolutione
950 1696 1067 1749 ait:
1132 1712 1151 1746 ι
1189 1693 1259 1748 Et
1309 1693 1569 1763 quoniam
1624 1691 1805 1745 vidisti

240 1789 406 1854 pedes
436 1796 489 1843 et
541 1786 759 1859 digitos,
805 1795 1014 1857 partem
1045 1787 1262 1854 quidem
1306 1786 1547 1849 ﬁctilem,
1596 1794 1804 1853 partem

239 1888 421 1932 autem
468 1879 723 1945 ferream,
767 1894 993 1948 regnum
1035 1878 1269 1932 divisum
1310 1879 1435 1942 erit,
1468 1889 1524 1932 et
1549 1895 1587 1956 ,ιι
1621 1878 1805 1931 radice

238 1969 418 2023 ferrea
452 1971 563 2039 (12)
603 1969 711 2023 erit
750 1970 803 2022 in
838 1984 924 2033 eo,
958 1970 1420 2038 quemadmodum
1476 1970 1655 2024 vidisti
1700 1969 1806 2025 fer-

238 2076 358 2115 rum
384 2062 729 2115 commistum
760 2069 931 2115 testae.
967 2058 1033 2113 Et
1075 2060 1234 2129 digiti
1270 2062 1487 2131 pedum,
1530 2077 1657 2129 pars
1686 2062 1809 2129 qui-

239 2154 361 2209 dem
403 2154 582 2224 aliqua
636 2155 829 2215 ferrea.
869 2170 993 2224 pars
1023 2162 1206 2209 autem
1258 2155 1435 2225 aliqua
1482 2155 1751 2211 ﬁctilis“.
1781 2175 1802 2209 ι

240 2245 384 2315 Ergo
407 2249 589 2301 decem
620 2248 769 2317 digiti
794 2250 1016 2317 pedum,
1048 2250 1100 2303 lti
1143 2258 1271 2302 sunt
1311 2249 1499 2302 decem
1530 2262 1706 2317 reges,
1752 2250 1805 2303 in

236 2337 442 2411 quibus
468 2340 736 2394 dividetur
775 2340 889 2407 (l3)
917 2357 1185 2412 regnum:
1224 2356 1289 2394 ex
1340 2341 1543 2410 quibus
1584 2341 1807 2410 quidam

235 2430 458 2501 quidem
502 2431 669 2486 fortes
694 2440 747 2485 et
788 2432 982 2501 agiles,
1013 2433 1128 2486 sive
1154 2431 1442 2486 efﬁcaces:
1492 2432 1583 2486 alii
1618 2434 1803 2487 autem

238 2517 379 2586 pigri
411 2525 467 2570 et
503 2517 724 2573 inutiles
754 2528 931 2581 erunt,
961 2527 1015 2573 et
1050 2534 1154 2572 non
1196 2520 1579 2584 consentient;
1617 2537 1807 2589 quem-

235 2607 530 2660 admodum
571 2616 627 2662 et
660 2607 845 2661 Daniel
896 2610 1015 2664 ait:
1055 2627 1073 2659 ι
1109 2608 1245 2663 Pars
1280 2610 1459 2680 aliqua
1510 2613 1657 2681 regni
1693 2612 1806 2682 (14)

238 2698 346 2752 erit
381 2698 559 2763 fortis,
596 2700 750 2753 etab
785 2700 901 2769 ipsa
923 2716 1049 2770 pars
1094 2700 1209 2772 (15)
1237 2703 1347 2756 erit
1386 2704 1620 2756 minuta.
1658 2703 1812 2770 Quo~.

240 2788 388 2842 niam
421 2787 599 2843 vidisti
642 2789 849 2845 ferrum
879 2794 1223 2845 commistum
1260 2802 1428 2857 testze,
1474 2794 1810 2849 commistio-

238 2894 341 2935 nes
378 2892 539 2935 erunt
578 2882 631 2935 iu
676 2882 886 2937 semine
932 2884 1213 2937 hominum
1238 2924 1253 2946 ,
1286 2894 1474 2938 etnon
1515 2893 1679 2939 erunt
1711 2887 1807 2939 ad-

231 2971 407 3042 juucti
444 2972 696 3034 invicem.
731 2974 1185 3043 quemadmodum
1212 2974 1411 3029 ferrum
1442 2992 1551 3030 non
1579 2978 1809 3032 commi-

238 3072 423 3115 seetur
449 3078 571 3118 cum
611 3072 744 3117 testa
761 3064 828 3119 ".
864 3084 881 3116 ι
921 3066 985 3120 Ει
1016 3067 1271 3135 quoniam
1301 3067 1424 3123 finis
1450 3068 1567 3134 fiet,
1596 3069 1807 3139 inquit:

243 3172 263 3206 ι
296 3155 367 3210 Et
402 3153 455 3210 in
492 3157 682 3211 diebus
711 3172 893 3227 regum
932 3160 1146 3215 illorum
1200 3160 1461 3215 excitabit
1501 3161 1642 3217 Deus
1680 3164 1801 3219 caeli
1832 3186 1873 3240 ο
1907 3172 1917 3223 1

982 3160 1146 3214 Eorum
1200 3160 1461 3215 excitabit
1501 3161 1642 3217 Deus
1680 3164 1801 3219 caeli
1832 3186 1873 3240 ο
1907 3168 2102 3231 Καλῶς
2162 3168 2190 3218 ὁ
2227 3168 2507 3227 Ἰουστῖνος
2553 3164 2656 3233 ἔφη

240 3262 492 3318 regnum,
544 3248 687 3316 quod
743 3249 795 3302 in
836 3259 1098 3305 aeternum
1133 3268 1240 3306 non
1290 3264 1694 3325 corrumpetur,
1753 3267 1808 3311 et

237 3352 463 3408 regnum
509 3340 627 3409 eius
672 3340 829 3395 alteri
870 3342 1063 3411 populo
1098 3359 1203 3397 non
1244 3343 1606 3413 relinquetur.
1640 3345 1805 3403 Com-

237 3431 449 3485 minuet
474 3441 530 3486 et
560 3432 847 3487 ventilabit
875 3434 1057 3487 omnia
1083 3450 1272 3505 regna,
1301 3447 1356 3490 et
1386 3437 1561 3505 ipsum
1599 3441 1807 3494 exalta-

236 3522 388 3578 bitur
419 3521 473 3575 in
497 3532 785 3577 aeternum.
808 3515 1281 3589 Quemadmodum
1304 3527 1511 3592 vidisti,
1542 3530 1802 3599 quoniam

234 3612 306 3667 de
351 3622 534 3669 monte
558 3615 824 3685 praecisus
846 3625 930 3670 est
950 3616 1089 3685 lapis
1116 3617 1236 3673 sine
1252 3619 1527 3684 manibus,
1561 3630 1615 3673 et
1655 3636 1805 3675 com-

238 3700 436 3757 minuit
465 3710 685 3769 testam,
723 3702 953 3769 ferrum,
986 3714 1042 3761 et
1076 3716 1461 3773 aeramentum,
1498 3719 1555 3762 et
1601 3724 1800 3779 argen-

306 3855 355 3888 ⁵¹
382 3854 571 3913 Matth.
599 3873 696 3924 xu,
732 3860 821 3915 25.
898 3862 943 3893 "
977 3862 1108 3916 Dan.
1145 3877 1204 3925 li,
1237 3862 1326 3925 55,
1360 3862 1451 3915 3i.
1526 3864 1574 3896 ⁸⁸
1601 3864 1757 3931 iliid.,
1787 3867 1876 3931 Η,
1902 3867 1989 3919 42.

336 3995 423 4065 10)
462 3995 720 4065 Dominus
750 3997 847 4048 ait.
875 3996 987 4060 AL,
1017 3998 1152 4049 sicut
1185 3996 1442 4053 Dominus
1483 4001 1581 4053 ait.

338 4063 422 4133 11)
470 4063 657 4117 Pedes.
689 4066 795 4126 AL,
827 4067 996 4133 pedis.

338 4076 422 4206 ιι)
470 4076 657 4145 Pedes.
689 4076 795 4126 AL,
827 4076 996 4133 pedis.
1155 4136 1167 4147 .

336 4136 400 4190 l2
457 4137 497 4209 4
529 4138 704 4209 radice
746 4136 939 4209 ferrea.
983 4134 1108 4209 Haec
1149 4136 1511 4209 1υξὲ³γῐιΧΧ,
1559 4140 1666 4192 ἀπὸ
1702 4140 1797 4209 τῆς

241 4204 536 4276 ῥίζηςῄῆς
590 4204 842 4275 σιδηρᾶς,
896 4204 948 4276 in
992 4206 1169 4259 locum
1230 4206 1467 4276 vuigataa
1513 4204 1791 4273 lectionis,

231 4274 360 4344 post
386 4274 645 4330 Grabium
672 4274 921 4329 s’ubstittti
953 4291 1019 4330 ex
1042 4276 1250 4339 0ttob.,
1282 4274 1437 4331 voss.
1465 4288 1519 4332 et
1551 4277 1716 4334 Merc.
1735 4279 1789 4344 2,

232 4360 549 4416 quanquam
576 4346 625 4416 in
662 4344 745 4398 his
773 4346 1079 4416 praepositio
1108 4364 1138 4399 a
1173 4347 1530 4402 desideretur.

307 4413 422 4480 (l3)
464 4414 762 4469 Dividetur.
790 4413 944 4468 Eras.
968 4425 1022 4469 et
1049 4415 1270 4480 Gallas.,
1310 4419 1593 4473 dividitur.

460 4466 655 4558 Aliqua
1738 4489 1790 4541 τε

231 4545 483 4628 Gr‘gcnm
525 4545 994 4628 Danielisfaddidit
1018 4552 1189 4609 Grab.
1220 4570 1285 4611 ex
1328 4545 1790 4628 V'oss.,'quamvis
1824 4545 1867 4599 ί)

232 4628 288 4679 iu
314 4627 421 4680 hoc
440 4640 538 4678 vox
566 4625 713 4691 regni
735 4623 803 4678 sit
832 4623 1057 4679 omissa.

306 4692 423 4767 (l5)
470 4693 630 4767 fors.
661 4692 713 4767 In
754 4692 899 4767 a_liis,
923 4707 1093 4767 parte.

304 4762 421 4837 (16)
460 4762 1097 4837 Siergo.ln_Fe_uardent.
1122 4783 1188 4822 ev
1217 4776 1319 4821 vet.
1354 4768 1478 4837 cod.
1510 4777 1565 4822 et
1596 4769 1649 4822 in
1688 4785 1789 4823 ms.

236 4832 420 4899 νοω,
452 4837 533 4905 sie
569 4849 711 4905 ergo.
755 4832 861 4905 Sed
905 4839 1175 4891 connexio
1213 4832 1556 4905 sequentium
1599 4842 1794 4894 verbo-

235 4922 377 4965 rum.
408 4904 667 4978 (τοξείαιιωί
696 4903 1024 4978 resipiscam,
1056 4910 1276 4978 exigere
1297 4903 1514 4962 videtur
1547 4908 1615 4963 si.

302 4978 417 5036 (l7)
452 4974 751 5029 Sententia.
781 4974 956 5036 Voss.,
981 4974 1230 5031 scientia.

304 4980 393 5036 (l7
452 4980 751 5029 Sententia.
783 4980 956 5036 Voss,
981 4980 1230 5031 scientia.

304 4980 418 5119 (l8i
461 5042 744 5119 Visanest.
781 5041 838 5097 In
868 5047 1025 5100 editi.
1068 5048 1260 5118 legitur
1302 5064 1495 5119 ausuri
1515 5058 1611 5113 est,
1662 5049 1788 5118 quia

231 5113 459 5171 verbum
499 5113 640 5169 istud
676 5115 757 5167 bis
796 5125 981 5182 postea
1020 5113 1307 5182 repétitur.
1348 5120 1419 5173 At
1461 5113 1695 5173 FeuardI
1732 5121 1786 5173 in

234 5201 436 5257 marg"
468 5183 677 5257 Arund.
708 5195 769 5257 et
813 5182 969 5257 Voss.
1010 5182 1214 5243 habent
1255 5193 1420 5251 uisus,
1452 5204 1549 5257 pro
1584 5205 1693 5257 quo
1735 5190 1786 5243 in

234 5253 399 5311 lere.
426 5257 464 5309 2
485 5253 757 5323 imperitia
789 5255 1092 5311 scribarum
1113 5268 1314 5325 exstat,
1355 5253 1566 5313 missus.
1604 5253 1790 5325 Quare

232 5342 357 5379 cum
378 5325 557 5398 nullus
588 5337 693 5398 tus.
716 5326 883 5379 codex
913 5326 1026 5395 jam
1058 5328 1258 5385 habent
1288 5345 1450 5382 ausus
1477 5330 1495 5398 (
1522 5345 1630 5383 uno
1648 5328 1788 5383 forte

233 5406 465 5469 excepto
492 5392 702 5457 Ottob.,
733 5410 893 5469 quem
916 5392 1099 5453 tamen
1138 5401 1251 5466 ipse
1285 5417 1388 5453 nou
1425 5392 1575 5469 viiii),
1618 5401 1787 5453 tutius

232 5466 666 5539 duxi’reponere
701 5466 1034 5539 visus:__cum
1071 5473 1305 5523 maxime
1333 5470 1496 5539 hujus
1535 5466 1786 5523 lectionis

232 5535 474 5603 optimus
509 5538 581 5589 sit
621 5550 837 5589 sensus.
877 5535 1011 5607 {iam
1053 5542 1192 5607 uisus
1238 5548 1340 5602 est,
1390 5535 1477 5594 liic
1521 5540 1787 5607 accipitur

232 5620 334 5673 pro
371 5616 673 5680 conspectus
718 5615 816 5667 est,
862 5605 1053 5661 Graece
1082 5606 1261 5680 ὤφθη,
1308 5612 1470 5679 idque
1512 5605 1785 5664 vnit—ire-

232 5690 403 5737 υκαι,
441 5676 701 5730 Satanam
740 5691 834 5744 per
865 5690 1067 5745 organa
1110 5676 1396 5734 sua’uuue
1426 5680 1687 5749 primum,
1726 5692 1784 5735 et

231 5760 340 5802 wn
367 5756 511 5809 ante,
539 5756 897 5811 conspectum
932 5760 1051 5800 esse
1104 5751 1410 5804 maledicere
1440 5750 1566 5804 Deo.

301 5816 416 5889 (l9)
459 5815 576 5868 Non
607 5818 782 5868 nudet.
822 5814 913 5870 Sic
953 5814 1177 5871 Feuard.
1225 5822 1275 5874 in
1323 5835 1494 5889 marg.
1528 5831 1579 5875 et
1620 5819 1775 5877 Voss.

598 5909 868 5969 Ριτιιοι.
910 5910 1023 5969 Gn.
1077 5912 1205 5975 VH.

1914 594 2094 647 futura
2128 604 2253 647 sunt
2285 602 2409 661 post
2438 594 2588 657 haec;
2639 602 2695 645 et
2726 605 2914 647 verum
2964 601 3048 649 est
3092 594 3389 658 somnium,
3428 601 3483 647 et

1912 686 2086 738 ﬁdelis
2117 685 2497 754 interpretatio
2526 682 2648 753 ejus
2664 683 2733 735 ⁸⁸.
2782 703 2799 735 ι

1980 776 2034 834 2.
2069 776 2123 831 Si
2153 792 2288 844 ergo
2318 777 2431 847 (16)
2462 778 2602 831 Dens
2645 790 2872 845 magnus
2902 777 3232 847 significavit
3260 791 3357 844 per
3385 776 3481 829 Da-

1913 869 2105 923 nielem
2141 869 2355 933 futura,
2386 878 2441 923 et
2467 884 2563 937 per
2597 867 2795 922 Filium
2822 869 3208 923 confirmavit:
3242 880 3297 923 et
3321 868 3483 923 Clu-i-

1912 970 2027 1015 stus
2057 970 2141 1015 est
2170 959 2329 1029 lapis,
2378 961 2471 1029 qui
2506 959 2766 1027 pra'cisus
2804 967 2890 1013 est
2918 957 3041 1013 sine
3078 958 3353 1025 manibus,
3385 960 3480 1029 qui

1911 1054 2153 1107 destruet
2209 1050 2528 1120 temporalia
2584 1064 2772 1120 regna,
2826 1057 2881 1102 et
2918 1058 3181 1104 aternum
3229 1049 3481 1116 inducet,

1912 1157 2033 1211 quae
2060 1151 2147 1197 est
2173 1143 2447 1212 iustorum
2471 1142 2799 1195 resurrectio
2841 1144 2886 1209 (ι
2928 1138 3323 1206 Resuscitabit,
3378 1142 3481 1207 ait,

1914 1236 2053 1288 Dens
2104 1234 2228 1289 caeli
2281 1250 2529 1304 regnum,
2581 1233 2724 1303 quod
2767 1233 2819 1285 in
2880 1241 3144 1288 teternum
3204 1249 3480 1305 nunquam

1914 1336 2292 1397 corrumpetur
2332 1324 2434 1393 s);
2516 1322 2781 1381 confutati
2834 1324 3173 1395 :resipiscant
3235 1326 3327 1395 qui
3383 1326 3483 1380 De-

1911 1423 2179 1488 miurgum
2205 1427 2491 1488 respuunt,
2533 1427 2589 1471 et
2615 1431 2722 1471 non
2750 1418 3098 1473 consentiunt
3129 1419 3195 1471 ab
3222 1431 3289 1472 eo
3316 1414 3482 1469 Patre

1912 1511 2221 1579 praemissos
2250 1510 2567 1579 prophetas,
2596 1523 2626 1561 a
2660 1524 2767 1577 quo
2793 1520 2849 1563 et
2871 1507 3131 1561 Dominus
3174 1506 3353 1573 venit;
3387 1508 3480 1560 sei

1909 1611 2326 1658 asseverantex
2363 1601 2745 1657 differentibus
2795 1600 3097 1655 Virtutibus
3132 1598 3314 1654 factas
3360 1613 3483 1654 esse

1912 1698 2243 1769 prophetias.
2290 1697 2421 1764 Quae
2463 1696 2608 1751 enim
2650 1711 2681 1749 a
2729 1695 3019 1765 Demiurgo
3048 1695 3310 1764 praedicta
3354 1705 3486 1748 sunt

1910 1790 2159 1845 similiter
2185 1804 2283 1860 per
2306 1802 2499 1844 omnes
2522 1788 2839 1858 prophetas,
2866 1787 2981 1842 haec
3011 1786 3267 1844 Christus
3292 1785 3344 1841 in
3375 1786 3485 1839 fine

1909 1881 2154 1952 perfecit,
2186 1883 2509 1937 ministrans
2556 1880 2737 1935 Patris
2778 1878 2863 1934 sui
2908 1877 3198 1943 voluntati,
3222 1888 3278 1931 et
3307 1878 3481 1930 adim-

1911 1975 2061 2043 piens
2118 1973 2417 2029 secundum
2486 1974 2787 2027 humanum
2853 1986 3024 2041 genus
3078 1969 3483 2039 dispositiones.

1909 2065 2010 2130 Qui
2036 2080 2168 2135 ergo
2203 2064 2581 2134 blasphemant
2621 2063 2998 2129 Demiurgum,
3028 2060 3114 2115 vel
3144 2062 3278 2129 ipsis
3301 2060 3485 2116 verbis

1909 2168 1964 2213 et
1990 2158 2297 2218 manifeste,
2329 2156 2786 2225 quemadmodum
2816 2154 2906 2223 qui
2935 2170 2964 2207 a
3009 2150 3288 2207 Mareione
3316 2164 3481 2218 sunt;

1911 2251 1996 2306 vel
2022 2250 2321 2304 secundum
2349 2248 2689 2301 eversionem
2726 2248 3014 2301 sententia:
3041 2246 3176 2315 (17),
3222 2246 3485 2314 quemad-

1914 2341 2135 2394 modum
2177 2338 2330 2408 quia
2370 2336 2663 2391 Valentino
2690 2346 2837 2400 sunt,
2876 2347 2932 2389 et
2975 2351 3166 2389 omnes
3209 2336 3302 2404 qui
3348 2334 3483 2388 falso

1911 2433 2163 2486 dicuntur
2188 2444 2307 2484 esse
2333 2428 2580 2484 Gnostici
2610 2467 2625 2489 ,
2658 2441 2860 2495 organa
2895 2426 3108 2480 Satanae
3139 2428 3205 2481 ab
3228 2429 3483 2480 omnibus

1913 2524 2078 2581 Deum
2113 2520 2416 2575 colentibus
2460 2528 2862 2586 cognoscantur
2903 2532 3048 2581 esse,
3082 2533 3182 2587 per
3212 2532 3349 2586 quos
3381 2518 3480 2571 Sa-

1914 2628 2068 2671 tanas
2098 2631 2265 2679 nunc,
2291 2623 2345 2669 et
2380 2628 2485 2667 non
2516 2621 2666 2673 ante,
2703 2612 2854 2667 visus
2878 2621 2965 2666 est
2988 2611 3126 2682 (l8),
3152 2612 3482 2667 maledicere

1910 2710 2041 2773 Deo,
2087 2707 2179 2777 qui
2217 2706 2392 2777 ignem
2427 2715 2693 2759 :eternum
2725 2703 3048 2774 prmparavit
3076 2703 3225 2757 omni
3272 2714 3483 2771 aposta-

1911 2802 2026 2858 εἰει.
2051 2801 2183 2855 Nam
2214 2802 2330 2869 ipse
2360 2813 2459 2868 per
2480 2797 2833 2866 semetipsum
2866 2796 3009 2850 nude
3032 2810 3139 2850 non
3174 2795 3341 2849 audet
3363 2793 3480 2866 (i9)

1912 2893 2295 2961 blaspltemare
2341 2906 2499 2945 suum
2540 2890 2870 2953 Dominum;
2905 2887 3365 2956 quemadmodum
3425 2901 3483 2942 et

1914 2984 2067 3038 initio
2096 2998 2194 3052 per
2218 2994 2526 3052 serpentem
2557 2980 2773 3037 seduxit
2796 2979 3096 3043 hominem,
3120 2977 3275 3047 quasi
3300 2977 3480 3032 latens

1912 3075 2108 3129 Deum.

2731 3162 2873 3217 Bene
2898 3162 3139 3217 Justinus
3160 3161 3319 3224 dixit,
3341 3178 3479 3229 quo-

2733 3252 2875 3305 niam
2895 3262 3019 3305 ante
3043 3250 3253 3305 Domini
3281 3251 3476 3305 adven-

2733 3353 2845 3395 tuut
2874 3355 3145 3410 nunquam
3188 3356 3351 3397 ausus
3394 3353 3478 3397 est

2734 3433 2965 3487 Satanas
3032 3431 3146 3503 (9.1)
3218 3432 3477 3501 blasphe-

2734 3539 2883 3578 mare
2906 3523 3097 3586 Deum,
3126 3523 3325 3593 quippe
3348 3541 3477 3578 non-

2732 3616 2859 3668 dum
2885 3614 3064 3671 sciens
3085 3629 3237 3669 suam
3260 3616 3478 3670 damna-

2733 3703 2933 3757 tione‘m
2968 3719 2983 3755 :

1916 3258 2051 3329 (ευ),
2078 3258 2158 3309 ὅτι
2184 3255 2288 3327 πρὸ
2324 3254 2421 3325 μὲν
2443 3254 2541 3324 τῆς
2564 3253 2662 3305 τοῦ

1914 3349 2116 3420 Κυρίου
2172 3345 2470 3418 παρουσίας
2508 3345 2659 3397 οὐδό-

1916 3458 2044 3495 ποτε
2063 3440 2355 3509 ἐτόλμησεν
2371 3440 2398 3489 ὁ
2420 3437 2658 3499 Σατανᾶς

1917 3529 2300 3600 βλασφημῆσαι
2347 3528 2438 3579 τὸν
2487 3525 2657 3588 Θεὸν,

1914 3625 2009 3676 at:
2045 3620 2266 3692 μηδέπω
2300 3616 2452 3679 εἰδὼς
2492 3616 2658 3669 αὐτοῦ

1910 3710 2006 3779 τὴν
2037 3709 2373 3777 κατάκρισιν·

2094 3865 2139 3894 ⁸⁵
2161 3862 2317 3925 lbid.,
2351 3862 2441 3928 42,
2470 3861 2561 3915 45.
2638 3862 2683 3893 ⁸⁵
2716 3862 2874 3928 lbid.,
2902 3861 2996 3928 44,
3027 3863 3117 3918 15.

1911 4003 2099 4071 melius
2128 4017 2289 4071 quam
2316 4002 2429 4065 alii,
2474 4018 2578 4056 non
2604 4000 2853 4053 audebat.
2885 3999 3174 4056 Rationem
3212 4003 3361 4059 enim
3388 4006 3470 4059 af-

1907 4069 2013 4124 fert
2061 4069 2161 4126 cur
2201 4072 2439 4126 Satanas
2484 4086 2829 4142 per_orgaua
2878 4087 2977 4127 sua
3036 4086 3184 4127 nunc
3231 4076 3469 4142 primum

1905 4142 2051 4197 visus
2094 4143 2162 4197 sit
2205 4139 2533 4196 maledicere
2581 4139 2693 4213 Deo
2721 4142 2927 4213 :rquia,
2971 4142 3191 4213 inquitt
3218 4139 3325 4205 ipse
3375 4163 3470 4213 per

1902 4213 2233 4280 semetipsum
2268 4228 2371 4264 non
2396 4214 2554 4265 audet
2592 4210 2951 4277 blasphemare
2983 4228 3137 4265 suum
3160 4210 3467 4268 Dominum.

1971 4280 2081 4351 (20)
2128 4280 2389 4347 Καλῶς-ό
2433 4280 2759 4345 Ἰουστῖνος
2797 4281 2934 4351 ἔφη.
2981 4281 3134 4336 llunc
3171 4283 3348 4336 locum
3400 4302 3469 4339 ex

1908 4350 2141 4422 utroque
2173 4355 2321 4422 citat
2344 4352 2541 4406 Euseb.
2574 4352 2667 4404 lib.
2698 4365 2753 4404 tv
2786 4350 2952 4422 Ηὶιι..
2978 4366 3102 4422 cap.
3128 4352 3217 4407 l8.
3255 4352 3332 4406 Ex
3358 4369 3467 4422 quo

1907 4436 2035 4474 vero
2066 4420 2270 4475 .Iustini
2292 4420 2431 4475 libro
2475 4423 2589 4475 htec
2619 4421 2971 4488 exscripserit
2997 4420 3252 4484 Irenteus,
3284 4420 3466 4478 incer-

1901 4499 2035 4545 tum.
2069 4492 2145 4545 Ex
2188 4492 2328 4545 libro
2362 4500 2547 4544 contra
2587 4488 2915 4559 Marcionem
2960 4492 3127 4559 petita
3168 4489 3289 4547 esse
3318 4508 3465 4546 assc-

1897 4574 2018 4614 rere
2046 4562 2256 4615 videtur
2289 4560 2654 4629 Hieronymus
2682 4560 2737 4612 in
2762 4557 3036 4627 Catalogo.
3087 4560 3249 4615 Forte
3295 4568 3464 4616 etiam

1902 4643 1972 4683 ex
2000 4632 2139 4685 libro
2167 4646 2326 4700 quem
2355 4633 2616 4684 adversus
2654 4644 2845 4700 omnes
2876 4630 3110 4700 bmreses
3143 4630 3381 4686 edidisse
3404 4650 3465 4687 se

1901 4698 2196 4767 profitetur
2219 4699 2463 4754 Justinus
2487 4702 2539 4753 in
2569 4699 2735 4765 priori
2764 4698 3037 4767 Apologia,
3066 4710 3220 4754 eruta
3244 4710 3392 4755 sunt.

1971 4771 2082 4841 (2i)
2128 4772 2262 4824 Ante
2303 4770 2513 4841 Domini
2547 4769 3137 4841 adventum._rturtquant
3180 4786 3341 4825 ausus
3384 4782 3462 4825 est

1900 4836 2157 4905 Satanas,
2182 4852 2290 4893 etc.
2334 4840 2595 4894 Satanam
2631 4847 2757 4891 ante
2813 4836 3015 4891 Christi
3062 4840 3351 4893 adventum
3397 4843 3465 4894 de

1898 4912 2228 4981 sempiterna
2248 4909 2595 4981 damnatione
2620 4923 2848 4981 suanon
2874 4911 3009 4981 adeo
3035 4917 3242 4981 certum
3266 4910 3458 4981 fuisse,

1894 4978 2031 5049 quin
2068 4982 2244 5034 adhuc
2269 4995 2393 5049 spes
2421 4980 2602 5045 aliqua
2633 4978 2939 5049 obtinenda)
2970 4994 3066 5047 per
3091 4979 3241 5032 illum
3262 4978 3460 5033 salutis

1898 5048 2201 5121 aﬂ‘ulgeret,
2234 5048 2399 5118 atque
2446 5049 2649 5121 ideirco
2683 5048 2921 5121 nondum
2956 5049 3281 5121 humanitati
3324 5064 3457 5121 sum,

1897 5130 1952 5173 et
1984 5117 2053 5174 in'
2073 5122 2239 5175 Deum
2282 5117 2567 5189 preterviae
2595 5119 2765 5189 frena?
2792 5117 3029 5183 laxasse,
3072 5135 3177 5173 non
3208 5117 3459 5173 Justinus

1897 5192 2055 5244 modo
2086 5201 2249 5259 atque
2286 5188 2525 5259 ’lrettaius
2569 5188 2771 5255 opinati
2787 5199 2950 5259 sunt,
2974 5189 3069 5244 sed
3116 5189 3280 5259 etiam
3331 5190 3459 5259 Epi-

1896 5261 2126 5327 phanius
2160 5256 2366 5315 'hares.
2403 5258 2471 5312 '59
2513 5273 2632 5326 quae
2662 5267 2750 5312 est
2781 5256 3185 5322 Sethiauorum,
3215 5256 3255 5327 ᾗ
3284 5260 3339 5323 8,
3367 5256 3457 5313 au-

1894 5340 2013 5401 ctor
2045 5330 2305 5384 carminis
2352 5340 2498 5401 cont.
2534 5328 2987 5401 Marcion._inter
3012 5343 3177 5401 opera
3218 5328 3451 5401 Tertull.

1897 5400 1987 5453 lib.
2023 5418 2059 5463 ι,
2106 5415 2227 5468 cap.
2262 5401 2327 5466 3,
2362 5400 2599 5453 Isidorus
2644 5398 2915 5454 Pelusiota
2940 5399 3029 5453 lib.
3052 5398 3130 5463 ἰι,
3166 5402 3329 5468 epi'St.
3360 5400 3453 5460 90,

1893 5482 1946 5521 et
1974 5470 2345 5527 (Ecumenius
2382 5472 2434 5522 in
2458 5485 2578 5539 cap.
2623 5469 2868 5523 ultimum
2900 5472 3058 5539 epist.
3100 5469 3123 5522 l
3181 5470 3243 5526 D.
3284 5469 3455 5525 Petri.

1895 5540 2031 5594 Huic
2084 5556 2213 5595 vero
2250 5541 2492 5609 opinioni
2540 5538 2952 5612 fundamentum
3003 5539 3245 5612 praebere
3284 5540 3459 5612 potuit

1895 5614 2018 5663 trita
2045 5611 2131 5663 illa
2176 5620 2417 5666 veterum
2464 5626 2569 5663 non
2609 5610 2798 5677 paucis
2840 5611 3131 5671 sententia,
3178 5610 3455 5665 diabolum

1893 5682 2127 5735 nomium
2181 5681 2548 5735 damnationis
2597 5692 2733 5751 suae,
2765 5681 3043 5751 accepisse
3092 5684 3453 5742 sententiain;

1894 5766 2065 5823 neque
2111 5752 2461 5823 sempiternis
2511 5750 2843 5805 cruciatibus
2881 5750 3192 5823 addiCtutnd;
3236 5751 3454 5823 sedi"

1892 5821 2139 5877 extremo
2168 5822 2374 5891 judicio
2406 5822 2459 5875 id
2483 5836 2608 5876 cum
2643 5834 2765 5875 esse
2791 5836 3099 5893 passurum.
3141 5821 3247 5875 Sed
3273 5825 3337 5875 de
3372 5822 3455 5872 lus

3028 5918 3106 5977 38
