4238 6316
727 367 870 425 1195

1468 368 1524 426 S.
1560 369 1816 426 lREN/El
1856 370 2163 427 EPISCOPI
2203 370 2688 428 LUGDUNENSS
2722 372 2810 426 ET
2845 372 3201 427 MARTYRIS

3819 384 3953 439 nec
4021 458 4024 460 _

729 487 986 556 quoniam
1028 494 1084 541 et
1136 487 1192 542 in
1236 487 1537 556 parabolis,
1567 499 1624 543 ct
1653 491 1945 559 allegoriis,
1997 509 2024 545 a
2057 491 2287 561 prophe-
2319 497 2363 552 Α
2395 491 2753 544 Sodomorum
2802 500 2856 544 ct
2888 491 3202 546 Gomorrhm
3233 491 3286 544 in
3342 491 3546 560 judicio
3593 498 3954 557 comminatus

728 585 796 636 tis
821 580 934 652 (22)
959 580 1024 634 de
1053 593 1118 633 eo
1146 579 1226 633 sic
1261 580 1465 633 dictum
1502 590 1604 635 est.
1631 582 1759 636 Post
1784 593 1964 638 autem
1993 585 2288 639 adventum

726 672 936 727 Domini
967 685 1031 725 ex
1065 667 1406 724 sermonibus
1446 668 1644 726 Christi
1676 683 1730 728 et
1763 675 2132 742 apostolorum
2172 677 2290 744 ejus

725 763 940 816 discens
973 761 1290 836 manifeste,
1334 762 1593 829 quoniam
1624 760 1765 832 ignis
1790 773 2028 819 aeternus
2060 767 2109 819 ei
2151 781 2288 832 prae-

723 864 947 925 paratus
976 864 1060 909 est
1080 870 1145 908 ex
1177 870 1270 907 sua
1300 856 1577 910 voluntate
1603 857 1912 912 abscedeuti
1939 858 2052 929 (23)
2087 873 2116 911 a
2154 858 2285 923 Deo,

719 959 775 1004 et
811 948 1063 1004 omnibus
1087 949 1178 1017 qui
1211 948 1328 1011 sine
1358 949 1671 1018 pmnitentia
1694 960 2044 1020 perseverant
2078 952 2129 1005 in
2156 967 2288 1021 apo-

721 1041 922 1096 stasia:
965 1056 1060 1111 per
1114 1040 1421 1108 huiusmodi
1478 1042 1724 1097 homines
1770 1043 2110 1111 blasphemat
2161 1058 2285 1097 eum

723 1136 907 1198 Deum,
939 1136 1029 1204 qui
1066 1133 1330 1200 judicium
1377 1134 1655 1203 importat,
1697 1135 1853 1204 quasi
1891 1136 2004 1205 jam
2037 1135 2288 1190 condem-

720 1237 900 1288 natus,
943 1236 999 1280 et
1032 1237 1316 1296 peccaturo
1384 1240 1493 1280 sua:
1538 1224 1825 1294 apostasia:
1871 1224 2139 1278 conditori
2187 1239 2286 1278 suo

721 1323 974 1390 imputat,
1010 1329 1062 1373 et
1095 1335 1199 1374 non
1227 1335 1337 1374 suae
1364 1318 1631 1373 voluntati
1661 1329 1714 1371 et
1737 1318 2019 1371 sententim
2046 1331 2061 1369 :
2092 1331 2283 1385 quem-

719 1414 1005 1468 admodum
1055 1421 1110 1466 et
1153 1413 1244 1480 qui
1305 1412 1791 1480 supergrediuutur
1819 1409 1982 1479 leges,
2015 1418 2070 1462 et
2094 1423 2284 1477 pmnas

717 1508 870 1569 dant,
900 1514 1202 1574 queruntur
1240 1507 1306 1558 de
1340 1503 1764 1572 legislatoribus,
1814 1503 1906 1555 sed
1937 1518 2040 1554 non
2095 1504 2159 1555 de
2200 1516 2287 1554 se-

719 1595 983 1664 metipsis.
1007 1595 1099 1650 Sic
1123 1603 1303 1649 autem
1328 1604 1383 1648 et
1403 1594 1453 1647 hi
1479 1592 1751 1647 diabolico
1781 1593 1970 1661 spiritu
2004 1593 2170 1660 pleni,
2202 1593 2285 1645 in-

718 1703 971 1743 numeras
999 1688 1374 1743 accusationes
1406 1685 1648 1740 inferunt
1688 1685 1877 1740 factori
1925 1695 2136 1751 nostro,
2190 1683 2281 1753 qui

716 1791 768 1834 et
814 1778 1075 1850 Spiritum
1105 1779 1232 1831 vita:
1260 1779 1418 1832 nobis
1460 1777 1768 1838 donaverit,
1802 1785 1858 1831 et
1894 1777 2066 1846 legem
2104 1779 2281 1830 omni-

717 1873 817 1926 bus
849 1881 1028 1939 aptam
1084 1869 1355 1939 posuerit;
1404 1877 1458 1924 et
1497 1868 1686 1924 nolunt
1733 1869 1938 1940 justum
1992 1857 2281 1937 essejudi-

716 1963 857 2016 cium
895 1963 1008 2016 Dei.
1062 1967 1403 2030 Quapropter
1439 1969 1493 2015 et
1531 1961 1762 2015 alterum
1800 1961 2086 2029 quemdam
2120 1974 2281 2014 exco-

717 2054 892 2124 gitant
926 2053 1167 2119 Patrem,
1201 2067 1377 2120 neque
1411 2063 1716 2115 curantem,
1764 2051 2278 2121 neque-providen-

717 2155 822 2199 tem
853 2160 1066 2207 eormn,
1106 2159 1225 2213 quae
1257 2154 1382 2198 sunt
1413 2159 1545 2214 erga
1575 2158 1694 2208 nos,
1723 2154 1815 2197 aut
1845 2145 2008 2198 etiam
2053 2157 2283 2198 consen-

717 2237 937 2291 tientem
961 2237 1214 2291 omnibus
1235 2235 1496 2305 peccatis.

1167 2348 1328 2418 325
1352 2347 1580 2402 CAPUT
1606 2345 1822 2402 xxv".

720 2440 790 2494 De
829 2441 1004 2509 futuro
1042 2439 1250 2508 judicio
1271 2456 1363 2508 per
1392 2439 1680 2503 Christum,
1716 2439 2078 2492 communione
2100 2449 2148 2492 et
2195 2454 2278 2491 se-

762 2513 1036 2581 paratione
1068 2512 1264 2573 divina,
1302 2520 1458 2579 atque
1480 2509 1772 2576 inﬁdelium
1795 2510 1961 2578 poenis
1989 2509 2228 2563 aeternis.

784 2604 836 2654 1.
866 2601 924 2654 Si
955 2601 1101 2655 enim
1139 2615 1245 2655 non
1280 2601 1508 2669 judicat'
1537 2598 1735 2658 Pater,
1773 2607 1866 2650 aut
1900 2612 2004 2652 non
2047 2597 2283 2665 pertinet

713 2695 780 2748 ad
813 2708 955 2759 cum,
991 2702 1086 2747 aut
1117 2693 1388 2746 consentit
1420 2691 1504 2745 his
1525 2705 1644 2759 quae
1678 2687 1810 2742 tiuut
1831 2687 2119 2755 omnibus;
2147 2698 2202 2741 et
2235 2688 2279 2741 si

715 2799 821 2838 non
845 2783 1074 2850 iudicat,
1114 2798 1306 2838 omnes
1337 2784 1386 2835 iu
1422 2797 1577 2851 mque
1610 2791 1788 2845 erunt,
1820 2790 1874 2834 et
1895 2780 1948 2834 in
1981 2778 2168 2835 eodem
2198 2779 2282 2833 di-

716 2880 1152 2934 numerabuntur
1201 2889 1346 2934 statu
1379 2879 1516 2950 (24).
1565 2878 1945 2948 Snpervacuus
2001 2893 2129 2949 ergo
2175 2878 2284 2931 erit

717 2971 980 3024 adventus
1006 2970 1648 3035 Christi,etcontrarius,
1682 2970 1734 3023 in
1755 2985 1818 3024 eo
1832 2970 1973 3040 quod
2005 2985 2111 3024 non
2136 2968 2283 3037 judi-

715 3072 848 3116 cet.t
870 3064 914 3096 ⁸⁷
935 3060 1246 3116 Venitenim
1263 3062 1500 3116 dividere
1517 3061 1790 3116 hominem
1805 3060 2063 3114 adversus
2076 3069 2280 3128 patrem

2391 591 2475 634 est
2494 582 2565 646 “;
2601 583 2653 634 in
2687 583 3138 636 resurrectionem
3177 593 3361 637 autem
3399 588 3758 652 credentium,
3791 601 3843 642 et
3876 593 3956 643 fa-

2391 674 2645 726 cientium
2684 669 3014 727 voluntatem
3057 675 3232 730 Patris
3283 675 3419 743 ejus,
3450 681 3537 747 qui
3578 691 3658 733 est
3686 680 3738 734 in
3780 683 3952 736 cmlis.

2391 764 2446 818 Si
2478 780 2605 831 ergo
2631 766 2893 818 adventus
2915 765 3030 817 Filii
3060 773 3225 833 super
3250 781 3438 822 omnes
3463 771 3679 837 quidem
3704 774 3958 829 similiter

2390 856 2631 920 advenit,
2669 856 2942 926 judicialis
2994 867 3077 910 est
3107 867 3289 912 autem
3334 869 3386 914 et
3427 860 3692 916 discretor
3729 867 3958 921 creden-

2388 950 2522 1002 tium
2574 959 2761 1003 etnon
2807 948 3162 1014 credentium,
3217 950 3469 1018 quoniam
3499 967 3563 1006 cx
3607 969 3702 1008 sua
3738 967 3957 1010 senten—

2390 1042 2460 1095 tia
2488 1040 2600 1111 (26)
2629 1043 2909 1096 credentes
2935 1041 3138 1097 faciunt
3169 1041 3287 1110 ejus
3303 1043 3654 1110 voluntatem,
3681 1057 3731 1100 et
3763 1063 3832 1102 ex
3859 1063 3953 1103 sua

2388 1136 2656 1189 sententia
2703 1134 2906 1188 indicto
2958 1133 3240 1189 audientes
3268 1134 3380 1202 (27)
3423 1151 3524 1188 non
3565 1138 3833 1191 accedunt
3888 1140 3954 1192 ad

2388 1223 2503 1292 ejus
2525 1225 2862 1289 doctrinam;
2894 1224 3260 1288 manifestum,
3286 1226 3541 1293 qu0uiam
3571 1236 3625 1280 et
3648 1226 3810 1281 Pater
3842 1229 3958 1293 ejus

2386 1332 2573 1371 omnes
2597 1317 2814 1384 quidem
2844 1315 3094 1370 similiter
3129 1316 3290 1380 fecit,
3319 1317 3590 1386 propriam
3622 1322 3952 1375 sententiam

2389 1421 2824 1477 unmnquemque
2855 1405 3165 1470 habentem,
3215 1417 3272 1460 et
3305 1421 3524 1461 sensum
3565 1407 3832 1474 liberum;
3870 1426 3958 1464 re-

2316 1839 2402 1938 Β(

2386 1497 2542 1566 ερίοἰι
2568 1506 2742 1550 autem
2761 1497 2966 1561 omnia,
3009 1507 3062 1549 et
3103 1498 3350 1565 providet
3392 1499 3666 1564 omnibus,
3721 1520 3739 1550 ι
3779 1502 3952 1556 solem

2385 1604 2536 1641 suum
2572 1589 2702 1642 oriri
2734 1587 2939 1642 faciens
2964 1601 3128 1655 super
3155 1589 3326 1643 malos
3354 1601 3406 1643 et
3450 1589 3646 1654 bonos,
3678 1595 3739 1647 ct'
3761 1593 3958 1662 pluens

2384 1695 2546 1748 super
2571 1678 2747 1746 justos
2777 1689 2829 1732 ct
2864 1681 3094 1748 injustos
3127 1681 3190 1732 ⁸⁸.
3233 1701 3250 1732 ι

2453 1773 2504 1825 2.
2679 1773 2822 1825 Ὅσα
2859 1774 2957 1844 τὴν
2997 1772 3134 1844 πρὸς

2407 1866 2496 1937 28)
2542 1866 2673 1919 Θεὸν
2729 1870 2886 1937 τηρεῖ
2935 1866 3132 1935 φιλίαν,

2383 1960 2587 2022 τούτοις
2609 1960 2708 2029 τὴν
2747 1961 2880 2013 ἰδίαν
2908 1959 3135 2030 παρέχει

2383 2049 2686 2103 κοινωνίαν.
2752 2049 3023 2103 Κοινωνία
3079 2048 3134 2100 δὲ

2383 2139 2538 2203 Θεοῦ,
2574 2140 2687 2210 ζωὴ
2739 2140 2830 2193 καὶ
2873 2139 3006 2207 φῶς,
3045 2141 3137 2192 καὶ

2383 2232 2681 2294 ἀπόλαυσις
2719 2231 2825 2284 τῶν
2874 2233 3002 2301 παρ’
3038 2232 3137 2284 αὐ-

2382 2323 2475 2376 τοῦ
2492 2321 2731 2390 ἀγαθῶν.
2761 2322 2932 2384 Ὅσοι.
2951 2361 2963 2375 .
2981 2360 2996 2374 .
3021 2321 3137 2390 ἀφί-

2384 2432 2604 2469 στανται
2626 2413 2766 2468 κατὰ
2796 2414 2895 2487 τὴν
2910 2414 3135 2487 γνώμην

2383 2507 2558 2561 αὐτῶν
2598 2506 2691 2560 τοῦ
2727 2507 2882 2570 Θεοῦ,
2928 2505 3136 2569 τούτοις

2383 2597 2474 2650 τὸν
2528 2596 2620 2648 ἀπ’
2661 2595 2826 2648 αὐτοῦ
2859 2594 3136 2666 χωρισμὸν
3170 2613 3176 2619 ·

2385 2689 2596 2755 ἐπάγει.
2631 2686 2922 2756 Χωρισμὸς
2952 2686 3008 2738 δὲ
3041 2684 3133 2737 τοῦ

2382 2783 2538 2846 Θεοῦ,
2572 2781 2816 2844 θάνατος·
2842 2780 2937 2834 καὶ
2970 2797 3135 2850 χωρι-

2386 2877 2519 2948 σμὸς
2570 2876 2764 2945 φωτὸς,
2802 2875 3008 2937 σκότος·
3042 2875 3136 2926 καὶ

2384 2970 2660 3039 χωρισμὸς
2704 2966 2839 3020 Θεοῦ
2895 2966 3132 3036 ἀποϐολὴ

2386 3063 2602 3116 πάντων
2647 3060 2753 3114 τῶν
2802 3061 2928 3131 παρ’
2972 3061 3132 3114 αὑτοῦ

715 3171 894 3218 suum,
920 3164 972 3208 et
1009 3154 1170 3208 filiam
1188 3156 1444 3208 adversus
1462 3163 1706 3220 matrem,
1726 3163 1778 3208 et
1808 3167 2002 3206 nurum
2025 3151 2283 3206 adversus
2312 3170 2355 3229 ς

1462 3163 1706 3220 matrem,
1726 3163 1778 3208 et
1808 3167 2002 3206 nurum
2025 3151 2283 3206 adversus
2312 3170 2355 3229 ς
2390 3155 2627 3224 ἀγαθῶν.
2672 3156 2735 3207 Οἱ
2778 3150 2870 3210 οὖν
2902 3155 2990 3208 διὰ
3036 3157 3133 3225 τῆς

717 3262 931 3300 socrum
952 3246 995 3276 ⁸³
1025 3262 1038 3299 :
1068 3267 1085 3297 ι
1113 3254 1166 3300 et
1199 3260 1319 3300 cum
1352 3246 1463 3300 duo
1489 3246 1596 3299 sint
1625 3245 1679 3299 in
1704 3244 1892 3300 eodem
1916 3244 2072 3309 lecto,
2115 3261 2279 3300 unum

718 3352 989 3392 assumere
1005 3337 1300 3391 etalterum
1332 3337 1670 3406 relinquere:
1701 3347 1754 3390 et
1787 3336 1994 3391 duabus
2030 3337 2277 3399 molenti-

718 3429 881 3482 busin
912 3429 1076 3492 mola,
1097 3428 1320 3482 alteram
1343 3443 1637 3493 assumere,
1653 3429 1945 3482 etalteram
1973 3429 2280 3498 relinquere

717 3523 761 3550 ⁸³
792 3519 904 3588 (‘25)
925 3536 937 3571 ε
961 3520 1026 3574 ad
1046 3517 1406 3587 linemjubere
1421 3520 1754 3576 messoribus
1774 3521 2027 3591 colligere
2045 3522 2278 3590 primum

717 3611 951 3677 zizania,
986 3621 1042 3666 et
1064 3609 1354 3667 fasciculos
1378 3610 1623 3680 alligare,
1644 3609 2031 3664 etcomburere
2070 3610 2177 3679 igni
2197 3611 2278 3662 in-

715 3703 1113 3773 exstinguibili;
1132 3703 1370 3758 triticum
1391 3713 1570 3756 autem
1589 3702 1843 3773 colligere
1857 3704 1911 3755 in
1927 3703 2178 3757 horreum
2196 3703 2239 3734 ⁶⁰
2263 3717 2276 3765 ;

715 3808 769 3852 et
821 3812 986 3869 agnos
1028 3799 1244 3867 quidem
1285 3810 1477 3852 vocare
1519 3799 1570 3850 in
1613 3808 1971 3868 prmparatum
2020 3811 2274 3865 regnum;

717 3893 905 3946 haedos
932 3901 1110 3945 autem
1138 3893 1191 3944 in
1211 3901 1470 3945 aeternum
1503 3893 1678 3961 ignem
1709 3890 1944 3952 mittere,
1966 3889 2054 3958 qui
2076 3903 2280 3958 prrepa-

718 3993 868 4038 ratus
889 3993 971 4041 est
1002 3999 1031 4039 a
1055 3983 1212 4040 Patre
1241 3984 1356 4054 ejus
1387 3983 1602 4038 diabolo
1629 3992 1685 4037 et
1729 3982 1937 4050 angelis
1966 3981 2084 4049 ejus
2123 3980 2186 4032 ⁶¹.
2217 3979 2282 4031 Ει
2316 3964 2319 3968 ’

714 4078 840 4148 quid
876 4075 1307 4132 enimYVerbum
1338 4077 1486 4130 venit
1532 4077 1583 4129 in
1621 4075 1831 4128 ruinam
1863 4083 1917 4127 et
1947 4074 1998 4126 in
2034 4086 2278 4126 resurre-

716 4172 948 4226 ctionem
982 4172 1275 4226 multorum
1307 4171 1386 4223 "7
1418 4169 1474 4223 ln
1510 4171 1716 4222 ruinam
1753 4168 1969 4236 quidem
2013 4179 2116 4218 non
2158 4178 2276 4218 cre-

718 4265 959 4318 dentium
985 4265 1057 4330 ei,
1078 4265 1274 4333 quibus
1302 4273 1355 4317 ct
1379 4263 1636 4330 majorem
1663 4257 2091 4320 damnationem,
2121 4270 2275 4324 quam

785 4373 830 4405 ιτ
862 4373 993 4442 Cap.
1026 4369 1238 4442 xxvu.

716 4457 868 4512 seqq.
939 4437 1012 4475 ’⁸³
1045 4441 1175 4498 Luc.
1211 4456 1271 4506 tt,
1300 4441 1390 4494 54.
1491 4439 1536 4471 ⁸³
1563 4438 1692 4494 Luc.
1733 4454 1787 4504 χ,
1820 4437 1907 4496 12.

1331 4371 1376 4402 ⁸⁸
1409 4368 1598 4422 Matth.
1629 4385 1683 4431 ι,
1717 4367 1805 4421 35.
1881 4367 1925 4398 δ’
1952 4366 2083 4419 Luc.
2117 4382 2245 4420 xvu.
2281 4364 2366 4430 54,
2400 4376 2490 4430 35,

1331 4441 1390 4494 4.
1491 4439 1536 4471 ⁸³
1563 4438 1692 4494 Luc.
1733 4454 1787 4497 χ,
1820 4437 1907 4496 12.
2007 4437 2050 4467 ⁸⁸
2083 4437 2272 4490 Matth.
2319 4452 2366 4497 γ,
2399 4445 2485 4497 45,

2135 4446 2272 4489 atth.
2319 4452 2366 4502 γ,
2399 4446 2485 4499 45,

2387 3248 2720 3310 ἀποστασίας
2775 3247 3136 3308 ἀποϐαλόντες

2387 3340 2454 3392 τὰ
2533 3338 2903 3412 προειρημένα
2938 3379 2951 3401 ,
3041 3340 3133 3392 ἆτε

2387 3431 2737 3502 ἐστερημένοι
2776 3432 2993 3484 πάντων
3026 3430 3133 3484 τῶν

2386 3528 2623 3596 ἀγαθῶν,
2649 3530 2706 3580 ἐν
2739 3527 2885 3599 πάσῃ
2919 3525 3134 3579 κολάσει

2386 3625 2760 3693 καταγίνονται
2775 3642 2786 3654 ’
2849 3623 2942 3676 τοῦ
2999 3622 3132 3674 Θεοῦ

2389 3723 2484 3792 μὲν
2516 3719 2900 3791 προηγητικῶς
2937 3720 3010 3790 μὴ
3044 3735 3136 3771 κο-

2385 3820 2654 3883 λάζοντος,
2668 3817 3133 3892 ὲπακολοῦθούσης

2385 3910 2437 3962 δὲ
2463 3909 2672 3979 ἐκείνης
2707 3910 2806 3979 τῆς
2839 3907 3130 3970 κολάσεως,

2385 4003 2470 4055 διὰ
2497 4004 2555 4055 τὸ
2573 4002 2891 4074 ἐστερῆσθαι
2918 4003 3132 4055 πάντων

2384 4095 2489 4146 τῶν
2542 4093 2780 4160 ἀγαθῶν.
2833 4093 3034 4147 Ald)th
3076 4093 3133 4146 δὲ

2386 4192 2478 4242 καὶ
2501 4189 2822 4259 ἀτελεύτητα
2841 4189 2990 4261 παρὰ
3001 4187 3132 4240 Θεοῦ

2387 4286 2456 4339 τὰ
2489 4287 2684 4355 ἀγαθά·
2725 4289 2817 4340 καὶ
2850 4285 2936 4340 διὰ
2977 4284 3134 4338 τοῦτο

2567 4375 2611 4405 ⁸ο
2649 4375 2840 4429 Matth.
2875 4391 2991 4437 ιιιι,
3017 4375 3104 4441 50;
3143 4389 3223 4434 ιιι.
3259 4371 3345 4426 12.

3275 1798 3327 1852 2.
3367 1797 3427 1850 Et
3476 1799 3782 1867 quicunque
3825 1813 3953 1865 erga

3206 1903 3328 1943 cum
3365 1888 3675 1943 custodiunt
3708 1888 3956 1941 dilectio—

3207 1995 3350 2045 nem,
3393 1994 3548 2032 suam
3603 1979 3687 2031 his
3736 1987 3958 2046 praestat

3208 2070 3664 2126 communionem.
3701 2069 3957 2123 (Summu-

3210 2163 3298 2214 nio
3351 2171 3528 2215 autem
3585 2161 3703 2221 Dei,
3756 2159 3866 2213 vita
3901 2168 3958 2212 ct

3207 2253 3410 2314 lumen,
3447 2252 3719 2363 et’fruitio
3768 2265 3956 2305 eorum

3217 2359 3322 2363 με-..
3371 2351 3488 2363 κη...
3527 2344 3660 2363 ___-l
3692 2357 3803 2363 Au-..
3843 2341 3956 2363 learn

3207 2359 3328 2413 quze
3368 2341 3660 2412 sunt'apud
3685 2357 3807 2397 eum
3841 2341 3958 2412 (29)

3209 2432 3495 2485 bonorum.
3524 2431 3845 2497 Quicunque
3863 2444 3958 2482 au-

3211 2531 3316 2574 tem
3348 2521 3618 2576 absistunt
3656 2520 3956 2574 secundum

3208 2615 3530 2669 sententiam
3578 2628 3727 2668 suam
3775 2611 3953 2672 abeo,

3207 2707 3289 2761 his
3331 2721 3448 2760 eam
3506 2719 3622 2773 quae
3656 2704 3823 2757 electa
3872 2713 3960 2755 est

3207 2799 3275 2850 ab
3301 2798 3430 2866 ipsis
3472 2794 3604 2865 (30).
3655 2793 3959 2861 separatio-

3208 2903 3328 2942 uem
3396 2888 3619 2940 inducit.
3669 2883 3958 2954 Separatio

3207 2988 3385 3033 autem
3419 2977 3534 3040 Dei,
3568 2993 3748 3038 mors;
3775 2985 3827 3028 et
3860 2991 3956 3030 sc-

3208 3071 3419 3140 paratio
3466 3069 3624 3133 lucis,
3677 3069 3953 3128 tenebrat;

3207 3173 3261 3216 et
3284 3161 3554 3231 separatio
3584 3160 3697 3223 Dei,
3735 3158 3958 3212 amissio

3206 3254 3444 3319 omnium
3484 3269 3604 3323 quae
3649 3260 3772 3305 sunt
3813 3252 3956 3319 apud

3207 3359 3328 3398 eum
3360 3344 3469 3416 (51)
3511 3345 3796 3398 bonorum.
3850 3341 3955 3406 Qui

3206 3453 3336 3506 ergo
3362 3450 3458 3504 per
3475 3434 3796 3503 apostasiam
3815 3432 3956 3485 ami-

3207 3539 3396 3585 serunt
3478 3542 3606 3595 qua:
3696 3525 3957 3594 prredicta

3207 3630 3354 3686 sunt,
3375 3621 3570 3687 quippe
3594 3616 3819 3669 desolati
3839 3613 3955 3685 (52)

3205 3713 3271 3766 ab
3338 3704 3588 3765 omnibus
3646 3707 3844 3772 bonis,
3896 3705 3958 3760 in

3207 3802 3354 3858 omni
3409 3813 3567 3870 poena
3589 3849 3595 3854 .
3623 3812 3957 3854 conversan-

3209 3907 3329 3959 tur;
3367 3893 3477 3947 Deo
3503 3893 3718 3960 quidem
3751 3889 3960 3958 princi-

3207 3985 3399 4054 paliter
3429 4000 3533 4040 non
3584 3998 3613 4036 a
3658 3981 3957 4050 semetipso

3207 4076 3316 4147 (35)
3374 4090 3467 4132 eos
3501 4076 3784 4143 puniente,
3824 4086 3958 4141 pro--

3207 4177 3465 4238 sequente
3495 4177 3672 4220 autem
3721 4181 3815 4218 eos
3841 4160 3960 4236 (54)

3209 4277 3388 4332 ρωιιο,
3425 4259 3684 4328 quoniam
3720 4258 3832 4310 sint
3860 4257 3960 4311 de-

3421 4369 3461 4401 "
3494 4368 3684 4423 Matth.
3719 4385 3849 4432 xxv,
3885 4369 3956 4423 55

711 4563 820 4630 jam
882 4563 1006 4617 alibi
1061 4563 1315 4617 diximus.
1371 4561 1622 4624 Consule,
1667 4560 1721 4630 si
1753 4559 1923 4624 lubet,
1955 4557 2272 4630 Petavium,
2311 4562 2351 4615 D
2383 4571 2479 4622 tes,
2534 4563 2626 4615 sed
2681 4576 2784 4630 qua
2845 4561 3191 4624 auctoritate,
3238 4573 3344 4630 non
3379 4555 3528 4630 dici_t_.
3581 4551 3773 4630 Tutius
3824 4566 3949 4605 cum

2386 4633 2561 4690 Eras.,
2590 4623 2815 4694 Gallus,
2859 4631 3066 4689 Ottob..
3094 4629 3347 4683 Arundel.
3385 4636 3438 4678 et
3483 4623 3640 4677 Merc.
3679 4623 3714 4672 '2
3747 4623 3952 4690 legere,

2379 4703 2576 4754 indicto
2603 4703 2893 4762 audientes,
2928 4711 2984 4753 ut
3017 4717 3119 4751 nou
3151 4712 3273 4751 raro
3303 4696 3491 4750 scribit
3517 4698 3804 4759 interpres.

2451 4772 2560 4843 (28)
2593 4775 2745 4843 f'Oqa
2774 4772 3076 4843 turnde
3125 4781 3229 4843 etc.
3274 4767 3457 4843 Graeca
3499 4767 3705 4843 μέθαι-η
3763 4763 3958 4814 Dama-

2380 4833 2624 4895 sceno'in
2665 4833 2963 4894 Paraliclii
2993 4833 3093 4893 sub
3134 4839 3366 4892 diversis
3399 4834 3568 4888 titulis
3592 4833 3846 4895 allegata,
3901 4843 3955 4884 tt

2379 4915 2448 4966 ab
2479 4912 2746 4965 Halloixio
2771 4913 2821 4963 in
2861 4910 2978 4962 Vita
3005 4909 3192 4962 Irenmi
3218 4909 3385 4967 edita,
3423 4905 3652 4957 solerter
3676 4905 3957 4972 compegit

2380 4982 2451 5036 cl.
2481 4982 2645 5036 Grab.
2681 4984 2770 5044 At,
2797 4998 2893 5050 pro
2917 4983 3015 5032 ὅσα
3042 4981 3156 5046 lege
3186 4993 3305 5050 cum
3345 4977 3541 5041 iutcrp.
3564 4973 3697 5024 ὅσοι.

712 4629 1030 4701 Dogmulum
1056 4631 1278 4702 theolog.
1315 4642 1353 4686 t.
1392 4632 1476 4694 ΙΙΙ,
1506 4633 1597 4686 lib.
1631 4647 1667 4694 ι,
1708 4629 1782 4682 De
1815 4629 2038 4695 angelis,
2071 4642 2192 4696 cap.
2218 4629 2269 4694 8,

718 4713 776 4757 et
805 4704 894 4756 lib.
931 4716 1013 4768 ιιι,
1039 4718 1158 4770 cap.
1197 4704 1250 4756 4.

785 4772 896 4843 (Ξὲ)
948 4767 1008 4824 Α
1037 4767 1319 4843 prophetis.
1357 4771 1448 4826 Sic
1481 4771 1660 4843 Voss.,
1695 4769 1956 4824 Arundel.
1998 4775 2050 4821 et
2078 4767 2272 4831 Grab.,

719 4842 912 4897 melius
947 4859 1108 4910 quam
1136 4842 1250 4896 alii.
1279 4852 1327 4895 et
1351 4842 1634 4910 prophetis.

789 4912 900 4983 (2'5)
938 4908 1264 4968 Abscedemi.
1313 4908 1487 4975 Voss.,
1536 4911 1700 4966 Merc.
1743 4910 1781 4963 2
1818 4920 1872 4963 et
1919 4908 2084 4964 Grab.
2132 4909 2274 4963 haud

718 4993 881 5044 recte,
906 4984 1208 5039 abscidenti.

791 5053 900 5123 (24)
936 5053 1001 5105 Et
1027 5055 1083 5105 in
1212 5061 1374 5107 statu.
1417 5050 1481 5104 Et
1533 5053 1583 5123 in
1638 5051 1818 5123 locum
1851 5051 1909 5123 si
1952 5048 2277 5123 auctoritate

717 5120 1034 5178 cunctorum
1068 5137 1196 5177 mss.
1222 5125 1358 5193 Aug.
1387 5133 1532 5176 recte
1555 5121 1721 5176 Grab.
1746 5120 2041 5182 substituit,
2070 5135 2131 5173 ac
2149 5135 2278 5174 voce

716 5204 854 5247 statu
883 5194 1158 5262 periodum
1177 5194 1390 5247 clausit.

787 5261 899 5345 (25)
925 5263 1126 5345 L'lcu'm
1158 5266 1391 5345 diresin!
1532 5263 1859 5345 relinquere:
1891 5271 1948 5345 let
1978 5261 2182 5345 duabus

718 5331 1027 5404 relinquere.
1067 5333 1348 5389 Posterius
1385 5350 1596 5390 comma
1630 5356 1641 5389 :
1677 5331 1735 5404 et
1775 5332 2002 5404 duabus,
2057 5340 2190 5393 etc.,
2225 5331 2275 5382 in

718 5401 1152 5472 Eras.,.Gallas.,
1179 5406 1433 5460 Arundel.
1453 5404 1684 5459 etMerc.
1712 5402 1747 5455 2
1768 5402 2049 5458 omissum.
2077 5415 2141 5453 ex
2170 5409 2274 5472 vet.

717 5474 838 5526 cod.
882 5474 1113 5527 restituit
1146 5473 1399 5541 Feuard.,
1435 5476 1528 5527 sed
1556 5477 1770 5527 inverso
1796 5472 1987 5525 ordine
2014 5471 2279 5541 prtemisit

717 5541 876 5597 alteri
915 5561 928 5596 :
961 5551 1010 5614 et
1030 5559 1146 5597 cum
1166 5547 1292 5610 duo,
1319 5540 1423 5601 etc.
1455 5543 1680 5614 Proprie
1706 5543 1822 5597 loco
1849 5544 2084 5595 restituit
2104 5540 2275 5594 Grab.

717 5627 780 5666 ex
809 5617 932 5666 cod.
967 5611 1119 5668 Voss.

788 5685 899 5753 (265)
933 5681 1016 5734 Ex
1054 5701 1149 5738 sua
1185 5685 1462 5740 seu/entia.
1508 5683 1694 5738 Greece
1726 5682 1940 5754 γνώμῃ,
1991 5681 2273 5745 uoluntate,

717 5755 955 5813 consilio,
993 5753 1153 5808 libero
1182 5755 1427 5821 arbitrio,
1465 5765 1569 5808 etc.

785 5824 898 5895 ‘27)
927 5824 1131 5878 Indicio
1154 5826 1438 5879 audientes.
1468 5823 1696 5879 Feuard.
1725 5824 1960 5895 reposuit
1980 5823 2275 5877 inabedien-

2452 5052 2563 5123 (29)
2590 5051 2739 5123 Apud
2768 5048 2905 5105 eum.
2936 5051 3144 5123 Gra’ce,
3175 5048 3237 5099 ab
3265 5064 3343 5123 eo.

2452 5117 2562 5193 (50)
2586 5117 2684 5193 ﬂia
2701 5139 2837 5186 eam,
2855 5138 2968 5187 qua:
2984 5121 3145 5174 eiecta
3168 5128 3242 5170 est
3258 5117 3357 5193 ab

3361 5115 3490 5183 psis.
3512 5112 3565 5165 ιιι
3590 5122 3696 5183 vet.
3718 5110 3951 5164 Feuartl.

2382 5182 2501 5248 cod.
2531 5182 2586 5248 ἐι
2620 5191 2802 5257 Voss.,
2826 5182 2916 5244 'his
2967 5199 3159 5254 autent,
3189 5204 3304 5255 qua:
3333 5188 3466 5238 lecta
3520 5195 3627 5257 est._
3657 5182 3724 5233 At
3763 5183 3954 5235 Graeca

2381 5273 2578 5316 sonant
2612 5277 2626 5314 :
2650 5265 2728 5315 his
2753 5253 2885 5324 eum,
2911 5278 3026 5330 qua:
3051 5270 3123 5311 est
3147 5253 3210 5309 ab
3228 5258 3362 5330 ipso,
3402 5253 3953 5330 separationemzetc.

2450 5333 2562 5404 (51)
2607 5333 2756 5401 Apud
2781 5320 3056 5394 eum.'Al.,
3097 5328 3235 5397 apud
3267 5326 3452 5379 Deum.
3504 5326 3571 5375 At
3609 5324 3764 5388 juxta
3799 5320 3956 5374 Cra:-

2381 5418 2525 5463 cuin,
2560 5405 2624 5455 ab
2653 5420 2733 5455 eo.

2453 5473 2563 5540 (5‘2)
2601 5473 2854 5526 Desolati.
2885 5471 2988 5524 Pro
3029 5470 3243 5535 privati.

2453 5532 2564 5613 (55)
2621 5544 2665 5594 Α
2691 5544 2985 5606 semetipso.
3020 5532 3161 5591 Nihil
3193 5540 3279 5591 his
3318 5535 3603 5604 respondet
3629 5535 3682 5588 in
3737 5532 3956 5587 Graeco.

2383 5615 2640 5683 Suspicor
2669 5615 2932 5683 glossema
2961 5625 3101 5683 esse.

2423 5651 3245 5753 ﬁrmo,
3280 5693 3378 5748 pro
3413 5651 3627 5747 ἐκείνης
3659 5679 3774 5744 iege
3803 5672 3960 5727 ὲκεί-

2382 5771 2521 5819 νους.
