4238 6316
289 390 421 447 119Ἱ

282 504 381 558 καὶ
433 504 468 573 ἠ
536 503 789 576 στέρησις
859 504 1036 559 αὐτῶν

282 599 500 664 αἰώνιος
524 602 619 654 καὶ
662 601 1032 673 ἀτελεύτητος·

281 694 361 759 ὡς
408 696 689 767 διηνεκοῦς
719 694 811 749 τοῦ
864 694 1040 765 φωτὸς

282 786 434 851 ὄντος
461 827 477 852 ,
553 790 600 840 οἱ
661 789 1039 857 τυφλώσαντες

282 879 532 943 ἑαυτοὺς,
558 879 589 951 ἦ
618 881 712 932 καὶ
740 880 843 932 ὑπὸ
865 880 1038 935 ἄλλων

280 974 654 1043 τυφλωθέντες
670 1017 684 1041 ,
771 975 1039 1046 διηνεκῶς

282 1070 487 1121 ἀποστε
496 1067 711 1138 ροῦνται
776 1068 872 1137 τῆς
941 1068 1036 1120 τοῦ

282 1162 461 1231 φωτὸς
476 1149 930 1225 ἀπολαύσεωςέοὺ
941 1163 1035 1216 τοῦ

281 1258 460 1326 φωτὸς
482 1259 829 1329 ἐπιφέροντος
856 1262 1037 1324 αὐτοῖς

280 1353 382 1424 τὴν
434 1354 494 1407 ἐν
538 1353 808 1423 τυφλώσει
862 1372 1037 1426 τιμω-

278 1444 430 1515 ρεανο

1469 399 1757 455 CONTRA
1797 400 2141 458 HERESES
2180 402 2306 457 LIB.
2348 403 2408 457 V.

1111 509 1266 563 solati
1296 511 1363 564 ab
1402 515 1659 570 omnibus
1695 519 1853 572 bonis
1883 525 1927 579 Α
1953 518 2078 579 τοὺς
2113 516 2212 585 μὲν
2234 514 2419 587 (40)ὲν
2447 515 2523 585 τῷ
2548 518 2705 584 φωτὶ,

1110 600 1244 673 (55).
1272 602 1498 659 Ᾰζιθηια
1539 617 1747 672 autem,
1806 620 1858 662 et

1111 694 1227 748 sine
1258 695 1362 748 line
1389 705 1515 750 sunt
1545 712 1573 749 a
1617 697 1727 753 Deo
1763 701 1860 753 bo-

1113 798 1178 837 na
1211 800 1225 836 :
1264 796 1318 839 et
1372 797 1595 856 propter
1648 789 1749 842 hoc
1805 800 1859 843 et

1111 876 1330 929 amissio
1394 892 1582 931 eorum
1653 890 1857 934 aeterna

1109 974 1161 1019 et
1188 966 1308 1021 sine
1328 966 1532 1021 [incest
1558 990 1568 1023 :
1595 974 1856 1039 quemad-

1110 1059 1325 1112 modum
1362 1062 1415 1113 in
1446 1060 1710 1117 immenso
1747 1061 1857 1134 (56)

1110 1149 1334 1214 lumine,
1392 1153 1483 1220 qui
1542 1168 1857 1209 exerceare-

1112 1247 1235 1290 rnnt
1268 1240 1610 1308 semetipsos,
1663 1242 1743 1295 vel
1796 1244 1859 1295 ab

1110 1328 1231 1382 aliis
1261 1333 1517 1386 excaecati
1543 1344 1692 1397 sunt,
1725 1350 1861 1387 scm-

1102 1436 1204 1489 per
1235 1423 1428 1490 privati
1461 1435 1586 1478 sunt
1606 1426 1860 1495 jucundi-

1106 1494 1512 1580 tatcluminis;
1562 1533 1664 1571 non
1713 1519 1856 1587 quod

1108 1603 1288 1660 lumen
1316 1619 1528 1673 pcenam
1554 1609 1632 1662 eis
1660 1608 1859 1663 inferat

1106 1696 1365 1749 caecitatis
1399 1696 1533 1767 (57),

1961 608 2095 679 πρὸς
2117 606 2178 659 τὸ
2194 606 2483 660 ἀπολαύειν
2515 610 2711 670 αὐτοὺς

1957 683 2065 751 ’ἑῶν
2098 697 2155 753 ὲν
2170 698 2318 769 αὑτῷ
2335 698 2574 766 ἀγαθῶν
2596 702 2711 761 τοῖς

1956 788 2012 841 δὲ
2046 788 2103 842 ὲν
2134 786 2212 857 τῷ
2243 790 2450 851 σκότει,
2486 789 2621 859 πρὸς
2649 790 2711 841 τὸ

1962 881 2209 951 μετέχειν
2254 880 2452 943 αὐτοὺς
2502 881 2601 951 τῆς
2656 883 2714 934 ὲν

1958 970 2104 1041 αὐτῷ
2128 970 2446 1042 μοχθηρίας.
2482 970 2579 1023 Διὰ
2599 971 2715 1023 τοῦ·

1957 1080 2017 1117 το
2051 1065 2201 1133 φησὶ,
2232 1064 2359 1125 τοὺς
2412 1063 2511 1132 μὲν
2544 1064 2607 1117 ὲκ
2631 1064 2715 1116 δε-

1960 1155 2086 1219 ξιῶν
2144 1155 2581 1209 ἀνακαλέσασθαι
2636 1159 2714 1217 εἰς

1956 1248 2056 1317 τὴν
2109 1247 2217 1299 τῶν
2264 1245 2510 1317 οὐρανῶν
2562 1246 2713 1317 βασι-

1958 1338 2123 1394 λείαν·
2163 1341 2287 1401 τοὺς
2318 1339 2375 1391 δὲ
2411 1339 2469 1403 ἐξ
2502 1342 2712 1410 ἀριστε-

1960 1430 2090 1501 ρῶν,
2136 1433 2219 1493 εἰς
2251 1430 2311 1483 τὸ
2350 1430 2562 1484 αἰώνιον
2600 1430 2709 1501 πῦρ

1959 1523 2226 1593 πέμψειν·
2307 1525 2532 1586 ἑαυτοὺς
2602 1524 2710 1596 γὰρ

1958 1614 2177 1669 πάντων
2246 1615 2544 1685 ἐστέρησαν
2604 1616 2710 1669 τῶν

1959 1704 2198 1773 ἀγαθῶν.

3401 412 3535 466 1193

2783 517 2837 571 in
2860 516 3064 573 lumine
3092 531 3238 585 sunt,
3274 532 3332 575 ut
3358 523 3536 579 fruan-

2785 616 2873 661 tur
2901 623 2993 672 eo,
3040 618 3093 664 el
3127 610 3236 682 (41)
3280 613 3366 668 his
3413 630 3533 683 qua:

2783 700 2835 753 in
2861 716 2925 754 eo
2958 711 3082 756 sunt
3118 703 3308 769 bouis;
3348 707 3539 761 hisau-

2785 800 2889 844 tem
2920 793 3011 861 qui
3040 794 3092 847 in
3125 797 3365 852 tenebris
3390 807 3537 867 sunt,

2789 890 2847 933 ut
2882 884 3275 954 participentur
3309 904 3405 943 eas
3440 906 3539 944 ca-

2790 971 3060 1027 lamitates
3133 992 3253 1045 qua:
3330 979 3383 1033 in
3461 982 3542 1037 eis

2788 1075 2915 1117 sunt
2940 1062 3071 1135 (49).
3097 1066 3161 1119 Et
3188 1080 3413 1137 propter
3436 1072 3537 1126 hoc

2788 1157 2879 1219 ait,
2919 1157 3018 1210 hos
3043 1158 3260 1227 quidem
3296 1162 3387 1228 qui
3413 1173 3540 1216 sunt

2805 1248 2853 1300 κά
2890 1250 3192 1317 dexteram,
3248 1262 3429 1314 vocari
3485 1263 3537 1314 ia

2819 1358 3012 1411 egnun.
3051 1343 3261 1413 Patris;
3294 1349 3412 1404 illos
3444 1368 3539 1405 au-

2785 1438 2891 1481 tem
2941 1434 3031 1499 qui
3086 1447 3210 1488 sunt
3273 1440 3338 1491 ad
3407 1442 3543 1495 sini-

2785 1530 2952 1575 stram
2987 1524 3121 1595 (13),
3172 1530 3222 1579 in
3269 1541 3534 1587 :ctcruunt

2787 1609 2963 1677 ignem
3013 1614 3304 1668 missurum
3342 1619 3404 1670 ⁸⁸.
3440 1620 3541 1673 Se-

2789 1702 3047 1771 metipsos
3089 1709 3235 1760 enim
3285 1705 3541 1767 omnibus

274 1785 373 1838 sed
400 1786 545 1851 quod
587 1787 699 1855 ipsa
719 1790 935 1842 etceitas
963 1789 1333 1858 superindicat
1356 1790 1437 1843 eis
1465 1790 1851 1845 calamitatem.

280 1882 343 1934 Et
370 1892 593 1952 propter
622 1883 724 1936 hoc
774 1883 1032 1937 Dotninus
1068 1884 1285 1938 dicebat
1320 1902 1333 1937 :
1379 1904 1396 1935 ι
1433 1883 1531 1951 Qui
1563 1888 1734 1941 credit
1789 1888 1842 1940 iu
1880 1878 1918 1929 Π

274 1990 384 2038 me,
411 1974 835 2043 nonjndicatnr,
876 1991 895 2024 ι
950 1974 1000 2026 id
1036 1984 1284 2040 est,'non
1317 1987 1604 2046 separatur
1631 1994 1660 2032 a
1696 1978 1809 2034 Dea
1841 2000 1857 2045 ;

274 2068 532 2121 adnnitus
565 2077 647 2121 est
670 2067 817 2121 enim
849 2080 945 2134 per
972 2067 1131 2120 tidem
1166 2068 1295 2123 Deo.
1337 2088 1356 2121 ι
1398 2070 1496 2136 Qui
1525 2082 1705 2126 autem
1751 2088 1857 2128 non

273 2152 477 2219 credit,
505 2158 601 2223 ait,
629 2158 738 2227 jam
758 2156 1031 2225 judicatus
1057 2167 1162 2219 est,
1196 2161 1453 2227 quoniam
1481 2179 1586 2215 non
1628 2165 1861 2217 credidit

274 2249 328 2302 in
369 2250 588 2304 nomine
617 2251 877 2320 unigeniti
911 2250 1032 2305 Filii
1064 2250 1178 2316 Dei,
1214 2273 1230 2303 ι
1264 2254 1434 2317 idest,
1467 2257 1742 2323 separavit
1774 2272 1859 2309 sc-

270 2343 561 2410 metipsum
590 2356 620 2395 a
649 2341 755 2396 Deo
778 2342 1081 2397 voluntaria
1102 2347 1391 2400 sententia.
1427 2366 1443 2396 ι
1473 2344 1586 2401 Hoc
1608 2359 1689 2402 est
1712 2350 1854 2403 enim

265 2428 556 2496 judicium,
588 2430 843 2497 quoniam
881 2430 1061 2487 lumen
1090 2435 1237 2487 venit
1293 2436 1343 2489 in
1388 2437 1530 2491 hunc
1568 2442 1853 2501 ummlum,

264 2523 324 2567 et
349 2514 649 2570 dilexerunt
682 2514 933 2570 homines
953 2518 1125 2588 magis
1155 2520 1431 2584 tenebras,
1462 2538 1623 2591 quam
1653 2525 1853 2580 lucem.

268 2604 460 2658 Omnis
502 2606 643 2657 enim
678 2606 768 2672 qui
798 2606 936 2659 male
964 2609 1095 2677 agit,
1128 2611 1240 2663 odit
1274 2611 1480 2679 lumen,
1517 2624 1569 2668 et
1619 2631 1724 2670 non
1764 2632 1857 2669 ve-

268 2697 350 2752 nit
376 2696 487 2768 (38)
521 2698 588 2752 ad
628 2698 834 2765 lumen,
869 2716 936 2755 ne
970 2704 1333 2759 traducantur
1381 2721 1540 2775 opera
1574 2707 1712 2774 ejus.
1751 2709 1852 2776 Qai

257 2800 450 2843 autem
481 2789 607 2843 facit
644 2792 956 2858 veritatem,
992 2796 1140 2848 venit
1185 2796 1251 2849 ad
1301 2797 1509 2863 lumen,
1562 2810 1618 2852 ut
1678 2802 1854 2855 maui-

266 2889 535 2941 {estentur
599 2899 767 2954 opera
821 2884 963 2954 ejus,
1021 2890 1280 2958 quoniam
1341 2890 1392 2943 in
1432 2893 1541 2946 Deo
1584 2903 1666 2947 est
1725 2909 1855 2961 ope-

266 2984 423 3029 ratus
458 2976 524 3030 “.
560 2996 579 3029 ι

703 3090 867 3164 323
887 3090 1119 3147 CAPUT
1158 3092 1392 3149 xxvui.

264 3175 344 3229 De
380 3178 585 3257 piorum
613 3181 981 3257 etimpiorum
1012 3184 1333 3252 discrimine,
1362 3190 1627 3249 apostasia
1670 3191 1851 3257 futura

378 3249 473 3301 sub
500 3249 842 3313 Amic/triste,
869 3262 1025 3321 atque
1060 3258 1241 3308 mundi
1270 3249 1736 3314 consummatione.

290 3382 306 3394 .
333 3340 387 3391 1.
424 3340 575 3392 Ἐπεὶ
596 3337 691 3395 οὖν
719 3343 827 3413 (59)
862 3346 919 3397 ἐν
944 3346 1021 3416 τῷ
1168 3349 1218 3402 1.
1262 3348 1528 3414 Quoniam
1578 3351 1743 3419 igitur
1794 3354 1844 3405 in

257 3428 423 3483 αἰῶνι
439 3430 633 3501 τούτῳ,
662 3436 711 3485 οἱ
738 3435 836 3504 μὲν
854 3452 1022 3506 προσ-
1096 3440 1198 3492 hoc
1234 3440 1433 3493 mundo
1474 3441 1695 3510 quidam
1725 3445 1847 3510 qui-

261 3520 519 3589 τρέχουσι
539 3523 616 3595 τῷ
650 3526 807 3593 φωτὶ,
826 3528 916 3602 καὶ
931 3526 1020 3580 διὰ

262 3612 363 3682 τῆς
396 3614 632 3677 πίστεως
660 3616 869 3670 ἐνοῦσιν
904 3620 1021 3670 ἑαυ-

260 3703 390 3765 τοὺς
422 3702 500 3773 τῷ
532 3703 671 3774 Θεῷ·
717 3708 764 3757 οἱ
807 3707 872 3765 δὲ.
895 3709 1020 3776 ἀφί-

259 3808 485 3847 στανται
531 3794 625 3847 τοῦ
679 3796 874 3865 φωτὸς,
927 3800 1020 3852 καὶ

260 3884 613 3956 ἀφορίζουσιν
662 3888 885 3953 ἑαυτοὺς
923 3891 1017 3943 τοῦ

259 3976 428 4030 Θεοῦ·
457 3979 733 4049 ἐκδέχεται
777 3985 805 4035 ὁ
848 3984 1019 4051 Λόγος

259 4066 358 4120 τοῦ
392 4068 551 4135 Θεοῦ,
575 4072 889 4133 τοῖς’πᾶσιν
922 4075 1019 4144 ἀρ-

263 4158 670 4231 μόζουσανοῖκη
678 4179 760 4217 σιν
774 4163 1014 4232 ἐπάγων

1094 3529 1212 3581 dem
1268 3542 1563 3586 accurrunt
1616 3533 1841 3596 lumini,

1092 3629 1147 3673 et
1180 3636 1277 3689 per
1304 3622 1477 3675 ﬁdem
1538 3623 1729 3676 uniunt
1784 3640 1844 3679 se

1096 3710 1235 3775 Deo;
1260 3714 1349 3765 alii
1370 3722 1548 3767 autem
1575 3715 1845 3769 absistunt

1095 3818 1124 3855 a
1182 3803 1420 3867 lumine,
1472 3814 1525 3859 et
1588 3818 1846 3875 separant

1096 3892 1303 3960 seipsos
1352 3909 1380 3947 a
1453 3894 1561 3948 Deo
1620 3910 1635 3948 :
1700 3890 1847 3949 venit

1097 3981 1331 4037 Verbum
1396 3984 1519 4050 Dei,
1592 3988 1845 4041 omnibus

1095 4084 1276 4143 aptam
1323 4077 1728 4131 habitationem
1764 4080 1845 4132 in-

1092 4164 1305 4233 ferens;
1357 4168 1442 4221 his
1497 4169 1715 4236 quidem
1750 4172 1841 4236 qui

334 4271 381 4302 “
406 4271 566 4347 {0am
596 4290 679 4341 tu,
718 4277 783 4331 18
814 4292 969 4347 seqq.

1075 4280 1119 4310 ⁸⁸
1148 4279 1337 4334 Matth.
1369 4297 1489 4345 xxv,
1518 4282 1608 4346 54,
1638 4284 1729 4339 41.

259 4357 386 4406 xm,
413 4343 448 4395 2
478 4359 630 4413 seqq.

335 4452 451 4522 (55)
489 4451 608 4507 Sint
631 4454 853 4507 desolati
879 4456 942 4508 ab
974 4460 1213 4511 omnibus
1237 4459 1404 4512 bonis.
1432 4462 1558 4524 Alii,
1587 4476 1708 4515 sunt
1751 4465 1839 4515 de-

258 4524 424 4576 solati
452 4524 517 4574 ab
540 4526 680 4577 omni
703 4526 857 4578 bona.

358 4592 448 4667 ξιξ)
481 4591 763 4667 immenso.
798 4596 997 4667 graec”
1030 4599 1298 4661 continuo,
1324 4613 1591 4667 perpetuo.

357 4662 447 4731 57)
477 4662 991 4731 Creeitatis.Gra:c.,
1019 4669 1071 4721 in
1096 4662 1351 4722 caecitate.

352 4732 441 4803 58)
469 4732 823 4806 Odit_lm_nen,
873 4746 921 4790 et
964 4755 1067 4791 non
1110 4740 1270 4793 venit.
1302 4740 1481 4806 Eras.,
1516 4742 1719 4800 Call-as.
1782 4754 1836 4799 et

259 4802 527 4866 Feuard.,
549 4803 655 4855 odit
682 4804 871 4869 lucem,
897 4816 944 4860 et
970 4824 1074 4860 non
1101 4810 1280 4861 veniet.

335 4871 454 4945 (59)
484 4873 636 4927 Ἐπεὶ
666 4868 1009 4945 οὖνεϐττιξοει
1040 4878 1153 4932 hinc
1190 4880 1383 4935 iterum
1420 4900 1485 4937 ex
1518 4884 1833 4939 Damasceni

262 4942 551 5026 quﬁlelj:
573 4945 739 5026 edidit
764 4944 1059 5026 Halloixius
1084 4951 1134 5001 in
1161 4947 1282 5026 Yita
1298 4952 1525 5026 _Irena:i,
1552 4972 1671 5026 pag.
1708 4956 1833 5011 487.

335 5012 447 5085 (40)
492 5012 819 5095 Ἐκδέχεται
955 5017 1097 5083 τοὺς
1117 5019 1250 5088 μέν.
1298 5023 1441 5093 Lege
1469 5012 1590 5078 cum
1622 5012 1832 5095 interp.

265 5083 524 5155 ἔρχεταιζ
536 5122 573 5138 ..
598 5088 709 5148 τοῖς
744 5086 863 5155 μέν.

336 5151 449 5225 (Η)
473 5151 579 5235 Eo,
627 5166 697 5207 et.
745 5151 907 5235 ‘Duas
959 5159 1104 5235 istas
1150 5163 1369 5235 voculas
1430 5180 1535 5218 noa
1591 5168 1837 5235 agnoscit

264 5223 447 5299 tentus
469 5223 727 5299 (graecus,
743 5229 894 5295 cujus
916 5232 1141 5297 proinde
1161 5235 1317 5299 paulo
1342 5234 1588 5289 diversus
1622 5223 1832 5291 sensus.

337 5293 554 5374 μεχρι
589 5293 975 5374 participentur
1015 5318 1103 5374 ea:
1128 5293 1479 5374 calamitates,
1521 5324 1638 5374 qua:
1670 5309 1721 5360 in
1763 5310 1836 5360 eis

260 5364 404 5418 sum.
430 5364 671 5440 Sievet.
698 5364 927 5440 Feuard.
966 5372 1109 5434 cod.,
1139 5370 1293 5427 Voss.
1321 5384 1374 5426 et
1398 5364 1600 5440 Grab.;
1631 5380 1835 5439 caueri,

260 5444 321 5487 ut
366 5435 715 5515 participetur
759 5438 840 5515 eis
882 5444 1336 5515 calanti_tas,rquw
1372 5446 1429 5497 in
1459 5450 1530 5499 eis
1571 5435 1680 5501 est:
1716 5435 1835 5515 qua:

259 5506 572 5579 emendatio
599 5521 719 5560 esse
755 5509 968 5572 videtur
996 5506 1292 5579 cujuspia'm
1326 5518 1669 5577 recentioris,
1694 5506 1833 5571 haut

261 5574 597 5657 attendentis
624 5579 845 5655 verbum
879 5574 1210 5647 participari,
1237 5593 1293 5635 ut
1328 5586 1605 5653 deponens
1635 5574 1832 5657 partim

260 5646 513 5717 usurpari
542 5644 610 5717 ab
640 5644 955 5717 interprete.

333 5713 445 5786 (45)
482 5715 579 5786 ⁸Αᾴ
604 5713 894 5771 sinistram.
935 5720 1043 5783 AL,
1078 5740 1110 5775 α
1148 5724 1388 5779 sinistra.

332 5784 444 5858 (Μ)
470 5784 816 5861 Dilectione";
864 5790 986 5861 Dei.
1027 5792 1197 5861 Supra
1237 5810 1357 5861 cap.
1406 5796 1477 5850 25
1514 5798 1671 5852 habet
1705 5814 1833 5853 cum

259 5853 465 5911 nostris
498 5853 564 5909 Ν.
598 5854 751 5913 Test.
777 5859 934 5914 codd.
972 5853 1592 5922 dileciionem‘veritatir.

1843 4284 1884 4315 ⁸⁷
1919 4282 1961 4337 ll
1989 4283 2178 4338 Thess.
2214 4301 2279 4349 ιι,
2310 4286 2375 4339 10
2420 4301 2581 4357 seqq.

2782 1796 3132 1862 privavernnt
3149 1801 3320 1854 bouis.

2015 1880 2068 1935 Ξ.
2098 1879 2164 1934 Ει
2197 1892 2418 1949 propter
2452 1884 2552 1936 hoc
2579 1884 2871 1951 Apostolus
2908 1888 2985 1940 ait
3025 1910 3035 1943 :
3078 1908 3094 1939 ι
3132 1890 3235 1945 Pro
3270 1909 3333 1947 eo
3392 1897 3537 1964 quod

1962 1972 2306 2027 dilectionem
2344 1974 2435 2029 Dei
2462 1974 2578 2046 (44)
2614 1993 2720 2031 non
2764 1990 3112 2047 receperunt,
3172 1994 3231 2036 ut
3273 1985 3409 2039 salvi
3448 1988 3536 2043 lie-

1965 2074 2105 2129 rent,
2142 2074 2194 2119 et
2231 2067 2351 2120 ideo
2386 2068 2563 2121 mittet
2596 2083 2689 2121 eos
2738 2069 2881 2123 Deus
2924 2072 2974 2123 in
3020 2077 3392 2140 operationem
3426 2079 3538 2150 (45')

1962 2156 2191 2221 erroris,
2220 2167 2277 2210 ut
2303 2159 2530 2212 credant
2567 2160 2873 2225 mendacio,
2910 2172 2968 2216 ut
2997 2164 3312 2231 judicentur
3348 2186 3538 2224 omnes

1962 2250 2050 2315 qui
2113 2262 2216 2301 non
2289 2250 2637 2305 crediderunt
2694 2254 2937 2317 veritati,
2992 2258 3087 2313 sed
3148 2274 3541 2317 consenserunt

1965 2339 2237 2409 iniquitati
2265 2342 2331 2395 ⁵⁷.
2374 2361 2391 2393 ι
2418 2340 2514 2395 lllo
2535 2342 2648 2413 (16)
2689 2345 2835 2398 enim
2876 2348 3145 2415 veniente,
3177 2361 3228 2406 et
3262 2369 3358 2408 sua
3411 2372 3539 2410 seu-

1963 2432 2132 2485 tentia
2178 2435 2505 2501 apostasiam
2556 2438 2947 2505 recapitulante
2993 2442 3044 2494 in
3076 2446 3451 2513 semetipsum,
3484 2458 3540 2503 et

1961 2538 2055 2577 sua
2096 2522 2373 2576 voluntate
2406 2534 2459 2576 et
2492 2525 2719 2579 arbitrio
2755 2541 3013 2595 operante
3047 2547 3388 2605 quaecunque
3407 2552 3539 2605 ope-

1964 2616 2185 2678 rabitur,
2229 2625 2282 2667 et
2320 2617 2370 2668 in
2406 2618 2601 2685 templo
2648 2618 2742 2673 Dei
2789 2623 3037 2685 sedente,
3094 2635 3151 2679 ut
3198 2629 3343 2681 sicut
3380 2628 3537 2684 Chri-

1960 2718 2101 2760 stum
2134 2709 2365 2761 adorent
2410 2708 2557 2760 illum
2617 2710 2705 2777 qui
2737 2714 3069 2765 seducentur
3119 2716 3231 2781 (17)
3280 2718 3348 2768 ah
3393 2718 3532 2778 illo;

1958 2811 2284 2867 quapropter
2306 2800 2420 2883 (48)
2437 2811 2491 2855 et
2508 2802 2653 2871 juste
2673 2820 2691 2852 ι
2718 2805 2769 2855 in
2806 2814 3059 2875 stagnum
3083 2800 3536 2883 projicie'turﬂ9)

1960 2890 2099 2960 ignis
2134 2892 2218 2943 ἐς
2260 2910 2278 2943 ι
2321 2879 2426 2946 Deo
2456 2894 2683 2959 (autem)
2719 2895 2832 2963 (50)
2872 2898 3173 2951 secundum
3204 2915 3357 2955 suam
3402 2879 3532 2971 pro;

1960 2981 2248 3033 videntiam
2288 2985 2605 3050 prmsciente
2635 2986 2839 3052 omnia,
2871 2995 2923 3041 et
2954 2995 3082 3057 apto
3119 2999 3360 3058 letnpore
3386 3007 3532 3059 eum,

1958 3073 2047 3141 qui
2081 3074 2200 3127 talis
2235 3074 2444 3129 futurus
2475 3085 2611 3140 erat,
2649 3077 2999 3142 immittente,
3035 3100 3051 3129 ι
3088 3094 3145 3133 ιιι
3170 3084 3399 3137 credant
3432 3085 3537 3140 lal-

1958 3177 2040 3227 so,
2068 3164 2455 3231 etjudicentur
2498 3167 2609 3237 (5|)
2650 3183 2857 3233 omnes,
2904 3174 2992 3239 qui
3030 3188 3132 3224 non
3185 3176 3537 3233 crediderunt

1878 3238 1919 3295 C
1957 3255 2191 3319 veritati,
2229 3258 2321 3310 sed
2350 3270 2746 3313 consenserunt
2788 3261 3084 3331 iniquitati.
3115 3265 3163 3297 “
3186 3285 3202 3315 ι
3231 3266 3393 3334 Cujus
3434 3273 3534 3323 ad-

1956 3356 2176 3399 ventum
2208 3346 2448 3404 Joannes
2484 3350 2534 3404 in
2563 3351 2885 3423 Apocalypsi
2912 3354 3238 3423 signiﬁcavit
3266 3359 3337 3411 ita
3370 3380 3379 3413 :
3411 3377 3431 3411 ι
3472 3362 3538 3415 Et

1955 3433 2124 3487 bestia
2158 3448 2320 3503 quam
2358 3438 2623 3503 videram,
2673 3441 2868 3495 similis
2899 3452 3016 3496 erat
3048 3449 3242 3512 pardo,
3269 3458 3319 3499 et
3368 3452 3534 3518 pedes

1952 3526 2068 3596 ejus
2090 3530 2243 3595 quasi
2278 3532 2411 3596 ursi,
2446 3544 2501 3585 et
2525 3547 2586 3587 os
2616 3533 2733 3603 ejus
2764 3535 2919 3602 quasi
2955 3552 3016 3591 os
3046 3536 3235 3605 leonis,
3281 3550 3333 3594 et
3385 3542 3533 3599 dedit

1956 3619 2003 3672 ei
2031 3618 2198 3689 draco
2230 3621 2489 3677 virtutem
2525 3639 2701 3690 suam,
2736 3635 2792 3680 et
2828 3628 3083 3683 thronum
3119 3645 3298 3694 suum,
3351 3643 3403 3687 et
3444 3648 3533 3702 po-

1959 3720 2204 3765 testatem
2232 3730 2504 3783 magnam,
2537 3724 2590 3769 et
2618 3732 2782 3770 unum
2817 3732 2882 3773 ex
2917 3720 3188 3789 capitibus
3218 3722 3340 3789 ejus
3377 3728 3530 3793 quasi

1954 3804 2194 3857 occisum
2225 3805 2275 3856 in
2303 3817 2534 3860 inertem
2584 3809 2718 3877 (52),
2757 3820 2811 3862 et
2840 3810 2995 3880 plaga
3042 3817 3235 3869 mortis
3268 3818 3384 3885 ejus
3434 3835 3531 3871 cu-

1956 3900 2071 3944 rata
2097 3903 2198 3955 est,
2221 3903 2275 3946 et
2296 3895 2559 3948 admirata
2580 3906 2662 3951 est
2685 3900 2936 3954 universa
2966 3912 3105 3955 terra
3124 3917 3247 3972 post
3266 3908 3527 3961 bestiam:

1954 3992 2008 4037 et
2038 3985 2397 4038 adoravcrunt
2425 3987 2739 4051 draconem,
2794 3992 3054 4059 quoniam
3096 3995 3245 4051 dedit
3283 4010 3534 4068 potesta-

1955 4084 2059 4125 tem
2095 4073 2310 4139 bestiae;
2347 4088 2399 4130 ct
2431 4078 2798 4134 adoravcrunt
2831 4084 3061 4139 bestiam
3094 4088 3369 4147 dicentes:
3397 4096 3532 4161 Quis

1956 4167 2147 4220 similis
2181 4169 2365 4223 bestiae
2388 4170 2487 4235 illi,
2511 4186 2564 4226 et
2597 4175 2719 4241 quis
2744 4185 2924 4244 potest
2957 4192 3198 4249 pugnare
3231 4200 3353 4238 cum
3381 4188 3531 4256 ipsa?

2678 4290 2722 4321 ⁸⁸
2746 4292 2912 4362 Apoc.
2940 4310 3052 4359 XIX,
3084 4296 3173 4352 20.
3278 4300 3322 4332 ⁶⁹
3361 4302 3529 4373 Apoc.

2022 4468 2159 4545 (45)
2189 4469 2361 4523 Mitte:
2408 4488 2493 4545 eos
2552 4471 2693 4545 Deus
2747 4477 2804 4531 in
2859 4480 3240 4545 operationem.
3277 4484 3369 4539 Sic
3419 4502 3526 4542 vel.

1948 4538 2283 4613 Feuardent.
2318 4542 2442 4595 cod.
2494 4552 2548 4596 et
2598 4543 2747 4598 Voss.
2781 4538 2898 4600 Alii'
2933 4564 3056 4601 cum
3111 4556 3314 4608 nostris
3352 4538 3530 4613 Pauli

1870 4600 1914 4654 D
1944 4608 2383 4685 exemplaribus:
2423 4613 2587 4685 mittet
2620 4616 2691 4667 eis
2738 4616 2874 4669 Deus
2922 4600 3394 4683 operatioii—enitEt

1942 4681 2105 4767 gtiqm
2145 4683 2432 4748 pOSteriori
2463 4684 2622 4737 modo
2648 4688 2740 4766 cit.
2777 4702 2898 4766 cap.
2933 4681 3073 4767 hunc
3102 4692 3278 4746 locum
3303 4706 3349 4748 a'
3377 4681 3525 4767 egth;

1943 4748 2049 4805 Sed
2086 4766 2208 4824 cum
2236 4766 2377 4820 sape
2413 4768 2479 4805 ex
2515 4758 2776 4809 memoria
2810 4748 2938 4811 citet
2973 4757 3227 4824 lremeus,
3266 4748 3527 4821 uitulini;

1943 4836 2057 4873 rum
2086 4822 2128 4892 si
2166 4836 2272 4892 non
2299 4823 2487 4876 eodem
2530 4825 2729 4892 ubique
2761 4828 2919 4881 modo
2949 4829 3097 4885 citet.

2015 4889 2125 4971 (4.6)
2196 4890 2315 4944 Illo.
2367 4889 2704 4948 Antichristo
2761 4898 2992 4961 scilicet,
3050 4902 3116 4952 ad
3175 4920 3335 4971 quem
3386 4912 3525 4963 redit

1940 4973 2141 5015 οι·;ιιιυ.
2656 4978 2661 4983 ’

2014 5031 2124 5100 (47)
2160 5030 2508 5085 Βισάαίεηιιιν.
2542 5034 2652 5098 ΑΙ.,
2689 5038 3027 5091 seducuntur.

2012 5100 2535 5179 (.43)_Quapr0ptei.
2570 5104 2676 5179 Pro
2729 5120 3027 5175 eapropter,
3066 5125 3361 5179 propterea,
3415 5131 3521 5175 etc.

1943 5172 2031 5225 Sic
2072 5173 2215 5251 cnim
2274 5173 2535 5251 explicari
2596 5178 2757 5251 hang
2790 5172 2977 5251 vocem
3014 5172 3184 5251 ettigt't
3229 5172 3523 5243 vernoruni

1941 5244 2224 5313 connexio,
2262 5258 2380 5309 quae
2408 5244 2609 5313 alioqui
2649 5246 2792 5301 nulla
2833 5248 2990 5301 foret.

2011 5313 2124 5391 (t9)
2161 5311 2498 5391 {’rojicielur.
2536 5311 2647 5391 "Si_c_
2676 5316 2908 5391 Feuard.
2947 5320 2995 5371 in
3035 5338 3207 5391 niarg.
3240 5335 3291 5375 ct
3329 5328 3521 5390 Grab.,

1940 5386 2137 5450 quibus
2170 5383 2281 5434 fere
2299 5387 2578 5464 consentit
2607 5386 2762 5464 Voss.
2783 5387 2835 5464 in
2865 5404 2970 5455 quo
2989 5383 3188 5458 exstat:
3218 5383 3523 5464 projicitur.

1941 5455 2155 5526 ueteri,
2190 5454 2575 5519 projicientur;
2599 5459 2691 5509 sed
2727 5454 2905 5511 minus
2940 5474 3105 5526 recte,
3140 5454 3261 5515 nam
3308 5454 3373 5521 de
3409 5472 3526 5522 Au-

1940 5524 2191 5577 tiehristo
2216 5540 2393 5577 sermo
2422 5538 2525 5579 est.

2010 5595 2122 5665 (50)
2162 5594 2268 5665 Deo
2306 5606 2499 5647 autem.
2538 5599 2792 5651 Abundat
2827 5601 3320 5665 particulauutem.

2011 5664 2122 5742 (51)
2161 5664 2227 5742 _Et
2247 5664 2867 5742 judicentur.gArttndel.
2897 5680 2951 5723 et
2982 5672 3174 5739 Gt‘ah.,
3204 5676 3522 5742 utjudicen-

1941 5744 2047 5787 tur.
2069 5733 2173 5787 Sed
2199 5748 2504 5804 repugnant
2539 5738 2627 5790 alii
2659 5754 2847 5793 "niues
2870 5741 3029 5793 codd.

2011 5804 2125 5873 (52)
2154 5805 2398 5860 Ocritum
2422 5808 2474 5860 in
2516 5820 2754 5862 mortem.
2780 5810 2834 5862 lu
2855 5814 2976 5866 eod.
3010 5810 3180 5877 Voss.,
3210 5815 3438 5870 decisum
3469 5824 3520 5871 in

1941 5888 2129 5927 "IOHC.
