4238 6316
695 355 831 410 “99

696 474 762 528 Et
777 474 961 526 datum
993 476 1074 522 est
1096 466 1144 521 ei
1181 478 1243 519 os
1267 463 1497 534 loquens
1521 475 1714 531 magna
1752 469 1805 511 et
1840 456 2258 527 blasphemiam,
2292 458 2332 514 Α
2431 456 2487 509 5.
2530 453 2794 515 Ὀσαιςη.

694 576 745 619 ει
772 565 893 618 data
920 571 1003 615 est
1029 560 1077 615 ei
1102 565 1343 629 potestas
1374 554 1650 609 mensibus
1671 550 2028 621 quadraginta
2046 558 2101 603 et
2130 548 2264 603 duo-

696 654 817 710 bus.
846 652 913 708 Et
943 648 1154 719 aperuit
1183 661 1246 701 os
1270 661 1429 700 suum
1454 643 1828 711 blaspltentum
1861 638 1972 711 (55)
2006 639 2265 694 adversus

1452 342 1508 399 S.
1540 339 1799 395 iREN/El
1840 337 2148 395 EPISCOPI
2188 333 2670 392 LUGDUNENSIS
2708 332 2793 387 ET
2830 328 3191 386 MABTYRIS

2878 448 3115 520 ἡμέραις

2367 548 2479 615 (ϐΙ)
2516 547 2732 617 ἐγένετο
2786 546 2814 597 ὁ
2850 542 3073 612 ,κόσμος
3100 582 3115 606 ,

2365 641 2650 705 τοσαύταις
2673 636 2964 711 χιλιοντάσι
2996 653 3119 706 σνν-

698 750 887 811 Deum,
915 744 1297 815 blasphemare
1327 753 1522 794 nomen
1557 736 1691 805 ejus,
1744 744 1793 789 et
1848 730 2262 788 tabernaculum
2365 756 2372 770 -

1442 753 1522 792 ten
1557 736 1691 805 ejus,
1744 744 1793 789 et
1848 730 2262 788 tabernaculum
2365 738 2618 790 τελεῖται.
2668 734 2777 788 Καὶ
2824 731 2909 785 διὰ
2959 732 3116 785 τοῦτο

696 843 835 913 cjus,
865 848 921 894 et
952 852 1045 893 eos
1065 836 1157 907 qui
1184 836 1238 889 in
1264 833 1401 888 cmlo
1425 831 1693 886 habitant.
1722 827 1787 881 Et
1823 828 1949 881 data
1977 835 2061 879 est
2090 824 2139 877 ei
2168 838 2267 893 po-

697 944 865 991 testas
882 944 1045 1000 super
1068 941 1283 985 omnem
1306 926 1526 990 tribum,
1553 932 1607 977 et
1622 919 1895 992 populum,
1924 929 1979 974 et
2001 918 2263 987 linguam.

694 1036 749 1082 ει
781 1033 1017 1096 gentem.
1048 1021 1112 1075 Et
1133 1020 1502 1074 adoraverunt
1523 1028 1642 1069 eam
1670 1010 1785 1081 (ιιι)
1817 1022 2009 1066 omnes
2044 1007 2134 1078 qui
2172 1006 2268 1059 ba-

695 1118 871 1173 bitant
913 1130 1078 1185 super
1128 1122 1353 1175 terram,
1402 1107 1557 1177 cujus
1612 1119 1719 1159 non
1754 1112 1840 1159 est
1875 1102 2137 1171 scriptum
2171 1115 2267 1153 uo-

695 1223 818 1263 men
856 1205 969 1273 (55)
995 1205 1045 1257 in
1077 1202 1215 1256 libro
1253 1201 1376 1253 vitae
1418 1198 1556 1267 Agni
1589 1195 1755 1250 occisi
1803 1210 1831 1247 a
1876 1189 2269 1247 constitutione

696 1297 900 1351 mundi.
964 1294 1019 1349 Si
1076 1292 1198 1362 quis
1237 1290 1401 1344 habet
1436 1301 1621 1352 aures,
1665 1284 1870 1338 audiat.
1924 1280 1981 1336 Si
2028 1283 2151 1349 quis
2214 1282 2265 1335 in

694 1389 1065 1457 captivitatem
1091 1381 1329 1447 duxerit,
1360 1380 1413 1435 in
1460 1378 1835 1448 captivitatem
1871 1370 1990 1429 ibit.
2048 1372 2104 1428 Si
2148 1372 2269 1441 quis

696 1480 874 1551 gladio
902 1475 1187 1539 occiderit,
1214 1480 1433 1545 oportet
1462 1486 1586 1525 eum
1616 1470 1670 1523 in
1705 1468 1889 1539 gladio
1913 1466 2110 1522 occidi.
2170 1465 2270 1521 Hic

694 1581 780 1626 est
814 1569 1141 1626 sustinentia
1168 1577 1222 1622 et
1254 1566 1383 1625 fides
1418 1572 1730 1619 sanctorum
1752 1560 1822 1614 "°.
1861 1580 1879 1613 ι
1917 1559 2043 1614 Post
2074 1559 2269 1613 deinde

694 1677 750 1721 et
776 1668 841 1721 de
868 1666 1138 1735 armigero
1169 1663 1282 1730 ejus
1309 1660 1442 1731 (56),
1468 1673 1629 1730 quem
1646 1667 1719 1719 εει
1743 1652 2269 1725 pseudoprophetam

700 1768 856 1814 vocat
888 1775 901 1812 :
936 1775 954 1808 ι
990 1755 1357 1826 Loquebatur,
1404 1751 1601 1822 inquit,
1656 1750 1810 1819 quasi
1854 1750 2057 1814 dum.
2088 1758 2142 1802 et
2170 1761 2267 1816 po-

701 1863 949 1909 testatem
969 1854 1157 1919 prima:
1184 1847 1370 1902 bestiae
1397 1860 1612 1900 omnem
1638 1842 1872 1896 faciebat
1901 1841 1952 1893 in
1981 1846 2269 1908 conspectu

698 1943 815 2009 ejus
844 1961 857 1997 :
890 1942 1097 1995 etfacit
1127 1951 1349 2002 terram,
1388 1944 1441 1989 et
1474 1934 1565 2004 qui
1602 1934 1851 1987 habitant
1877 1934 1927 1985 iu
1952 1946 2041 1991 ea,
2069 1940 2125 1982 ut
2184 1930 2273 1983 ad-

697 2047 913 2091 orarent
943 2031 1053 2104 (57)
1073 2032 1303 2087 bestiam
1336 2030 1588 2100 primam,
1619 2025 1774 2096 cujus
1791 2033 1977 2079 curata
2008 2032 2093 2077 est
2118 2023 2271 2093 plaga

2368 834 2531 904 φησὶν
2591 834 2625 903 ἡ
2690 828 2913 902 Γραφή’
2954 848 2970 881 t
3007 829 3118 884 Καὶ

2371 924 2821 995 συνετελέσθησαν
2847 926 2876 978 ὁ
2896 922 3122 994 οΰρανὸς

2369 1016 2463 1069 καὶ
2494 1016 2526 1085 ἡ
2552 1016 2647 1086 γῆ,
2676 1015 2770 1068 καὶ
2802 1015 2910 1069 πᾶς
2957 1016 2987 1067 ὁ
3032 1012 3122 1065 κό-

2372 1127 2506 1181 σμος
2528 1109 2725 1163 αὐτῶν.
2766 1109 2877 1163 Καὶ
2912 1108 3123 1161 συνετὲ-

2369 1206 2523 1259 λεσεν
2573 1206 2602 1259 ό
2650 1203 2782 1269 Θεὸς
2820 1206 2887 1275 τῇ
2940 1204 3123 1275 ἡμέρᾳ

2369 1305 2434 1374 τῇ
2484 1309 2536 1366 ς’
2570 1300 2638 1355 τὰ
2684 1300 2819 1370 ἔργα
2872 1298 3037 1353 αὑτοῦ
3085 1298 3121 1352 ἃ

2370 1398 2613 1468 ἐποίησε,
2650 1397 2744 1449 καὶ
2776 1395 3124 1449 κατέπαυσεν

2370 1492 2397 1541 ὁ
2437 1485 2569 1552 Gabi;
2616 1490 2675 1540 ὲν
2714 1489 2780 1558 τῇ
2826 1486 3009 1558 ἡμέρᾳ
3056 1490 3122 1557 τῇ

2371 1583 2413 1648 ζ’
2442 1582 2550 1637 ἀπὸ
2581 1580 2797 1634 πάντων
2821 1580 2926 1633 τῶν
2948 1582 3125 1651 ἔργων

2372 1679 2588 1735 αὐτοῦ.»
2613 1678 2783 1733 Τοῦτο
2809 1677 2853 1731 δ’
2881 1678 2994 1731 ἐστι
3016 1678 3125 1729 τῶν

2304 1803 2344 1857 Β
2375 1770 2781 1845 προγεγονότων
2853 1770 3123 1843 διήγησις,

2375 1867 2467 1918 καὶ
2500 1865 2606 1918 τῶν
2654 1862 2936 1934 ἐσομένων
3002 1878 3129 1932 προ-

2376 1959 2589 2030 φητεία.
2647 1958 2712 2011 Ἦ
2778 1956 2886 2028 γὰρ
2939 1954 3126 2025 ἡμέρα

2374 2050 2580 2121 Κυρίου
2643 2048 2717 2111 ὼς
2781 2066 2831 2118 lat
2890 2046 3005 2117 ἐτη·
3070 2046 3126 2097 ὲν

3798 324 3935 380 ιξοη

3261 443 3314 497 5.
3350 441 3625 510 Quthuot
3646 438 3791 494 enim
3821 439 3937 494 die‘

3189 537 3290 591 bus
3324 538 3412 593 hic
3453 536 3630 590 factus
3660 541 3744 589 est
3774 548 3938 588 mun-

3190 634 3312 699 dus,
3346 642 3492 686 totct
3524 629 3756 685 millenis
3782 628 3938 682 annis

3190 739 3627 785 consummatur.
3690 724 3757 777 Et
3812 737 3940 792 pro-

3191 839 3312 893 pter
3365 822 3469 879 boc
3517 822 3595 877 ait
3658 820 3941 888 Scriptura

3194 917 3466 975 Geneseos
3493 933 3509 972 :
3547 933 3567 967 ι
3609 914 3675 969 Ει
3694 928 3945 969 consum-

3198 1021 3344 1069 mata
3419 1021 3547 1067 sunt
3624 1009 3827 1065 calum
3888 1016 3943 1063 et

3200 1120 3341 1164 terra
3369 1147 3387 1175 ,
3424 1116 3481 1164 ct
3513 1104 3692 1163 omnis
3722 1114 3944 1160 ornatus

3195 1219 3404 1259 eorum.
3437 1202 3504 1257 Et
3544 1198 3946 1257 consummavit

3194 1300 3335 1354 Deus
3400 1298 3487 1353 die
3540 1304 3695 1351 sexto
3761 1293 3945 1349 omnia

3196 1408 3358 1463 opera
3398 1407 3497 1448 sua
3546 1406 3667 1460 quae
3700 1388 3865 1454 fecit,
3892 1396 3947 1440 et

3201 1487 3471 1556 requievit
3501 1489 3557 1540 in
3592 1486 3679 1539 die
3713 1483 3947 1552 septimo

3197 1584 3264 1637 ab
3285 1583 3537 1637 omnibus
3557 1580 3819 1649 operibus
3835 1577 3949 1633 suis

3195 1694 3316 1749 qua:
3360 1677 3560 1732 fecit"
3607 1675 3787 1746 (62).»
3836 1672 3949 1728 Hoc

3199 1783 3375 1828 autem
3390 1781 3473 1828 est
3486 1781 3540 1828 et
3552 1771 3948 1825 antefactorum

3200 1870 3467 1931 narratio,
3485 1863 3949 1936 quemadmodum

3200 1966 3339 2019 facta
3378 1974 3530 2027 sunt,
3556 1972 3611 2017 et
3641 1962 3953 2016 futurorum

3200 2056 3501 2125 prophetia.
3532 2053 3589 2107 Si
3608 2053 3805 2109 etenim
3832 2050 3948 2121 (63)

702 2131 891 2184 mortis
926 2128 1059 2195 ejus.
1092 2125 1156 2179 Et
1185 2123 1352 2178 faciet
1380 2121 1493 2191 (58)
1511 2134 1668 2189 Signa
1700 2132 1919 2187 magna,
1949 2126 2077 2170 utet
2097 2117 2271 2186 ignem

701 2224 866 2276 iaciat
902 2222 969 2275 de
996 2217 1136 2274 casio
1166 2216 1499 2270 descendere
1537 2213 1587 2266 in
1636 2220 1837 2265 terram
1876 2210 1926 2262 iu
1980 2215 2271 2277 conspectu

701 2315 1004 2378 hominum,
1047 2320 1102 2365 et
1138 2310 1363 2362 seducet
1413 2304 1526 2377 (59)
1568 2304 1933 2357 inhabitantes
1964 2315 2130 2368 super
2176 2308 2279 2353 ter-

704 2421 818 2460 ram
845 2405 912 2455 τί.
951 2420 968 2452 ι
1009 2399 1131 2454 ιιιιτε
1164 2411 1229 2451 ηε
1264 2394 1386 2465 quis
1417 2407 1539 2448 eum
1576 2391 1757 2445 divina
1785 2390 1980 2443 virtute
2014 2395 2167 2456 putet
2211 2386 2277 2440 si-

2376 2140 2435 2204 ἓξ
2467 2137 2560 2194 οὖν
2602 2140 2837 2211 ἡμέραις
2881 2154 3127 2190 συντετε-
3204 2148 3317 2201 dies
3354 2146 3561 2199 Domini
3593 2145 3749 2213 quasi
3800 2142 3953 2197 mille

2376 2231 2560 2283 λέσται
2608 2229 2678 2281 τὰ
2719 2228 2997 2295 γεγονότα·
3027 2243 3129 2294 φα-
3204 2238 3411 2301 anni".
3438 2238 3490 2289 in
3512 2250 3605 2290 sex
3636 2246 3818 2289 autem
3843 2234 3953 2288 dic-

2377 2318 2530 2390 νερδν
2562 2315 3133 2385 οὖννὸτιήσυντέλεια
3204 2329 3306 2382 bus
3383 2334 3758 2382 consummata
3823 2334 3953 2377 sunt

2380 2414 2555 2466 αὐτῶν
2602 2414 2662 2465 τὸ
2714 2418 2765 2464 ς’
2799 2410 2917 2472 ἔτος
2961 2411 3127 2465 ἐστίν-
3203 2435 3323 2489 qua:
3349 2419 3487 2474 facta
3529 2426 3691 2485 sunt;
3722 2416 3955 2473 manife-

2382 2517 2521 2558 stum
2552 2516 2635 2560 est
2653 2508 2907 2574 quoniam
2933 2513 3336 2565 consummatio
3366 2513 3605 2581 ipsorum
3629 2518 3815 2566 sextus
3843 2508 3958 2561 mil-

2384 2599 2604 2652 lesimus
2639 2615 2810 2653 anuus
2841 2608 2946 2653 est.

2452 2690 2505 2745 4.
2539 2690 2601 2743 Et
2622 2702 2840 2759 propter
2873 2692 2972 2746 hoc
3022 2692 3074 2745 in
3110 2693 3257 2747 omni
3307 2703 3553 2763 tempore
3584 2733 3599 2756 ,
3642 2693 3949 2762 plasmatus

2386 2781 2543 2835 initio
2583 2783 2745 2836 homo
2776 2797 2873 2852 per
2912 2798 3107 2839 manus
3152 2786 3270 2852 Dei,
3307 2786 3359 2840 id
3402 2795 3488 2839 est
3527 2784 3648 2838 Filii
3686 2792 3746 2838 et
3782 2782 3955 2852 Spiri-

2386 2881 2495 2936 tus,
2524 2872 2584 2925 fit
2639 2875 2935 2927 secundum
2972 2876 3257 2946 imaginem
3294 2888 3346 2932 et
3378 2876 3791 2931 similitudinem
3838 2873 3954 2936 Dei,

998 2962 1266 3058 iriim'ago,‘
1288 2962 1341 3003 et
1365 2962 1459 3058 80-8
1490 2962 1580 3014 qut
1624 2962 1731 3058 non
1762 2962 2108 3058 aufll'ijfei'lll:
2133 2962 2281 3058 far:
2387 2963 2557 3033 paleis
2586 2964 2803 3032 quidem
2839 2963 3065 3032 abiectis
3091 3007 3105 3027 ν
3152 2982 3272 3035 (με
3320 2977 3446 3021 sum
3494 2964 3806 3035 apostasia;
3850 2962 3959 3017 fru-

710 3054 874 3106 faeiet
897 3046 1092 3103 occidi.
1128 3043 1195 3097 El
1220 3042 1597 3127 Chamaeer
1640 3043 1845 3097 θυιθιην
1872 3033 1968 3096 “iis
2004 3029 2058 3127 in
2082 3028 2281 3127 "3""?
2387 3028 2569 3107 incnto
2602 3028 2793 3109 autem
2848 3028 2918 3109 inv
2958 3028 3211 3113 horreum
3249 3028 3571 3127 assumpto,
3608 3055 3753 3126 quod
3787 3064 3872 3109 est
3904 3056 3960 3109 bi

709 3149 764 3194 et
795 3139 847 3192 in
882 3150 1043 3189 manu
1076 3132 1265 3185 dextra
1290 3127 1456 3182 faciet
1487 3124 1622 3189 dari,
1656 3132 1715 3177 ιιι
1751 3138 1854 3177 non
1892 3119 2063 3190 possit
2088 3115 2285 3187 aliquis
2315 3138 2358 3197 ο

2315 3138 2358 3197 C
2392 3146 2485 3213 qui
2512 3147 2578 3201 ad
2604 3145 2772 3202 Deum
2804 3148 2909 3204 fide
2941 3149 3297 3220 fructiﬁcant.
3343 3152 3409 3206 Et
3438 3115 3741 3223 propterea
3785 3150 3959 3205 tribu-

704 2512 808 2567 gna
836 2496 1040 2556 facere,
1072 2490 1167 2544 sed
1206 2486 1416 2556 magica
1447 2484 1785 2553 operatione.
1818 2481 1885 2535 Et
1918 2496 2026 2533 non
2068 2488 2151 2533 est
2180 2479 2281 2531 mi-

704 2588 955 2653 randum,
995 2586 1043 2640 si
1079 2580 1361 2638 daamouiis
1405 2590 1459 2632 et
1487 2575 1807 2646 apostaticis
1853 2573 2141 2643 spiritibus
2176 2570 2281 2625 mi-

705 2680 1068 2737 nistrantibus
1089 2678 1162 2742 ei,
1205 2690 1302 2745 per
1328 2689 1419 2728 eos
1456 2670 1619 2726 faciat
1653 2669 1841 2739 signa,
1876 2667 1931 2720 in
1962 2666 2162 2735 quibus
2189 2680 2280 2719 se-

706 2773 1201 2833 ducathabitantes
1229 2782 1390 2836 super
1419 2776 1639 2819 terram.
1665 2782 1682 2814 ι
1730 2762 1796 2816 Ει
1833 2760 2144 2831 imaginem,
2181 2759 2279 2821 ait,

702 2865 916 2938 jubcbit
949 2862 1063 2917 ﬁeri
1100 2858 1307 2921 bestize,
1351 2864 1406 2910 et
1447 2851 1705 2922 spiritum
1745 2848 1894 2904 dabit
1930 2844 2169 2915 imagini,
2202 2843 2279 2897 uti

706 2972 759 3016 et
789 2961 1037 3028 loquatur
1060 2955 1260 3017 imago,
1288 2956 1341 3003 et
1365 2962 1459 3002 eos
1490 2945 1580 3014 qui
1624 2958 1731 2998 non
1762 2939 2108 2996 adnraverint
2139 2950 2281 3000 eam,

711 3244 894 3284 emere
922 3225 1007 3279 vel
1037 3221 1290 3285 vendere,
1321 3217 1425 3275 nisi
1460 3216 1552 3285 qui
1589 3215 1753 3269 habet
1787 3212 2155 3267 charaCterem
2183 3225 2281 3264 no-

712 3320 874 3373 minis
902 3316 1109 3379 bestiae,
1148 3311 1229 3366 vel
1282 3324 1567 3365 numerum
1602 3307 1839 3363 nominis
1865 3304 2016 3373 ejus:
2057 3314 2111 3358 et
2165 3319 2287 3358 esse

712 3424 999 3466 numerum
1034 3400 1627 3481 sexcentossexaginta
1652 3413 1768 3462 sex,
1800 3399 1944 3465 quod
1978 3405 2080 3463 est,
2110 3395 2288 3450 sexies

713 3501 949 3561 centeni,
980 3508 1035 3554 et
1056 3498 1179 3552 deni
1212 3496 1411 3560 sexies,
1458 3501 1515 3548 et
1539 3490 1842 3561 singulares
1883 3504 2013 3551 sex;
2056 3506 2075 3540 ι
2106 3487 2161 3543 in
2200 3501 2285 3541 re-

716 3590 1155 3662 capitulationem
1191 3588 1463 3642 universae
1491 3582 1604 3653 (60)
1640 3581 1925 3650 apostasiae
1953 3579 2114 3651 327
2148 3579 2287 3651 ejus,

718 3704 836 3757 qua:
868 3685 1006 3738 facta
1036 3692 1119 3737 est
1147 3682 1199 3735 in
1229 3695 1323 3735 sex
1360 3677 1600 3733 millibus
1640 3690 1928 3729 annorum.

786 3844 831 3873 το
860 3842 1029 3908 Apoc.
1067 3854 1189 3902 χιιι,
1215 3838 1274 3889 Η
1311 3851 1464 3904 seqq.
1570 3835 1613 3864 ⁷¹
1652 3833 1811 3897 lbid.,
1842 3834 1909 3888 14
1936 3850 2091 3905 seqq.

792 3979 906 4047 (53)
936 3976 1325 4045 Blasphemum.
1361 3972 1855 4047 Adjlqspltentium
1886 3973 1938 4025 in
1975 3974 2287 4047 SOlO‘Afurn.

719 4041 829 4106 del.
865 4041 1024 4117 quem
1050 4041 1226 4100 tamen
1254 4044 1403 4117 sequi
1431 4041 1635 4117 Grabio
1664 4043 1885 4117 placuit,
1915 4044 2058 4110 quia,
2093 4044 2285 4117 inquit,

723 4122 781 4173 S.
812 4112 1046 4173 Joannes
1082 4118 1155 4169 ait
1194 4115 1313 4176 ιεὶς
1336 4112 1831 4184 βλᾳσφημίανηΑι
1866 4115 2125 4184 neuquid
2148 4117 2289 4169 seri-

724 4191 891 4273 pserit
910 4187 1164 4273 domin-es,
1184 4191 1277 4239 sed
1298 4182 1386 4265 qui
1416 4182 1675 4273 J‘oannem
1703 4183 2287 4273 alleg'averitlrenaaus,

724 4255 1039 4329 inquiritur.
1074 4256 1229 4329 Illum
1248 4256 1392 4307 enim
1428 4255 1544 4329 hi_c_,_
1570 4264 1628 4329 ut
1655 4264 1707 4307 et
1728 4255 1893 4329 paulo
1910 4263 2051 4321 post,
2084 4269 2147 4329 ex
2177 4270 2295 4329 me-

728 4324 901 4385 moria
931 4329 1101 4382 citare
1144 4325 1378 4395 videtur,
1427 4324 1625 4395 additis
1664 4324 2008 4393 quibusdam,
2052 4326 2299 4395 pluribus

727 4403 845 4454 aliis
882 4400 1123 4461 omissis,
1158 4404 1216 4448 ut
1242 4394 1545 4449 conferenti
1575 4396 1798 4462 patebit.

2193 3840 2239 3871 "
2267 3838 2397 3897 Gen.
2432 3857 2492 3909 ιι,
2521 3844 2565 3907 1,
2606 3842 2658 3896 2.

2392 3239 2525 3293 latio
2559 3242 2873 3295 necessaria
2902 3252 2987 3297 est
3023 3245 3108 3298 his
3142 3245 3235 3314 qui
3274 3245 3579 3311 salvantur,
3612 3255 3670 3299 nt
3697 3245 3961 3314 quodam-

2395 3332 2558 3386 modo
2608 3335 2854 3401 contriti,
2888 3346 2942 3390 et
2972 3338 3262 3401 attenuati,
3294 3348 3350 3392 et
3394 3338 3674 3408 consparsi
3725 3335 3839 3406 (64)
3868 3349 3965 3405 ρει·

2397 3426 2713 3495 patientiam
2748 3428 2929 3484 Verbo
2964 3431 3079 3495 Dei,
3122 3443 3177 3487 et
3222 3435 3373 3504 igniti
3423 3433 3573 3505 (65),
3615 3433 3727 3502 apti
3762 3434 3869 3487 sint
3892 3431 3962 3485 ad

2396 3520 2705 3572 convivium
2740 3522 2905 3591 regis.

2405 3613 2492 3676 Ὦς
2555 3608 2676 3666 εἷπέ
2729 3614 2839 3684 (66)
2891 3634 2975 3679 τις
3034 3618 3142 3670 τῶν
3218 3618 3681 3685 Quemadmodum
3742 3616 3962 3687 quidam

2394 3703 2697 3775 ἡμετέρων,
2746 3706 2831 3758 διὰ
2878 3708 2975 3777 τὴν
3011 3709 3145 3779 πρὸς
3221 3711 3286 3764 de
3318 3711 3522 3765 nostris
3558 3710 3715 3774 dixit,
3746 3719 3965 3779 propter

2771 3845 2816 3874 ⁷³
2844 3843 2882 3896 ll
2912 3845 3027 3898 Pet.
3063 3862 3145 3912 ιιι,
3180 3846 3234 3900 8.

2467 3980 2575 4051 (59)
2602 3980 2849 4051 Seducet.
2890 3984 2999 4040 AL,
3030 3983 3253 4035 seducit.

2468 4050 2579 4125 (60)
2620 4050 3122 4125 Ilecapitulatiouem
3154 4056 3425 4107 universa.
3465 4050 3519 4107 In
3556 4052 3734 4119 V058,,
3769 4060 3968 4125 recapi-

2398 4122 2649 4174 tulationc
2680 4122 2943 4176 universa.

2475 4191 2586 4264 (6|)
2624 4192 2899 4259 Ὅσαις...
2936 4192 3202 4261 ἡμέραις.
3231 4193 3475 4249 Grzerum
3518 4197 3619 4249 hoc
3641 4194 3827 4251 [renati
3859 4197 3968 4251 fra-

2402 4274 2679 4337 gmentum
2714 4265 2895 4337 e_cod.
2937 4263 3077 4337 5445
3126 4264 3379 4337 Bibliotlt.
3426 4264 3583 4337 Reg:
3628 4266 3961 4337 descriptum

2404 4334 2575 4403 edidit
2616 4331 2925 4403 _Cotelerius
2982 4336 3032 4386 in
3066 4336 3214 4387 notis
3246 4336 3311 4387 ad
3342 4331 3533 4403 epistf
3557 4335 3616 4389 S.
3666 4331 3962 4398 Barnabas,

2408 4402 2435 4474 §
2474 4403 2559 4455 i5.
2598 4401 2728 4467 Quae
2766 4419 2895 4457 vero
2925 4405 2976 4455 iu
3006 4410 3313 4457 eodemtns.
3353 4401 3472 4475 post
3500 4404 3561 4457 τὸ
3596 4412 3649 4470 ς’
3679 4406 3797 4471 ἔτος
3822 4408 3969 4461 ἐστίν

798 4469 909 4541 (54)
956 4470 1319 4521 Αάοιάυεηιηι
1359 4482 1494 4518 eam.
1526 4462 1582 4518 In
1637 4465 1921 4528 ArundeL,
1977 4464 2140 4521 Merc.
2180 4466 2216 4520 2
2245 4476 2301 4520 ει

728 4543 919 4595 Grab..
951 4539 1303 4591 adoraverunt
1352 4552 1467 4588 eum
1501 4550 1519 4586 :
1549 4535 1643 4589 sed
1667 4535 1827 4595 male,
1857 4552 1982 4590 nam
2003 4550 2299 4595 pronomen
2338 4562 2380 4595 ῃ

2294 4482 2301 4519 ‘.
2408 4462 2707 4539 ἔείιιιιιιιῖιιι·
2745 4490 2757 4524 :
2783 4476 2890 4526 Kal.
2916 4477 2980 4544 τῇ
3018 4474 3060 4539 ζ’
3085 4476 3256 4548 κρίνει
3290 4462 3389 4545 τὴν
3415 4462 3755 4546 οἰκουμὲνην·
3778 4462 3886 4530 ’καὶ
3905 4480 3968 4549 τῇ

2294 4556 2299 4589 ι
2338 4562 2380 4595 n
2410 4543 2615 4595 12'}.th
2650 4543 2796 4595 ἐστὶν
2828 4547 2857 4595 ὁ
2892 4544 3097 4595 μέλλων
3132 4545 3262 4595 αἰὼν
3284 4586 3296 4595 .
3323 4548 3445 4595 τοὺς
3476 4546 3572 4595 ιιὲν
3609 4546 3968 4595 παραδίδωσιν

783 4535 921 4629 r'ab.',_
951 4539 1467 4629 qdorqveruntneu‘m
1501 4550 1519 4586 :
1549 4535 1643 4589 sed
1667 4535 1827 4598 male,
1857 4552 1982 4590 nam
2002 4550 2299 4603 pronomen
2337 4562 2380 4617 ο
2410 4544 2456 4613 η’

2298 4580 2299 4587 η
2337 4562 2380 4617 D
2410 4535 2615 4629 nam};
2650 4543 2857 4629 tertiae
2891 4535 3262 4629 pé'ilmv"alt:ov
3284 4535 3972 4629 ,.’έοὲ›ς,μὲνίπσ.ῥαξίδωσιῖ

733 4611 925 4666 referri
958 4609 1119 4661 debet
1149 4607 1217 4659 ab
1256 4606 1510 4659 bestiam.

803 4680 917 4750 (55)
942 4678 1103 4747 Cujus
1132 4692 1233 4730 non
1256 4686 1333 4729 est
1358 4676 1609 4741 scriptum
1639 4691 1843 4730 nomen.
1870 4676 2070 4750 Melius
2090 4677 2309 4746 scripsit

733 4753 995 4820 angatus
1048 4750 1350 4816 interpres:
1394 4760 1619 4814 quorum
1664 4761 1770 4801 non
1810 4758 1930 4801 sunt
1968 4749 2166 4816 scripta
2215 4764 2308 4801 no-

733 4840 899 4875 mma.

806 4893 918 4962 (5‘5)
954 4890 1026 4966 De
1050 4888 1316 4966 armigero
1335 4887 1470 4955 ejus,
1505 4895 1610 4966 etc.
1638 4884 1810 4966 Hujus
1841 4889 2147 4966 Irenzeiloci
2183 4905 2308 4966 sen-

735 4957 855 5016 sum
884 4957 1085 5031 potius,
1111 4957 1617 5031 quam_ipsaiverba
1642 4957 1896 5027 allegavit
1928 4962 2171 5031 Andreas
2193 4962 2310 5016 Ca:-

734 5028 1001 5088 sarieitsis
1038 5046 1203 5084 serui.
1239 5028 1306 5080 15
1330 5030 1381 5079 in
1414 5028 1733 5097 Apocalyp.,
1785 5046 1904 5098 pag.
1951 5031 2042 5091 57,
2077 5030 2171 5083 lin.
2214 5033 2305 5095 40,

735 5118 887 5172 seqq.
924 5104 1009 5157 his
1032 5101 1240 5172 verbis:
1281 5098 1449 5168 Φησὶν
1467 5098 1509 5172 ,ὁ
1539 5100 1826 5172 ξέὶρηναῖος
1866 5101 1958 5153 ἐπὶ
2002 5098 2196 5166 λέξεως
2219 5102 2311 5160 οὖν

735 5167 1007 5243 τω“ο’11ερ).
1032 5168 1128 5222 τοῦ
1154 5167 1514 5243 undante-toﬁ,
1535 5167 2189 5243 ΔὃνδάκνειςυδοᾹπροφήτην
2214 5190 2311 5225 κα-

737 5244 837 5295 λεῖ·
858 5237 1067 5296 Ἐλὶὶλε
1078 5259 1118 5303 ι,
1135 5240 1317 5309 φησὶν,
1437 5237 2311 5312 ὄράκωνΧόύτῳδὲἑλὲῨενὶξου-

741 5315 863 5367 σίαν
887 5312 1157 5394 Aegaeae...
1194 5310 1433 5394 σημεςων
1462 5312 1556 5362 καὶ
1602 5310 1865 5394 τεράτων,
1916 5312 2002 5394 tvo
2034 5313 2177 5394 -πςῃ
2212 5314 2310 5394 ἐρ.-

741 5371 1503 5516 ἓοὲδὲἓντᾶριστον,
1535 5371 1898 5453 προῶοτεοῶν
1921 5382 2070 5453 αὐτῷ
2086 5371 2181 5454 ﬁlii
2214 5371 2313 5455 τ’ἧς

815 5526 928 5595 (57)
962 5526 1279 5577 Adorarent.
1333 5522 1423 5577 Sic
1459 5521 1694 5578 Feuard.
1742 5524 1797 5595 in
1830 5540 2002 5595 marg.
2038 5536 2094 5580 et
2155 5525 2310 5582 Voss.

752 5590 985 5664 Reliqui,
1021 5596 1269 5664 adorent.
1361 5662 1372 5664 Α
1769 5590 1779 5595 ’

817 5662 929 5737 (58)
968 5666 1030 5719 Et
1054 5666 1227 5737 faciet.
1252 5663 1307 5717 In
1343 5662 1531 5737 _Era_s.,
1580 5674 1626 5718 et
1644 5666 1868 5737 faciat;
1906 5668 1958 5721 in
1993 5666 2193 5722 Gallas.
2260 5678 2317 5724 et

746 5734 998 5801 Feuard.,
1032 5748 1085 5789 ut
1110 5735 1310 5803 faciat;
1342 5734 1391 5787 in
1425 5734 1613 5790 Grtcco
1638 5734 1697 5791 S.
1728 5736 1908 5804 Joau.,
1946 5740 2039 5792 καὶ
2075 5741 2236 5803 ποιεῖ,
2266 5748 2313 5795 et

746 5808 911 5875 facit;
941 5809 994 5862 in
1026 5806 1249 5876 Vulgata
1284 5815 1493 5871 nostra,
1520 5817 1565 5859 et
1589 5807 1727 5874 fecit.

2411 4617 2488 4676 εις
2518 4613 2743 4687 κόλασιν.
2763 4613 2997 4687 αἰώνιον,
3026 4618 3161 4687 ,τοὺς
3186 4617 3240 4668 δὲ
3272 4619 3347 4679 εἰς
3366 4613 3548 4687 ζωήν.)
3576 4616 3673 4669 Διὰ
3692 4613 3859 4669 scuto
3893 4618 3975 4669 εῐο

2414 4701 2603 4762 ρηνται
2637 4684 2922 4762 nitito.lee).
2946 4686 3084 4754 ὑπὲρ
3116 4686 3212 4762 τὴν
3235 4692 3304 4762 η’·
3333 4686 3376 4738 si
3403 4684 3514 4762 sint
3536 4686 3744 4749 lreuaei,
3775 4703 3841 4740 ex
3870 4688 3973 4740 ali-

2410 4756 2519 4822 quo
2552 4756 2796 4820 ejusdem
2838 4771 3025 4823 opere,
3072 4756 3214 4823 quod
3263 4758 3550 4820 interierit,
3576 4767 3834 4825 excerpta
3866 4759 3979 4812 siut

2414 4840 2632 4879 necesse
2653 4835 2758 4879 est.

2484 4894 2877 4977 (6‘2).Op‘eribus
2912 4894 3043 4960 suis,
3083 4910 3200 4963 qua
3227 4894 3369 4977 fecit.
3410 4895 3464 4949 ln
3494 4894 3653 4951 Voss.
3684 4897 3969 4953 omittitur

2413 4965 2520 5020 suis
2540 4982 2558 5029 ;
2578 4963 2647 5019 in
2677 4963 2866 5018 Grtece
2894 4980 3044 5028 vero,
3084 4980 3198 5030 qua:
3229 4965 3369 5033 fecit.

2485 5035 2595 5105 (63)
2623 5034 2677 5089 Si
2706 5037 2917 5087 etenim.
2948 5034 3271 5087 Particulam
3313 5038 3353 5087 si
3387 5052 3415 5105 a
3447 5035 3681 5093 Feuard.
3718 5040 3969 5091 auctori-

2416 5116 2524 5159 tate
2545 5107 2873 5175 vet.;codicis
2891 5107 3128 5159 additam
3161 5105 3355 5174 abjecit
3378 5104 3572 5172 Grab.,
3594 5109 3761 5175 quod,
3783 5110 3981 5175 inquit,

2418 5192 2516 5230 nec
2569 5174 2792 5229 Gracus
2824 5186 3025 5240 textus,
3058 5190 3231 5246 neque
3265 5177 3405 5228 ullus
3442 5192 3545 5231 ms.
3589 5178 3714 5233 cod.
3762 5174 3980 5246 Anglic.

2415 5260 2532 5298 eam
2590 5246 2807 5299 habeat.
2864 5247 2971 5300 Sed
3012 5243 3248 5299 sufliciat
3303 5249 3356 5301 in
3403 5248 3623 5314 optima
3666 5257 3809 5301 nota:
3857 5243 3983 5300 ⁷νει.

2414 5316 2647 5370 Feuard.
2676 5318 2801 5370 cod.
2845 5317 3054 5379 haberi,
3084 5326 3138 5368 et
3168 5318 3235 5369 ad
3259 5320 3660 5375 connexionem
3687 5319 3983 5371 verborum

2417 5387 2736 5440 Latinorum
2758 5388 2981 5440 omnino
3009 5389 3372 5441 necessariam
3394 5403 3539 5442 esse.
3565 5386 3699 5443 Eam,
3715 5401 3849 5442 vero
3874 5401 3987 5439 uou

2416 5458 2585 5525 exigit
2614 5456 2825 5511 diversa
2860 5456 3173 5511 Graecorum
3208 5460 3571 5513 constructio.

2418 5524 2938 5650 Campani.
2981 5527 3163 5591 Voss.,
3200 5529 3489 5597 conspersi.
3532 5527 3719 5585 Graece
3744 5567 3760 5594 ,
3808 5544 3989 5598 φυριο

2480 5614 2617 5659 ντες.

2488 5668 2602 5739 (65)
2641 5666 2703 5719 Et
2733 5669 2904 5739 iqnjti.
2943 5668 3051 5733 AL,
3082 5680 3136 5721 ut
3169 5669 3341 5738 igniti.

2489 5734 2602 5809 (66)
2641 5734 2920 5804 Ὠςέἷπε.
2960 5734 3225 5793 Eusebius
3261 5739 3353 5792 lib.
3384 5754 3442 5793 tu
3512 5738 3682 5803 "iw,
3716 5754 3837 5808 cap.
3881 5738 3991 5800 50.

2421 5810 2559 5864 hanc
2605 5812 2929 5864 sententiam
2968 5810 3109 5865 beati
3155 5811 3341 5880 Ignatii
3382 5810 3709 5865 Autiocheui
3739 5810 3995 5878 episcopi
