4238 6316
298 426 429 484 ’1201

1496 431 1769 489 CONTRA
1806 432 2145 491 HERESES
2178 436 2305 491 LIB.
2348 436 2411 492 V.

3403 438 3539 493 120‘!

294 544 429 597 Θεὸν
464 540 767 614 μαρτυρίαν
788 560 1045 615 κατακρι-
1124 546 1443 615 martyrium
1476 545 1532 601 in
1566 546 1735 601 Deum
1765 546 1861 602 ad—
1893 552 1938 607 Α

1893 552 1938 607 Α
1971 569 2058 606 νον
2127 552 2312 623 emori
2378 554 2471 607 τοῦ
2525 552 2715 624 πυρός.
2796 561 2942 607 tatur
2966 553 3127 623 ignis.
3156 551 3539 623 Congrueuter

296 635 414 700 θεὶς
485 634 621 705 πρὸς
677 630 860 704 θηρίαο
895 635 1048 688 «Ὅτι
1116 635 1394 704 judicatus
1458 637 1527 692 ad
1590 637 1793 694 bestias
1850 660 1864 697 :

297 726 445 790 σῖτός
495 725 611 795 εἰμι
656 724 813 791 Θεοῦ,
847 725 942 779 καὶ
981 725 1048 779 δι’
1127 745 1149 782 ο
1208 726 1479 796 Quoniam
1534 729 1867 785 frumentum

292 818 524 873 ὀδόντων
586 816 791 888 θηρίων
853 817 1049 890 ἁλήθο-
1119 835 1239 877 sum
1273 819 1503 887 Christi,
1526 830 1580 875 et
1609 834 1705 890 per
1734 820 1869 875 den-

297 927 421 980 μαι,
468 909 556 963 ἵνα
593 907 831 981 καθαρὸς
884 910 1048 978 ἄρτος
1122 920 1204 967 tes
1240 910 1541 967 bestiarum
1576 911 1773 976 molor,
1804 922 1865 966 ut

290 998 506 1073 εὕρεθῷ
531 998 663 1068 (67).
708 1018 728 1052 ι
1121 1002 1354 1059 mundus
1398 1003 1554 1070 panis
1602 1003 1694 1059 Dei
1751 1003 1863 1076 (68)

1120 1091 1450 1148 inveniar“.
1488 1111 1507 1146 ι

845 1203 1076 1261 CAPUT
1120 1204 1312 1264 XXIX.

293 1317 554 1376 Uarium;
581 1319 652 1391 ad
690 1318 976 1391 utilitatem
1020 1319 1299 1391 hominum
1348 1322 1492 1391 facta
1540 1338 1683 1386 esse;
1720 1329 1767 1375 et
1802 1322 1867 1376 de

365 1390 681 1446 Antichristi
709 1388 867 1459 dolis,
895 1390 1153 1459 sequitia,
1180 1392 1230 1444 ei
1256 1388 1570 1458 apostolica,
1599 1409 1632 1446 α
1670 1391 1866 1446 diluvio

362 1470 414 1516 et
439 1461 682 1528 deinceps
699 1460 754 1531 in
777 1458 1029 1526 Ananitr,
1055 1458 1270 1515 Azarite
1292 1500 1309 1526 ,
1336 1472 1385 1516 et
1424 1461 1663 1518 Hisaslis
1689 1478 1863 1531 perse-

363 1531 579 1584 cutione
602 1529 968 1600 prwﬁgurata.

366 1645 416 1698 1.
448 1642 658 1699 Causas
681 1651 866 1697 autem
892 1640 1231 1699 reddidimus
1265 1643 1321 1699 in
1353 1644 1441 1700 his
1472 1645 1563 1714 qui
1588 1652 1863 1700 suntante

284 1735 436 1792 hunc
466 1734 649 1802 libris,
687 1744 913 1805 propter
944 1750 1080 1806 quas
1106 1752 1301 1809 passus
1330 1746 1416 1794 est
1450 1739 1592 1795 Deus
1635 1739 1753 1795 haec
1782 1738 1858 1792 ita

285 1829 460 1885 ﬁeri:
512 1828 960 1899 ostendimnsque
1015 1831 1275 1900 quoniam
1326 1831 1511 1887 omnia
1572 1846 1692 1902 quae
1734 1840 1863 1886 sunt
1894 1896 1936 1919 ἢ

857 1844 960 1899 que
1015 1831 1275 1900 quoniam
1326 1831 1511 1887 omnia
1572 1846 1692 1902 quae
1734 1840 1863 1886 sunt
1894 1896 1936 1919 η
1967 1846 2173 1919 τρείαν,
2218 1886 2233 1901 ,
2279 1885 2294 1900 ,
2340 1887 2354 1902 ,
2398 1885 2413 1901 ,
2458 1888 2473 1902 ,
2517 1887 2531 1902 ,

1972 649 2335 722 Καταλλήλως
2380 646 2472 706 οὖν
2521 652 2614 705 καὶ
2657 652 2719 705 τὸ

1970 740 2142 812 ὄνομα
2198 742 2362 795 αὑτοῦ
2436 742 2546 809 ἕξει
2626 744 2717 798 τὸν

1969 833 2200 906 ἀριθμὸν
2249 834 2390 905 χξς¹⁶
2450 837 2720 905 ἀνακεφα-

1969 925 2286 997 λαιούμενος
2335 929 2394 982 ὲν
2438 928 2588 999 αὑτῷ
2628 929 2719 983 τὸν

1970 1016 2076 1090 πρὸ
2090 1017 2182 1073 τοῦ
2201 1018 2585 1092 κατακλυσμοῦ
2614 1021 2720 1075 πᾶ-

1971 1126 2069 1164 σαν
2098 1112 2352 1165 κακίανο.
2400 1150 2414 1164 .
2462 1151 2475 1165 .
2522 1152 2534 1163 .
2581 1150 2594 1165 .
2639 1151 2655 1167 .
2700 1152 2713 1166 .

2792 655 2973 701 autem
3004 654 3060 701 et
3079 659 3278 701 nomen
3303 644 3422 714 ejus
3444 644 3543 698 ha-

2791 738 2939 793 bebit
2965 753 3279 804 numerum,
3311 753 3538 794 sexcen-

2793 839 2877 885 tos
2891 831 3171 903 sexaginta
3184 845 3279 887 sex
3296 848 3311 896 ;
3331 833 3540 900 recapi-

2793 924 2971 978 tulans
3009 924 3062 979 in
3098 926 3398 992 semetipso
3419 937 3539 975 om-

2791 1030 2914 1071 nem
2940 1030 3061 1085 qua:
3100 1014 3201 1070 l‘nit
3230 1026 3357 1072 ante
3396 1014 3538 1069 dilu-

2791 1111 2957 1174 vium,
2973 1108 3191 1164 malitiae
3208 1106 3537 1163 commistio-

1970 1215 2239 1271 nem,qum
2264 1203 2409 1258 facta
2436 1214 2605 1260 estex
2626 1203 2863 1271 angelica
2882 1202 3151 1273 apostasia
3189 1201 3327 1273 (75).

1971 1333 1985 1346 .
2028 1333 2041 1347 .
2085 1334 2098 1347 .
2140 1294 2263 1348 Νῶε
2292 1294 2402 1367 γὰρ
2429 1296 2564 1349 ἐτῶν
2597 1295 2719 1361 ἐξα·
2792 1296 2905 1352 Noe
2939 1295 3081 1353 enim
3132 1296 3230 1351 fuit
3271 1307 3536 1349 annorum

1967 1385 2185 1450 κοσίων,
2212 1386 2306 1440 καὶ
2331 1388 2714 1457 κατακλυσμὸς
2787 1398 3166 1445 sescentorum
3190 1430 3204 1452 ,

1966 1478 2168 1547 ἐπῆλθε
2188 1480 2256 1548 τῇ
2295 1481 2365 1547 γῇ
2401 1481 2483 1543 εἰς
2501 1478 2773 1544 ὲξάλειψιν
2800 1482 2897 1541 τῖες
2931 1478 3256 1545 ἁμαρτίας..
3300 1520 3312 1531 .
3357 1515 3373 1530 .
3416 1517 3428 1528 .

1971 1608 1985 1623 .
2028 1607 2046 1624 .
2089 1610 2105 1627 .
2144 1571 2713 1643 ἀνακεφαλαιούμενος
2788 1580 2843 1626 et
2871 1571 3130 1628 diluvium
3167 1568 3389 1624 advenit
3425 1578 3536 1624 ter-

1964 1661 2021 1717 δὲ
2041 1663 2135 1717 καὶ
2165 1664 2265 1735 τὴν
2296 1662 2515 1717 ἀπὸτοῦ
2547 1680 2716 1717 κατα-
2790 1664 3055 1740 τω,3²8
3075 1662 3262 1718 delens
3296 1663 3541 1717 inresuro

1967 1754 2209 1826 κλυσμοῦ
2234 1756 2414 1810 πᾶσαν
2443 1756 2717 1810 εἰδωλολα-
2790 1758 3083 1811 rectionem
3100 1754 3213 1824 (74)
3233 1764 3392 1810 terra:
3412 1769 3539 1825 pro-

2640 1888 2653 1900 .
2698 1888 2712 1903 .
2791 1858 2913 1917 pter
2944 1847 3328 1917 nequissimam
3375 1860 3539 1918 gene-

285 1922 442 1987 mn,
471 1936 570 1991 pro
612 1934 680 2011 eo
705 1920 797 2011 agni
819 1896 1067 1974 salvam}
1097 1921 1321 1978 homine
1353 1923 1499 1978 facta
1529 1896 1695 1980 ειιὶιιε
1728 1924 1857 1979 illud
1894 1896 1939 1956 Β
1970 1896 2419 2011 ;;;.;.;;.;,'q..
2453 1896 2554 1996 iuit
2585 1896 2917 2011 temporibus
2944 1896 3538 2009 ᾖᾈὶῖἲῖξέιζβίιῖιῖξιῖε

285 2012 433 2082 quod
458 2018 543 2065 est
563 2009 649 2065 sui
682 2009 894 2063 arbitrii
931 2018 986 2063 et
1011 2026 1124 2065 sua-
1157 2014 1447 2080 potestatis
1480 2023 1763 2070 maturans
1790 2014 1857 2070 ad

284 2100 778 2166 immortalitatem,
809 2110 866 2156 et
894 2100 1279 2169 aptabiiiorem
1327 2117 1452 2157 eum
1489 2105 1555 2157 ad
1598 2114 1857 2159 mternam

282 2192 680 2263 subjectionem
705 2192 815 2247 Deo
836 2182 1192 2262 praeparans.
1218 2192 1299 2248 Et
1326 2204 1549 2264 propter
1586 2196 1689 2251 hoc
1720 2210 1857 2250 con-

281 2285 420 2339 ditio
448 2284 739 2339 insumitur
771 2283 977 2339 homini
1004 2284 1118 2355 (69)
1164 2302 1177 2339 :
1216 2300 1323 2340 non
1352 2286 1498 2341 enim
1540 2286 1702 2343 homo
1722 2302 1855 2357 pro-

281 2388 405 2446 pter
440 2376 724 2443 illam,sed
760 2377 1001 2455 conditio
1024 2375 1167 2433 facta
1195 2386 1282 2433 est
1307 2386 1531 2449 propter
1556 2378 1853 2436 hominem.

279 2468 484 2525 Gentes
522 2478 704 2523 autem
730 2482 851 2539 qua
886 2476 942 2524 et
975 2468 1106 2539 ipsa
1134 2484 1240 2525 non
1261 2469 1641 2527 allevaverunt
1669 2471 1857 2529 oculos

279 2573 414 2613 suos
448 2558 511 2612 ad
541 2557 766 2624 coelum,
800 2573 979 2629 neque
1006 2560 1213 2630 gratias
1247 2572 1478 2631 egerunt
1508 2561 1703 2619 (actori
1731 2579 1855 2629 suo,

280 2663 463 2719 neque
492 2648 677 2705 lumen
709 2650 955 2705 veritatis
997 2651 1188 2707 videre
1222 2651 1550 2718 voluerunt,
1585 2656 1680 2710 sed
1713 2655 1857 2711 sicut

281 2755 468 2795 mures
529 2740 658 2797 caeci
706 2742 1013 2797 absconditi
1070 2742 1125 2797 in
1174 2741 1443 2819 profundo
1507 2738 1853 2817 insipientia,

274 2833 425 2903 iuste
454 2847 638 2887 sermo
676 2850 696 2885 ι
737 2842 799 2889 ut
823 2832 1166 2889 stillicidium
1195 2835 1264 2890 de
1290 2834 1451 2904 cado,
1480 2845 1536 2891 et
1562 2837 1701 2892 sicut
1736 2853 1855 2895 mo-

279 2932 525 2979 mentum
580 2934 827 2991 statere,
884 2933 937 2981 et
962 2925 1108 2981 sicut
1140 2926 1336 2981 nihil"
1370 2945 1390 2980 ι
1443 2928 1759 2998 deputavit;
1799 2930 1854 2985 in

279 3019 495 3064 tantum
526 3010 686 3066 utiles
714 3021 770 3067 et
801 3012 1067 3079 aptabiles
1094 3012 1279 3082 justis,
1307 3028 1573 3086 quantum
1598 3020 1855 3076 utilitatis

274 3111 505 3173 praestat
536 3102 737 3172 stipula
769 3106 837 3158 ad
868 3104 1033 3161 tritici
1067 3116 1448 3178 augmentum,
1476 3119 1530 3163 et
1554 3110 1708 3180 palea
1738 3112 1855 3179 ejus

273 3195 336 3250 in
382 3195 657 3251 ustionem
683 3237 700 3263 ,
747 3199 815 3253 ad
853 3198 1240 3267 operationem
1265 3203 1409 3256 auri.
1448 3202 1514 3256 Et
1561 3213 1851 3273 propterea

274 3299 403 3342 cum
440 3286 492 3341 in
530 3286 636 3342 ﬁne
668 3297 893 3359 repente
926 3289 1059 3344 hinc
1094 3288 1341 3346 Ecclesia
1377 3303 1685 3349 assumetur
1714 3293 1850 3367 (70):

280 3396 303 3431 ι
350 3377 488 3444 Erit,
537 3380 717 3450 inquit
747 3420 763 3448 ,
794 3381 1077 3437 tribulatio
1102 3383 1280 3453 qualis
1323 3399 1429 3439 non
1464 3396 1547 3440 est
1599 3386 1741 3442 facta
1785 3389 1853 3442 ab

276 3470 460 3533 initio,
500 3485 677 3540 neque
718 3472 893 3527 lict".
934 3492 953 3525 ι
1004 3471 1347 3532 Novissimus
1390 3478 1533 3532 enim
1572 3494 1712 3549 agon
1761 3481 1850 3535 hic

270 3559 585 3629 justorum,
614 3560 667 3613 in
716 3574 825 3629 quo
871 3561 1158 3631 vincentes
1206 3575 1541 3621 coronantur
1591 3568 1846 3622 incorru-

272 3649 438 3719 ptela.

278 3784 294 3799 .
341 3783 355 3797 .
394 3785 410 3800 .
455 3784 467 3796 .
512 3785 525 3796 .
572 3787 585 3799 .
632 3785 644 3797 .
693 3786 706 3799 .
750 3747 1026 3815 ἁνακεφα-
1172 3746 1227 3800 2.
1263 3747 1328 3803 Et
1359 3759 1581 3819 prepter
1636 3752 1738 3807 hoc
1789 3752 1842 3807 in

272 3830 499 3894 λαιωσις
529 3831 577 3902 (7
588 3834 637 3903 i)
680 3833 887 3901 γίνεται
924 3833 1028 3887 πά-
1102 3836 1275 3892 bestia
1301 3841 1554 3896 veniente
1580 3843 1847 3912 recapitu-

276 3937 378 3992 σης
404 3922 647 3988 ἀδικίας,
691 3924 783 3977 καὶ
827 3924 1027 3989 παντὸς
1104 3926 1235 3981 latio
1267 3928 1621 3986 lituniversae
1648 3932 1848 4004 iniqui-

271 4012 449 4077 δόλου,
484 4015 571 4068 ἶνα
609 4017 667 4067 ὲν
712 4015 863 4087 αὐτῷ
895 4019 1029 4091 συῤ-
1105 4018 1231 4074 tatis
1256 4028 1307 4074 et
1337 4022 1517 4077 omnis
1545 4023 1674 4090 doli,
1711 4034 1770 4079 ut
1794 4026 1845 4080 in

273 4105 520 4175 ρεὐσασα
582 4107 677 4161 καὶ
750 4108 1034 4176 συγχλεισ-
1103 4109 1311 4182 ΜΝΞ)
1335 4111 1611 4168 conﬂuens
1632 4125 1687 4169 et
1716 4130 1847 4171 eon-

274 4197 429 4251 θεῖσα
460 4198 607 4252 πᾶσα
637 4198 864 4271 δύναμις
894 4200 1029 4253 ἁπο-
1103 4201 1255 4256 clusa
1286 4204 1463 4258 omnis
1490 4205 1666 4260 virtus
1711 4221 1843 4278 apo-

274 4289 507 4362 στατικὴ
549 4290 692 4345 κατὰ
732 4291 823 4345 τὸν
868 4291 1029 4363 κάμι-
1100 4294 1316 4358 statica,
1350 4294 1402 4348 in
1427 4296 1700 4352 caminum
1726 4299 1849 4354 mit—

347 4423 393 4454 "
414 4424 589 4497 lgnat.
620 4424 801 4491 llam,
830 4426 1001 4497 Epist.
1029 4427 1093 4482 ad
1123 4429 1349 4484 Roman.
1414 4429 1492 4464 ’⁷⁵
1524 4433 1629 4487 lsa.
1665 4452 1753 4501 xc,
1785 4438 1873 4505 t5,
1908 4438 1995 4493 l7.

1953 3772 2076 3825 Νῶε
2101 3813 2115 3835 ,
2150 3776 2233 3842 ἐφ’
2267 3767 2329 3826 οὗ
2371 3776 2401 3827 ὁ
2436 3776 2707 3829 κατακλυ-

1954 4048 2347 4118 τῆςείκόνος,.
2394 4092 2409 4105 .
2454 4091 2466 4103 .
2512 4090 2526 4103 .
2574 4093 2585 4104 .
2628 4089 2640 4103 .
2690 4092 2702 4105 .

1948 4138 2080 4209 justi
2108 4140 2163 4193 in
2197 4142 2469 4196 caminum
2520 4143 2657 4210 ignis
2710 4144 2859 4199 missi
2892 4155 3037 4204 sunt.

1968 2041 2148 2086 autem
2181 2039 2236 2085 et
2264 2045 2480 2086 omnem
2526 2030 2617 2101 qui
2663 2029 2765 2085 fuit
2795 2044 2825 2085 a
2859 2029 3059 2086 diluvio
3100 2045 3340 2087 errorem
3383 2045 3535 2085 com-

1968 2130 2325 2177 mentatorem
2368 2120 2661 2186 idolorum,
2690 2131 2747 2177 et
2778 2120 3161 2193 pr0phetarum
3202 2122 3540 2178 interfectio-

1969 2227 2114 2279 nem,
2132 2221 2188 2268 et
2208 2213 2616 2268 succensionem
2639 2212 2930 2278 iustorum.

1968 2344 1982 2357 .
2027 2343 2041 2357 .
2088 2345 2100 2356 .
2140 2304 2331 2375 μέχρις
2389 2297 2450 2359 οὗ
2510 2304 2545 2375 ἡ
2619 2302 2713 2357 τοῦ
2787 2304 2880 2362 Illa
2908 2307 3053 2362 enim
3082 2322 3206 2378 quae
3240 2304 3339 2360 fuit
3372 2320 3403 2359 a
3432 2304 3538 2359 Nu-

1965 2392 2450 2466 Ναϐουχοδονόσωρ
2478 2395 2717 2449 ἀναστα-
2786 2397 3207 2454 buchodonosor
3288 2397 3534 2452 instituta

1965 2485 2120 2539 θεῖσα
2166 2483 2372 2549 εἰκὼν,
2413 2486 2535 2556 ἥτις
2584 2483 2715 2554 ὕψος
2787 2488 2900 2560 (⁸15)
2946 2489 3156 2560 imago,
3198 2487 3534 2543 altitudinem

1967 2576 2064 2648 μὲν
2085 2572 2197 2646 εἶχε
2222 2576 2411 2647 πηχῶν
2432 2575 2711 2645 ἐξήκοντα,
2786 2579 3001 2650 quidem
3021 2579 3211 2634 habuit
3230 2578 3535 2635 cubitorum

1964 2667 2120 2745 εὖρος
2149 2671 2205 2725 δὲ
2243 2670 2433 2742 πηχῶν
2456 2677 2529 2735 ς’.
2575 2713 2588 2727 .
2636 2712 2649 2725 .
2696 2711 2708 2723 .
2785 2670 3104 2741 sexaginta,
3197 2668 3535 2726 latitudinem

1964 2774 2144 2821 autem
2178 2763 2489 2819 cubitorum
2517 2778 2612 2819 sex
2643 2784 2658 2820 :
2695 2775 2920 2835 propter
2946 2779 3108 2835 quam
3143 2764 3255 2833 (76)
3284 2773 3338 2819 et
3385 2764 3533 2820 Ana-

1965 2858 2103 2923 nias,
2136 2866 2192 2913 et
2221 2856 2464 2923 Azarias,
2509 2866 2565 2912 et
2597 2856 2807 2925 Misael,
2830 2873 2935 2914 non
2960 2860 3254 2914 adorantes
3290 2872 3408 2913 eam
3431 2898 3449 2926 ,
3482 2858 3533 2912 in

1962 2948 2235 3003 caminum
2276 2949 2427 3005 missi
2459 2959 2586 3005 sunt
2624 2952 2786 3022 ignis,
2812 2967 2911 3021 per
2940 2951 2992 3007 id
3024 2950 3166 3021 quod
3208 2950 3288 3006 eis
3315 2951 3530 3019 evenit,

1964 3041 2351 3111 prophetantes
2382 3044 2733 3112 eam,qu:ein
2770 3045 2931 3100 linem
2963 3044 3138 3098 futura
3169 3056 3249 3099 est
3261 3044 3532 3114 iustorum

1961 3134 2263 3189 succensio.

1965 3262 1978 3275 .
2022 3264 2034 3276 .
2081 3263 2096 3277 .
2142 3264 2155 3278 .
2201 3224 2297 3296 δλη
2330 3225 2440 3297 γὰρ
2480 3227 2512 3297 ἡ
2548 3224 2711 3279 εἰκὼν
2787 3225 3053 3282 Uuiversa
3076 3228 3413 3299 enimimago
3446 3229 3534 3283 illa

1962 3314 2141 3387 ἐκείνη
2232 3315 2578 3388 προτύπωσις
2644 3313 2712 3388 ἦν
2786 3320 3148 3391 prmiiguratio
3210 3320 3309 3374 fuit
3376 3319 3537 3386 hujus

1960 3404 2169 3475 τῆςτοῦ
2202 3407 2547 3478 ἀντιχρίστου
2568 3426 2709 3479 παρ·
2783 3413 3083 3478 adventus,
3148 3412 3216 3467 ab
3281 3412 3535 3467 omnibus

1958 3497 2167 3561 θυσίας.
2208 3537 2222 3554 .
2269 3537 2285 3553 .
2330 3539 2344 3552 .
2391 3541 2405 3553 .
2454 3542 2465 3553 .
2514 3542 2527 3553 .
2573 3542 2585 3553 .
2635 3543 2647 3555 .
2691 3542 2706 3556 .
2781 3503 3003 3558 omnino
3026 3503 3338 3559 hominibus
3358 3504 3530 3572 ipsum

1957 3590 2132 3643 solum
2166 3592 2465 3647 decernens
2496 3593 2740 3647 adorari.

1958 3722 1972 3734 .
2017 3722 2033 3735 .
2080 3721 2093 3733 .
2136 3682 2216 3738 Τὰ
2250 3678 2345 3736 οὗν
2394 3690 2441 3754 χ’
2486 3684 2580 3755 ἔτη
2616 3684 2708 3737 τοῦ
2783 3684 3037 3741 Sescenti
3125 3686 3311 3755 itaque
3404 3687 3529 3739 anni

2782 3776 2917 3841 Noe,
2949 3777 3047 3831 sub
3094 3792 3203 3845 quo
3243 3777 3343 3831 fuit
3388 3779 3530 3832 diiu—

2782 3867 2929 3921 vium
2946 3876 3164 3936 proptcr
3179 3868 3529 3936 apostasiam,

2782 3967 2837 4013 et
2906 3974 3165 4013 numerus
3223 3960 3531 4013 cubitorum

2782 4051 3069 4122 imaginis,
3105 4062 3321 4122 propter
3365 4068 3529 4122 quam

1956 3862 2088 3934 σμὸς
2114 3865 2329 3934 ἐγένετο
2351 3866 2441 3918 διὰ
2462 3866 2558 3936 τὴν
2585 3870 2710 3920 ἀπο-

1955 3957 2202 4021 στασίαν,
2242 3957 2341 4010 'xal.
2372 3959 2400 4010 ὁ
2433 3959 2709 4027 πηχισμὸς

2020 4270 2033 4283 .
2078 4271 2092 4284 .
2128 4231 2221 4284 τὸν
2247 4232 2502 4304 ἀριθμὸν,
2533 4219 2699 4298 ὠςίέἴ-
2780 4236 3193 4305 numerum(77)
3210 4236 3444 4290 nominis
3459 4237 3534 4289 si-

1960 4340 2156 4393 ρηται,
2216 4324 2542 4395 σημαίνουσι
2610 4327 2703 4379 τοῦ
2780 4328 3001 4396 gniﬁcat
3044 4328 3224 4395 illius,
3258 4330 3311 4382 in
3369 4343 3528 4397 quem

2087 4440 2133 4469 "
2164 4438 2353 4494 Matth.
2398 4458 2547 4503 xxw,
2586 4441 2673 4496 21.

270 4548 331 4622 et
353 4540 634 4622 martyris,
658 4540 728 4622 ad
746 4542 970 4622 verbum
999 4543 1297 4622 exjreiiteo
1319 4546 1844 4622 tra_ns_cribit._Verba
1879 4556 1922 4611 ι)
2023 4551 2135 4622 (Ἱῖ)
2168 4551 2235 4606 In
2272 4570 2354 4609 ea.
2381 4554 2559 4609 Bestia
2587 4555 2862 4611 videlicet.

273 4610 471 4680 lgnatii
496 4619 625 4663 sunt
658 4610 711 4663 in
739 4610 910 4677 Epist.
949 4613 1017 4665 ad
1060 4612 1347 4670 Romanos.
1377 4615 1598 4680 Eadem,
1626 4617 1842 4674 clariss.

270 4679 480 4755 Crabio
522 4688 696 4755 teste,
737 4682 1089 4755 habenturin
1126 4681 1335 4738 ϐπ·ωοὶς
1362 4686 1514 4740 Actis
1556 4688 1614 4739 ὃ.
1656 4688 1845 4755 Ignatii

271 4765 403 4827 inse.
443 4749 497 4803 in
537 4748 801 4827 bibliotb.
843 4750 1171 4816 Bodleiana,
1211 4754 1341 4820 ubi,
1387 4770 1484 4824 pro
1516 4757 1654 4827 πρὸς
1679 4748 1843 4824 Ὁεόν,

270 4819 379 4889 legi
386 4828 478 4889 tur
514 4821 595 4882 εἰς
620 4818 772 4873 Θεόν.

346 4888 460 4972 (6.7)
491 4892 694 4972 Ἄρηος
713 4891 1167 4972 εὑρεθῷηἊρτοε
1191 4892 1325 4960 Θεοῦ
1352 4896 1581 4972 capessi.
1604 4898 1732 4972 legit
1756 4913 1846 4953 ve-

271 4959 580 5037 ἔθεμεῃωὶ
617 4962 908 5031 interpres.
938 4963 1011 5037 At
1047 4959 1101 5037 in
1128 4963 1318 5037 ϐαιτερ
1346 4959 1842 5037 εχὸηιριειτὶξάιιοιί

271 5029 329 5083 in
367 5028 513 5083 Actis
539 5028 833 5100 martyrum
867 5034 1035 5086 edidit
1066 5033 1423 5091 doctissimus
1478 5028 1664 5092 noster
1708 5028 1842 5093 Rui-

269 5109 622 5175 nartuskpro
643 5100 776 5175 Θξοᾷ
810 5101 1005 5175 legitur
1037 5103 1133 5156 τοῦ
1173 5105 1430 5175 Χριστοῦ,

367 5166 456 5236 68)
480 5165 649 5248 Puni:
680 5169 794 5248 Dei.
830 5165 943 5226 Vox
976 5174 1073 5226 Dei
1106 5165 1304 5230 otttissa
1340 5177 1391 5230 in
1437 5176 1599 5233 Merc.
1630 5178 1685 5245 2,
1720 5196 1841 5248 per-

268 5239 396 5294 inde
428 5248 591 5306 atqne
620 5241 672 5293 in
711 5240 926 5296 Graeco.

344 5307 458 5379 (69)
491 5310 739 5363 Conditio
775 5312 1062 5366 insumitur
1100 5315 1321 5369 homini.
1360 5317 1412 5369 ltl
1461 5327 1568 5381 est,
1601 5319 1834 5375 Feuard.

271 5380 597 5502 inte‘rprete,
633 5382 883 5436 universa
914 5386 980 5436 ad
1014 5400 1169 5438 usum
1204 5386 1443 5440 hominis
1476 5380 1694 5444 condita
1723 5392 1837 5446 fue—

271 5464 371 5502 rnn
403 5487 419 5502 .

266 5464 419 5504 runt.

343 5516 458 5587 (70)
494 5518 824 5574 Assumetur.
858 5523 966 5587 AL,
1002 5527 1307 5579 assumitur.

340 5588 1049 5659 (71)Ὰνακεφαλαίωσις.
1104 5595 1290 5649 Gncca
1354 5599 1466 5653 haec
1514 5600 1707 5655 iterum
1764 5623 1826 5659 ex

266 5658 594 5713 Damasceni
629 5658 917 5713 Purallelis
943 5658 1111 5717 edidit
1144 5666 1442 5723 llalloixius
1473 5670 1524 5723 in
1563 5669 1680 5723 Vita
1717 5658 1829 5727 Ire-

265 5730 396 5792 κτενί,
435 5744 556 5795 pag.
583 5732 712 5785 499.
746 5730 859 5783 Non
888 5736 1065 5787 omnia
1090 5744 1266 5790 tamen
1312 5754 1434 5792 cum
1470 5739 1680 5795 Latinis
1711 5761 1831 5797 ein-

265 5802 396 5852 niuo
430 5802 780 5864 conveniunt,
815 5802 938 5870 quia
970 5803 1237 5862 interdum
1267 5807 1454 5865 lrcn;ci
1494 5814 1653 5868 verba
1686 5833 1827 5868 com-

261 5870 467 5937 peadio
504 5871 671 5927 rcicrt
702 5871 1092 5930 Daumsccnus.

2030 4624 2143 4693 (73)
2172 4622 2302 4688 Qua:
2333 4628 2475 4693 facta
2496 4633 2576 4697 est
2610 4642 2674 4679 ex
2696 4628 2930 4697 angelica
2955 4629 3242 4694 apostasia.
3273 4626 3523 4684 Nefarios

1958 4704 2330 4765 apostatarum
2353 4695 2668 4765 angelorum
2698 4695 3021 4750 concubitus
3048 4712 3170 4750 cum
3208 4699 3526 4756 mulieribus

1956 4774 2082 4836 ante
2111 4764 2369 4818 diluvium
2399 4764 2673 4836 intelligit.
2733 4767 2806 4820 De
2856 4782 2961 4835 qua
3012 4766 3197 4821 lrenmi
3246 4774 3521 4825 sententia

1955 4834 2075 4887 vide
2109 4849 2227 4903 quae
2254 4836 2557 4890 notavimus
2584 4834 2652 4889 ad
2683 4836 2773 4889 lib.
2813 4834 2885 4889 μί
2914 4853 3034 4903 cup.
3073 4839 3174 4899 16,
3213 4855 3264 4892 n.
3298 4842 3351 4903 2,
3397 4852 3519 4893 nota

1953 4904 2038 4956 41.
2065 4905 2197 4957 Vide
2223 4914 2277 4957 et
2305 4906 2546 4972 ejusdem
2574 4906 2667 4963 lib.
2698 4921 2816 4975 cap.
2855 4907 2944 4971 ἥδ,
2982 4925 3035 4961 u.
3062 4909 3113 4971 4,
3140 4911 3228 4962 ιιΙή
3264 4926 3325 4963 ea
3356 4912 3421 4964 de
3466 4930 3520 4964 re

1956 4986 2190 5028 tuentem
2218 4976 2421 5029 diserte
2462 4978 2739 5043 exprimit.

2172 5043 2699 5119 iuresnrrectioueut.
2748 5046 2840 5103 Sic
2890 5064 2994 5102 una
3029 5066 3160 5105 voce
3198 5053 3510 5119 legendum.

1952 5130 2055 5167 non
2086 5116 2283 5178 divisa,
2316 5118 2369 5168 in
2394 5118 2851 5183 resurrectionem,
2882 5128 2936 5169 ut
2968 5121 3018 5171 in
3060 5116 3314 5175 omnibus
3352 5125 3504 5177 editt.

1950 5200 2231 5252 perpermu
2260 5200 2315 5238 et
2350 5188 2466 5240 sine
2490 5202 2650 5239 sensu
2686 5190 2937 5243 habetur.
2983 5190 3171 5245 Gra-cu:
3218 5209 3345 5245 vero
3374 5196 3512 5244 srri-

1949 5256 2124 5331 psisse
2157 5255 2417 5331 irenmum
2455 5258 2845 5331 ἐπανάστασιν,
2887 5276 2992 5313 ιιοη
3024 5263 3301 5323 dubitem;
3344 5267 3515 5331 siqui-

1947 5324 2065 5393 tletn
2093 5326 2144 5377 in
2170 5324 2349 5379 Gloss.
2370 5337 2479 5379 vet.
2517 5328 2881 5393 ἐπανάστασις
2911 5335 3140 5385 vertitur
3174 5324 3510 5386 iitsitrrectio.

1948 5392 2182 5469 Barbare
2223 5410 2347 5469 \ero
2399 5399 2632 5450 reddidit
2667 5392 2940 5469 interpres
2967 5441 2981 5464 ,
3017 5405 3510 5457 ini-esurrertimtem

1944 5479 2041 5532 pro
2073 5466 2538 5531 insurrectionem;
2583 5469 2775 5521 melius
2808 5466 3058 5525 vertisset
3083 5474 3437 5525 rebellionem.

2014 5534 2125 5603 (75)
2160 5535 2436 5589 Instituta.
2474 5540 2755 5596 At‘umlcl..
2788 5546 3093 5595 constituto.

2014 5603 2376 5681 (‘76)‘1’1-0pler
2404 5624 2579 5675 quam.
2614 5610 2703 5660 Sir
2735 5610 2967 5665 Fcuurd.
2998 5614 3048 5664 in
3075 5629 3249 5681 marg.
3275 5623 3329 5665 ct
3353 5612 3506 5665 Voss.

1942 5676 2041 5747 Alii
2076 5678 2259 5747 minus
2289 5690 2463 5743 recte,
2496 5690 2708 5745 propter
2732 5698 2869 5747 qum.

2010 5746 2123 5815 (77)
2157 5745 2446 5800 Numer-nm
2503 5751 2554 5801 In
2592 5745 2819 5803 Feuni'tl.
2869 5767 3043 5822 marg.
3089 5764 3137 5806 et
3190 5753 3367 5817 Voss.,
3412 5770 3506 5803 nu-

1941 5835 2123 5870 ’Nt'i'u‘S.
