4238 6316
305 385 438 440 19.03

1483 371 1762 429 CONTRA
1799 367 2138 446 ΠΑΞΒΕΞΕΞ
2179 366 2302 419 Llli.
2347 366 2408 417 γ.

3395 350 3531 405 1206

299 519 382 554 ’τοι
405 500 670 564 instabam,
689 500 814 554 ἄλλο
831 500 886 552 δὲ
914 501 1052 552 ὲκεῖ-
1121 496 1238 564 (Μ)
1277 493 1572 566 periculum
1624 505 1746 554 eos,
1779 487 1866 558 qui
1899 517 1912 544 Α

1902 489 1943 544 Α
1971 485 2129 554 τυχὸν
2159 484 2214 536 δὲ
2238 482 2330 535 ἐπὶ
2364 480 2569 533 πολλῶν
2610 479 2716 530 ὀνο-
2790 472 3016 528 inveniri
3043 467 3530 539 possunthabcntia

1128 588 1259 641 falso
1274 593 1603 654 praesumunt
1617 584 1756 637 seire
1780 596 1868 634 no—

1126 693 1247 731 men
1286 677 1423 745 ejus.
1459 674 1514 728 Si
1539 673 1681 730 enim
1723 673 1866 726 aliud

1126 773 1342 842 quidem
1373 772 1424 825 hi
1461 778 1653 840 putant
1680 809 1694 832 ,
1728 768 1866 822 aliud

300 608 390 654 v0»;
417 590 553 662 ἔχων
598 589 906 651 ὲλειῖσεται,
957 591 1053 660 ρᾳ-

300 681 428 747 δίως
555 683 1051 752 ὲξαπατηθήσονται

293 791 373 827 πα
387 776 434 845 ρ’
470 773 653 827 αὑτοῦ·
703 775 778 837 ὡς
815 772 1050 843 μηδέπω

293 866 569 936 παρόντος
616 865 823 917 ἐκείνου
864 863 922 916 ὃν
955 880 1054 930 φυ-
1127 875 1306 919 autem
1354 862 1444 916 ille
1477 862 1684 916 habens
1708 860 1869 914 adve-

291 957 397 1009 λάσ
411 955 597 1010 σεσθαι
624 956 906 1028 προσήκει.
1127 957 1259 1018 niet;
1281 953 1439 1008 facile
1457 953 1782 1007 seducentur
1801 950 1867 1003 ab

291 1061 381 1110 eo,
420 1049 571 1116 quasi
606 1049 831 1102 necdum
867 1047 1003 1100 adsit
1033 1047 1137 1108 ille,
1174 1061 1334 1114 quem
1365 1058 1562 1099 cavere
1593 1041 1864 1099 convenit.

374 1137 429 1193 2.
457 1138 678 1208 Oportet
708 1137 890 1208 itaque
924 1137 1058 1193 tales
1093 1137 1301 1190 discere
1325 1175 1340 1200 ,
1375 1146 1428 1190 et
1455 1135 1520 1186 ad
1555 1147 1745 1187 verum
1782 1145 1868 1185 re-

301 1244 533 1282 currere
565 1228 800 1282 nominis
835 1241 1158 1291 numerum;
1194 1234 1253 1279 ut
1287 1240 1394 1278 non
1438 1223 1493 1277 in
1543 1221 1867 1291 pseudopro-

301 1319 596 1386 phetarum
645 1319 762 1373 loco
821 1317 1168 1387 deputentur.
1202 1310 1320 1372 [Sed
1376 1316 1608 1370 scientes
1655 1311 1867 1365 firmum

305 1425 591 1464 numerum
620 1413 710 1480 qni
736 1426 764 1463 a
801 1409 1086 1479 Scriptura
1131 1408 1483 1463 annuntiatus
1516 1414 1598 1459 est
1620 1446 1633 1466 ,
1666 1404 1716 1455 id
1759 1411 1867 1465 est,

304 1513 686 1556 sexcentarum
737 1505 1019 1573 sexaginta
1071 1516 1164 1556 sex
1195 1540 1210 1565 ,
1276 1501 1583 1555 sustineant
1637 1498 1866 1566 primum

304 1593 527 1661 quidem
564 1593 884 1649 divisionem
918 1593 1072 1664 regni
1121 1593 1174 1646 in
1219 1593 1405 1647 decem
1446 1609 1460 1646 :
1501 1598 1623 1660 post
1654 1586 1867 1645 deinde.

304 1684 415 1738 illis
451 1684 842 1755 regnantibus,
896 1695 952 1739 et
1000 1685 1390 1753 incipientibus
1436 1682 1707 1752 corrigere
1756 1680 1867 1750 (95)

306 1790 405 1828 sita
438 1778 674 1845 negotia,
709 1786 763 1830 et
798 1791 997 1845 augere
1030 1791 1186 1829 suum
1229 1790 1496 1844 regnum;
1534 1773 1624 1842 qui
1662 1773 1728 1826 de
1763 1773 1865 1824 im-

306 1867 523 1930 proviso
557 1866 837 1920 advenerit
870 1881 1095 1934 regnum
1141 1866 1243 1921 sibi
1286 1865 1572 1920 vindicans
1605 1875 1656 1918 et
1695 1874 1866 1918 terre-

301 1955 386 2010 bit
413 1957 720 2025 praedictos,
759 1957 964 2011 habens
999 1971 1195 2011 nomen
1227 1958 1514 2011 continens
1549 1955 1864 2025 przedictum

303 2062 612 2110 numerum,
651 2047 792 2103 hunc
827 2063 956 2102 vere
984 2063 1318 2118 cognoscere
1354 2063 1474 2102 esse
1508 2045 1866 2101 abominatio—

302 2154 425 2193 nem
463 2138 837 2194 desolationis.
871 2137 983 2193 Hoc
1010 2149 1066 2193 et
1097 2139 1382 2206 Apostolus
1412 2139 1524 2192 ait:
1561 2156 1578 2189 ι
1619 2138 1752 2191 Cum
1788 2138 1866 2191 di-

301 2231 511 2290 xerint,
552 2245 651 2298 pax
679 2239 734 2283 et
771 2229 1005 2284 munitio
1055 2230 1185 2298 (96),
1235 2240 1360 2282 tunc
1399 2229 1719 2282 subitaneus
1767 2227 1869 2280 illis

302 2321 651 2389 superveniet
686 2322 935 2374 interitus
959 2320 1029 2376 ".
1069 2340 1085 2371 ι
1121 2320 1386 2375 Jeremias
1427 2331 1604 2374 autem
1638 2335 1742 2374 non
1778 2334 1856 2374 so-

302 2414 416 2464 lum
445 2411 784 2466 subitaneum
817 2411 933 2474 ejus
963 2412 1385 2478 adventum,sed
1419 2421 1470 2464 et
1500 2412 1774 2472 trihulum,
1803 2426 1866 2463 ex

302 2517 410 2571 qua
442 2501 646 2565 veniet,
680 2502 1050 2556 manifestavit
1081 2504 1269 2558 dicens
1302 2521 1314 2555 :
1353 2521 1371 2554 ε
1407 2502 1480 2555 Ex
1529 2503 1642 2556 Dan
1684 2502 1870 2555 audie-

303 2608 427 2646 mus
462 2607 642 2646 vocem
672 2594 976 2648 velocitatis
1002 2609 1263 2664 equorum
1304 2596 1421 2663 ejus
1443 2595 1510 2660 '3;
1545 2611 1570 2646 a
1598 2609 1726 2648 voce
1752 2594 1870 2646 hin-

301 2684 452 2737 nitus
481 2686 814 2740 decursionis
843 2702 1105 2755 equorum
1150 2687 1260 2758 (97)
1294 2688 1411 2756 ejus
1442 2687 1873 2740 eou‘itnovebitur

301 2784 417 2830 tota
449 2788 611 2841 terra;
646 2786 700 2832 et
732 2780 931 2842 veniet,
960 2789 1012 2832 et
1049 2781 1395 2834 mandueabit
1425 2791 1646 2844 terram,
1681 2790 1734 2834 et
1764 2782 1873 2848 ple-

299 2868 607 2923 liiludinem
651 2868 792 2937 ejus,
824 2880 878 2925 et
919 2873 1233 2940 civitatem,
1279 2884 1332 2927 et
1385 2875 1478 2942 qui
1516 2873 1762 2928 habitant
1819 2875 1870 2926 iu

197 3039 206 3045 .
299 2972 367 3012 ea
403 2960 470 3012 τ’.
508 2959 639 3024 i,Et
676 2971 898 3030 propter
948 2963 1050 3017 hoc
1096 2978 1198 3016 non
1255 2977 1651 3019 annumeratur
1699 2966 1871 3021 tribus

299 3050 422 3104 hanc
457 3050 507 3102 in
541 3052 866 3123 Apocalypsi
891 3068 1014 3106 cum
1045 3055 1129 3108 his
1157 3069 1275 3122 qua:
1308 3055 1603 3112 salvantur.

374 3145 426 3197 5.
464 3145 920 3216 Ἀσφαλέστερον,
962 3142 1056 3200 οὖν

299 3237 400 3286 καὶ
425 3235 851 3307 ἀκινδυνότερον,
875 3236 936 3288 τὸ
963 3253 1058 3288 πε-

1199 3150 1252 3202 5.
1289 3149 1501 3205 Certius
1527 3166 1655 3220 ergo
1677 3161 1731 3206 et
1759 3153 1875 3205 sine

1133 3237 1369 3306 periculo
1424 3248 1550 3303 est,
1609 3239 1876 3292 sustinere

1131 3330 1563 3398 adimpletiouem
1585 3329 1876 3399 prophetim

1132 3437 1292 3491 quam
1334 3423 1598 3492 suspicari
1650 3433 1703 3477 et
1737 3425 1872 3477 divi-

1137 3527 1270 3566 nare
1321 3515 1536 3566 nomina
1588 3513 1875 3583 qumlibct;

1134 3606 1349 3672 quando
1427 3604 1593 3657 multa
1659 3605 1874 3657 nomina

302 3331 546 3402 ριμένειν
574 3333 672 3401 τὴν
704 3332 923 3385 ἔκϐασιν
961 3333 1059 3402 τῆς

301 3424 670 3492 προφητείας,
707 3424 738 3492 ἢ
789 3426 848 3475 τὸ
890 3439 1058 3476 κατα-

302 3516 659 3585 στοχάζεσθαι
683 3557 696 3579 ,
758 3517 850 3569 καὶ
894 3533 1062 3569 κατα-

303 3611 667 3678 μαντεύεσθαι
754 3611 1014 3679 ὀνόματος
1044 3625 1058 3640 ο

376 3725 422 3759 ⁷⁷
454 3724 474 3778 1
503 3724 696 3778 Thess.
735 3738 787 3786 ν,
816 3722 871 3779 ’5.
977 3720 1022 3752 ⁷⁸
1062 3718 1262 3772 Jerem.
1303 3731 1420 3781 vin,
1456 3717 1540 3770 16.

378 3865 493 3936 (94)
527 3859 958 3936 Non‘quodligct.
991 3856 1096 3909 Pro
1123 3869 1223 3936 non
1252 3852 1567 3936 modicum.“
1606 3920 1632 3930 _

377 3921 489 4007 (95)
521 3921 816 4001 Corripere.
849 3929 1038 3983 Graece
1059 3965 1072 3989 ,
1108 3925 1160 3979 ni
1196 3921 1390 3985 fallor,
1422 3921 1697 3992 διορθοῦν,
1745 3936 1878 3978 recte

300 4023 767 4146 gazasuunmq.
805 4068 895 4124 Sic
947 4069 1124 4146 v9.5“,
1170 4063 1374 4146 Italica.
1413 4061 1642 4132 Vulgata
1693 4072 1877 4118 nostra

305 4133 526 4204 melius.
566 4145 844 4204 securitas,
871 4153 931 4190 ex
965 4138 1152 4208 Graeco
1180 4133 1467 4208 ἀσφᾴλειοαε

378 4219 490 4283 (97)
516 4203 811 4283 Equorum.
835 4203 1016 4283 Deest
1039 4209 1088 4260 in
1121 4205 1326 4283 Arund.
1360 4203 1413 4258 et
1447 4203 1599 4258 Voss.

390 4275 500 4357 (98')
691 4278 1120 4357 dpngovLI’osl
1145 4275 1330 4357 mane.
1367 4289 1551 4357 vocem
1581 4277 1736 4357 addit
1785 4279 1882 4332 Da-

306 4345 495 4412 masc:
525 4375 536 4409 :
576 4354 664 4416 Ὠς
696 4345 755 4403 τὸ
783 4345 1046 4410 Εῖῦοινθὰς,
1075 4347 1167 4400 καὶ
1196 4345 1558 4416 Λατῖνοςηκαὶ
1581 4347 1878 4412 Παπὶσκος,

307 4431 438 4499 περ).
471 4421 545 4499 ὧν
592 4414 802 4499 nimi;
841 4415 1169 4499 σφάλλοο-θαι
1202 4415 1297 4484 τῆς
1332 4414 1704 4499 ἀληρείαςρὺν
1753 4422 1881 4490 περὶ

305 4485 578 4553 ἓνάὑτῶν
603 4485 911 4562 ἐρχομένον.
942 4489 1146 4562 Quibus
1176 4485 1496 4552 compendio
1536 4488 1718 4550 refert,
1758 4485 1874 4558 qua:
1912 4486 1954 4540 D

304 4580 493 4641 postea
528 4558 700 4641 [asins
727 4558 962 4640 explicat
991 4558 1243 4641 Irentftts.

361 4625 1079 4710 ,(99))Et_zelum'verilatis.
1117 4625 1338 4694 Supple,
1366 4633 1552 4694 patet,
1595 4627 1682 4682 vel
1728 4629 1882 4698 quid-

348 4704 454 4763 iam
482 4704 675 4761 Simile.

307 4724 454 4780 piam
483 4724 675 4761 srmtte.

384 4779 460 4846 (1)
503 4769 984 4846 Ε’ΥΑΝΘᾼΣἏΙιο
1021 4779 1182 4846 recte
1238 4767 1484 4846 reposuit,
1501 4766 1754 4846 ’ξρατινιῇ
1782 4785 1880 4838 pro

309 4835 486 4912 Euan,
521 4839 989 4900 consentientibus
1021 4839 1175 4912 γοδς.
1208 4847 1262 4889 et
1285 4835 1469 4912 Qttoh.
1501 4835 1645 4912 Illius
1676 4835 1802 4892 vero
1829 4850 1881 4912 et

310 4908 657 4986 sequentium
687 4912 966 4986 nominum
1029 4909 1239 4961 litteras
1269 4908 1311 4959 si
1351 4919 1447 4986 pro
1488 4909 1706 4986 totidem
1738 4911 1879 4962 notis

311 4975 674 5042 arithmeticis
707 4982 961 5046 accipias,
991 4990 1361 5044 numerosque
1396 4975 1461 5028 iis
1491 4978 1630 5043 apud
1661 4978 1878 5032 Graecos

314 5055 702 5124 respondentes
724 5048 1212 5124 simul_addid_eris_,_
1227 5055 1714 5124 occurretsumma
1736 5065 1876 5115 quala-

310 5117 441 5181 sita:
504 5123 818 5179 Cousulesis
868 5118 1214 5174 Feuardcutii
1264 5125 1445 5168 notam
1493 5117 1544 5168 in
1609 5118 1751 5170 hunc
1802 5119 1880 5170 lo-

313 5213 458 5259 cum,
491 5195 556 5248 ad
586 5193 788 5247 calcem
815 5193 995 5258 operis
1029 5207 1041 5239 :
1087 5188 1234 5256 piget
1276 5185 1416 5237 enim
1471 5187 1522 5238 in
1560 5187 1640 5238 his
1687 5187 1877 5241 immo—

313 5283 449 5321 fall.

384 5337 464 5408 (2)
492 5333 876 5408 ᾼΑΕζζῩρζ.
903 5331 958 5383 In
990 5329 1136 5408 ed_it._
1151 5324 1403 5408 omnibus
1424 5341 1706 5408 perperam
1738 5330 1876 5407 seri-

311 5396 464 5461 hit‘ur
513 5401 852 5459 LATEINOS
885 5417 1006 5454 cum
1042 5398 1080 5451 L
1119 5398 1355 5462 Latina;
1404 5397 1578 5449 adhuc
1627 5396 1776 5462 pejus
1824 5397 1876 5448 in

314 5479 493 5545 Eras.,
528 5475 754 5538 Gallas.,
774 5468 1041 5545 Arundel.
1073 5478 1127 5522 et
1153 5467 1316 5521 Mere.
1344 5467 1398 5531 2,
1426 5464 1637 5519 Latinos
1660 5478 1679 5516 :
1706 5481 1879 5534 neque

310 5548 458 5600 enim
481 5540 743 5599 numerus
765 5540 867 5594 666
900 5540 1020 5592 inde
1053 5549 1225 5608 potest
1257 5550 1576 5608 exsurgere.

385 5618 466 5684 (5)
502 5614 863 5684 Nouissimam
879 5606 1124 5684 rregnuin.
1159 5607 1383 5684 Scilicet
1414 5606 1738 5660 Romanum.

386 5679 463 5756 (4)
498 5684 790 5756 Seruatum.
833 5682 888 5734 ια
914 5689 1020 5756 est,
1049 5679 1381 5756 inusitatum:

385 5745 464 5822 (5i
485 5754 666 5825 Neque
686 5767 886 5825 eorum.
914 5748 987 5802 Ita
1003 5757 1156 5825 vetus
1170 5745 1502 5803 Feuardent.
1529 5745 1673 5812 cod.,
1693 5745 1874 5811 Voss,

315 5820 657 5884 Arundelfct
680 5821 872 5888 Grab.;
905 5820 1082 5876 caeteri
1109 5831 1409 5890 perperam,
1432 5832 1652 5886 namque
1674 5834 1871 5873 eorum.

2792 565 3104 634 praedicwm
3131 577 3414 616 numerum
3442 580 3455 613 :
3479 570 3532 612 et

2793 655 3140 710 nihilominus
3171 653 3391 723 quidem
3432 659 3535 705 cr.t

1978 572 2159 643 μάτων
2186 569 2469 640 εὑρεθῆναι
2495 567 2718 636 δυναμέ-

1974 683 2063 717 νου
2126 664 2218 718 τοῦ
2269 662 2428 717 αὑτοῦ
2484 659 2714 733 ἀριθμοῦ

1975 756 2108 827 (98),
2153 795 2167 810 .
2212 793 2229 810 .
2281 795 2296 809 .
2342 791 2357 806 .
2401 793 2416 808 .
2461 793 2474 806 .
2520 788 2534 805 .
2580 792 2594 805 .
2640 791 2654 804 .
2701 793 2714 806 .
2792 751 2908 804 haec
2952 748 3142 802 eadem
3190 746 3440 816 quaestio.

1973 851 2035 902 El
2060 850 2166 920 γὰρ
2191 847 2356 902 πολλά
2387 849 2500 899 ἐστι
2528 844 2595 897 τὰ
2629 844 2711 896 εὑ·
2794 841 2851 896 Si
2881 842 3023 894 enim
3050 839 3214 893 multa
3247 848 3370 892 sunt
3413 851 3534 906 qua:

1977 941 2268 1012 ρισκόμενα
2297 938 2550 1008 ὀνόματα,
2580 935 2723 1005 ἔχον·
2749 947 2752 950 ·
2793 933 3142 986 inveniuntur
3175 930 3414 993 nomina,
3435 929 3532 982 ha-

1974 1049 2039 1085 τα
2084 1031 2173 1084 τὸν
2227 1029 2388 1083 αὑτὸν
2448 1025 2675 1099 ἀριθμὸν
2705 1065 2718 1089 ,
2791 1025 2971 1078 hentia
3015 1036 3299 1076 numerum
3349 1019 3532 1081 hunc;

1975 1127 2123 1177 ποῖον
2148 1123 2207 1187 ἐξ
2231 1120 2407 1175 αὐτῶν
2451 1117 2722 1189 φορέσειό
2793 1116 2935 1183 quod
2986 1129 3054 1168 ex
3105 1112 3238 1181 ipsis
3302 1110 3538 1180 portabit

1974 1215 2280 1287 ἐρχόμενος,
2338 1210 2718 1282 ζητηθήσεται.
2794 1205 2888 1274 qui
2917 1206 3115 1266 veniet,
3145 1201 3427 1271 quaeritur.

1975 1305 2239 1373 Quoniam
2271 1311 2452 1357 autem
2475 1317 2580 1356 non
2614 1306 2841 1369 prepter
2868 1297 3103 1366 inopiam
3132 1295 3410 1349 nominum
3444 1295 3535 1348 ha-

1975 1397 2216 1452 benlium
2248 1408 2532 1448 numerum
2570 1391 2806 1446 nominis
2834 1388 2952 1456 ejus
2983 1387 3216 1442 dicimus
3252 1387 3386 1448 hmo,
3442 1385 3533 1439 sed

1976 1501 2195 1560 propter
2226 1491 2473 1543 timorem
2499 1502 2626 1556 erga
2652 1487 2820 1540 Deum
2846 1491 2900 1539 et
2917 1481 3088 1536 zelum
3123 1480 3369 1535 veritatis
3388 1477 3498 1548 (99)
3525 1493 3537 1531 τ

1974 1583 2289 1637 ΕΥΑΝΘΑΣ
2343 1580 2418 1652 (l)
2482 1580 2624 1634 enim
2668 1592 2860 1631 nomen
2915 1574 3078 1629 habet
3115 1586 3399 1627 numerum
3468 1572 3534 1623 de

1976 1691 2080 1748 quo
2141 1674 2402 1744 quatritur
2452 1691 2466 1726 :
2517 1671 2606 1726 sed
2643 1669 2774 1722 nihil
2819 1668 2886 1722 de
2937 1679 3003 1722 eo
3035 1665 3388 1720 alﬁrmamus.
3434 1663 3541 1718 Sed

1976 1781 2029 1822 et
2058 1768 2396 1822 ΛΑΤΕΙΝΟΣ
2431 1765 2506 1835 (2)
2537 1779 2736 1822 nomen
2768 1761 2930 1816 habet
2962 1767 3340 1813 sexeentorum
3385 1770 3543 1809 sexa-

1902 1847 1944 1901 Β
1973 1863 2121 1932 ginta
2151 1877 2246 1915 sex
2287 1873 2592 1922 numerum;
2630 1867 2684 1911 et
2712 1855 2867 1911 valde
2900 1851 3198 1909 verisimile
3225 1861 3348 1913 est,
3403 1863 3540 1917 quo-

1974 1956 2114 2010 niam
2144 1953 2490 2007 novissimum
2525 1964 2748 2020 regnum
2776 1947 2852 2018 (3)
2884 1947 2985 2001 hoc
3011 1945 3168 2000 habet
3197 1942 3542 1997 vocabulum.

1973 2044 2148 2098 Latini
2181 2043 2324 2096 enim
2359 2047 2484 2094 sunt
2512 2039 2601 2108 qui
2635 2052 2780 2092 nunc
2804 2044 3054 2106 regnant;
3093 2034 3190 2090 sed
3218 2049 3325 2088 non
3358 2032 3410 2086 in
3437 2033 3539 2086 hoc

1975 2152 2074 2192 nos
2103 2135 2475 2205 gloriabimur.
2527 2133 2633 2187 Sed
2667 2142 2722 2186 et
2763 2127 3012 2186 TEITAN
3041 2170 3055 2193 ,
3109 2128 3284 2198 prima
3333 2124 3540 2196 syllaba

1977 2228 2218 2296 perduas
2244 2221 2687 2293 Graecasvocales
2714 2239 2739 2274 ε
2765 2231 2818 2276 et
2837 2218 3342 2291 tseripta.omnium
3369 2215 3542 2269 norni-

1977 2329 2104 2368 num
2137 2329 2255 2382 qua:
2283 2312 2422 2382 apud
2447 2327 2544 2366 nos
2579 2307 3151 2379 inveniunturﬁmagis
3187 2307 3292 2361 llde
3321 2305 3542 2374 dignum

1977 2416 2084 2461 est.
2115 2405 2328 2459 Etenim
2370 2404 2684 2472 prmdictum
2729 2416 3012 2456 numerum
3064 2401 3220 2453 habet
3269 2398 3443 2460 inse,
3492 2403 3542 2450 et

1979 2497 2281 2551 litterarum
2307 2507 2390 2550 est
2419 2510 2533 2559 sex,
2563 2492 2790 2563 singulis
2819 2491 3042 2562 syllabis
3069 2505 3132 2542 ex
3161 2487 3327 2542 ternis
3349 2485 3547 2541 litteris

1979 2590 2370 2651 constantibus,
2398 2597 2452 2640 et
2478 2596 2650 2650 vetus,
2691 2596 2746 2639 et
2775 2593 3040 2639 semotum
3069 2582 3169 2652 (4);
3205 2595 3377 2650 neque
3399 2578 3544 2632 enim

1979 2698 2166 2737 eorum
2199 2695 2405 2749 regum,
2437 2680 2528 2748 qui
2565 2679 2862 2733 secundum
2897 2692 2994 2729 nos
3026 2683 3170 2739 sunt,
3223 2673 3420 2741 aliquis
3456 2685 3551 2723 vo-

1981 2785 2134 2828 catus
2159 2781 2241 2827 est
2275 2771 2456 2834 Titan;
2487 2784 2663 2839 neque
2690 2783 2874 2823 eorum
2913 2767 2987 2838 (5)
3019 2782 3138 2834 quae
3184 2759 3397 2834 publice
3451 2765 3550 2816 ad-

1981 2876 2232 2926 orantur,
2261 2864 2529 2918 idolorum
2563 2862 2702 2930 apud
2750 2859 2970 2913 Graacos
2997 2868 3050 2913 et
3073 2858 3339 2912 barbaros
3390 2855 3552 2909 habet

1982 2958 2302 3015 vocabulum
2343 2957 2446 3010 hoc
2487 2975 2499 3009 :
2533 2963 2586 3008 et
2627 2955 2868 3008 divinum
2898 2959 3120 3019 putatur
3171 2948 3310 3017 apud
3348 2946 3552 3002 multos

1982 3068 2102 3108 esse
2132 3053 2239 3106 hoe
2263 3066 2483 3114 nomen,
2514 3048 2676 3118 330
2706 3056 2764 3099 ut
2805 3047 2964 3100 etiam
3005 3043 3083 3098 sol
3118 3042 3275 3096 Titan
3327 3048 3554 3092 vocetur

1983 3145 2051 3200 ab
2079 3145 2162 3198 his
2185 3145 2275 3213 qui
2313 3157 2455 3196 nunc
2490 3150 2672 3194 tenent
2696 3137 2772 3209 (ϐ)
2803 3145 2888 3191 :et
2915 3133 3334 3189 ostentationem
3363 3144 3553 3201 quam-

1984 3240 2106 3292 dam
2137 3236 2378 3290 continet
2410 3232 2631 3286 ultionis
2665 3231 2764 3300 (7),
2800 3239 2855 3284 et
2897 3227 3193 3281 vindictam
3243 3221 3548 3279 inferentis.

1983 3331 2122 3396 quod
2153 3327 2238 3381 ille
2257 3325 2332 3399 (8)
2361 3324 2580 3378 simulat
2606 3338 2662 3376 se
2690 3322 2830 3374 male
2855 3327 3116 3374 tractatos
3141 3316 3214 3385 (9)
3247 3313 3550 3366 vindicare.

1986 3424 2052 3476 Et
2079 3422 2209 3474 alias
2246 3419 2358 3489 (10)
2391 3427 2570 3472 autem
2604 3425 2658 3469 et
2681 3415 2962 3481 antiquum
2991 3451 3006 3474 ,
3058 3420 3111 3462 et
3149 3409 3250 3462 [ide
3301 3407 3546 3474 dignum,

1981 3525 2037 3567 et
2065 3512 2261 3583 regale,
2294 3509 2463 3577 magis
2497 3519 2677 3561 autem
2706 3516 2760 3559 et
2789 3505 3129 3575 tyrannicum
3165 3513 3382 3553 nomen.
3414 3497 3546 3549 Cum

1988 3606 2150 3673 igitur
2182 3612 2384 3655 tantum
2435 3599 2750 3653 suasionum
2802 3597 2914 3665 (tl)
2964 3595 3160 3647 haheat
3194 3591 3294 3643 hoc
3351 3600 3546 3641 nomen

1639 3715 1684 3745 ⁷⁸
1715 3714 1879 3782 Apoc.
1909 3732 2003 3779 vn,
2045 3715 2078 3769 5
2105 3726 2256 3780 seqq.

1986 3853 2038 3904 Id
2071 3852 2211 3904 enim
2241 3852 2354 3903 vult
2387 3850 2638 3908 lr'enztztIC,
2669 3859 2718 3902 ut
2755 3849 2956 3901 nullum
2997 3864 3200 3919 regem,
3250 3849 3329 3903 sic
3383 3851 3544 3904 etiam

1987 3921 2189 3974 nullum
2226 3922 2427 3974 idoluru
2457 3935 2570 3973 aevo
2602 3936 2697 3972 suo
2731 3919 2939 3972 Titanis
2973 3921 3187 3974 nomine
3223 3920 3546 3989 appellatqu

1988 3992 2173 4044 fuisse.
2207 3991 2378 4045 Porro
2409 4002 2523 4056 post
2569 4007 2754 4057 neque,
2776 3990 2964 4056 supple
3000 3990 3233 4057 aliquod.

2061 4060 2136 4130 (6)
2168 4059 2237 4113 Ut
2268 4061 2426 4112 etiam
2457 4059 2535 4130 sol
2571 4059 2724 4112 Titan
2749 4061 3036 4130 roceturiab
3065 4062 3142 4112 Itis
3176 4062 3263 4129 qui
3306 4078 3442 4114 nunc
3471 4071 3549 4114 le-

1990 4129 2129 4186 uent.
2180 4130 2411 4184 Verbum
2475 4129 2719 4183 Graecum
2776 4129 3033 4197 κρατοῦσι
3089 4130 3173 4184 hic
3229 4132 3544 4185 vertendum

1989 4202 2433 4267 erat,imperaut,
2476 4201 2559 4251 vel
2609 4208 2663 4250 ut
2710 4201 2868 4266 paulo
2915 4211 3042 4253 ante
3079 4202 3267 4265 vertit,
3309 4211 3551 4268 regnant,

1975 4285 2094 4334 ,non
2123 4280 2316 4323 tenent.
2355 4269 2426 4322 De
2457 4270 2716 4322 Romanis
2743 4270 2882 4321 enim
2911 4269 2997 4322 hic
3027 4285 3206 4323 sermo
3238 4280 3340 4335 est,
3373 4290 3398 4322 κ
3434 4271 3554 4336 qni-

1978 4340 2089 4393 bus
2115 4340 2224 4406 jam
2263 4349 2385 4393 ante
2427 4341 2609 4391 lreruei
2660 4355 2829 4391 aevum
2863 4380 2876 4403 ,
2924 4340 3089 4393 solem
3145 4341 3344 4394 dictum
3385 4340 3553 4394 fuiSse

1990 4409 2236 4463 'l‘itanem
2272 4419 2504 4463 conslat.
2540 4410 2675 4462 llinc
2708 4407 2898 4462 Cicero
2926 4410 2977 4461 in
3023 4419 3180 4462 Arato
3214 4426 3232 4462 :

2126 4478 2289 4542 Quem
2313 4496 2429 4531 cum
2459 4492 2701 4546 perpetuo
2732 4480 2927 4532 vestivit
2956 4479 3150 4532 lumine
3191 4480 3370 4536 Titan.

1991 4549 2056 4602 Ει
2090 4547 2245 4603 Ovid.
2284 4550 2689 4614 lilctamorp/tos.
2719 4552 2740 4602 1
2783 4567 2795 4602 :

2097 4618 2291 4682 Nullus
2326 4622 2494 4670 adhuc
2528 4621 2718 4671 mundo
2750 4619 3006 4682 prwbebat
3040 4620 3241 4673 lumina
3270 4620 3447 4675 Titan.

2061 4681 2138 4761 (7)
2182 4687 2246 4739 Et
2271 4691 2672 4761 ostentationem
2702 4681 2987 4761 quamdam
3035 4692 3264 4761 continet
3316 4694 3552 4747 ultioms.

1988 4759 2188 4812 All‘udit
2216 4760 2282 4810 ad
2319 4759 2554 4810 lalmlam
2590 4759 2866 4821 Titanum,
2898 4759 2990 4825 qui
3026 4760 3221 4812 bellum
3255 4761 3357 4814 diis
3413 4765 3557 4816 inlu-

1989 4830 2114 4882 lisse
2151 4830 2440 4896 ﬁnguntur,
2476 4839 2531 4880 ut
2584 4830 2837 4894 injuriam
2895 4831 2997 4883 sibi
3058 4828 3276 4883 Saturni
3328 4834 3556 4901 perﬁdia

1989 4903 2188 4954 liiultllll
2225 4901 2637 4952 ulci~cerenlur.

2058 4968 2133 5041 (8)
2166 4969 2318 5041 Quod
2347 4970 2451 5020 ille.
2483 4969 2618 5041 Sail.
2651 4972 3040 5039 Antichristus.

1985 5113 2018 5162 ά
2059 5039 2132 5111 (9)
2170 5040 2461 5091 Tractatos.
2483 5039 2713 5096 Feuard.
2751 5044 2802 5094 in
2831 5059 3000 5111 marg.
3028 5051 3083 5094 el.
3112 5041 3292 5107 Voss.,
3323 5054 3558 5097 tractan-

2024 5131 2100 5162 (.8.

2024 5131 2100 5165 L8.

2059 5181 2169 5252 (l0)
2205 5179 2264 5232 Et
2301 5181 2456 5234 alias.
2492 5183 2583 5236 δια
2613 5184 2734 5235 cod.
2767 5183 2944 5242 V'oss..
2981 5199 3078 5250 pro
3108 5199 3213 5251 quo
3239 5185 3290 5236 in
3326 5185 3558 5247 Arund”

1986 5255 2142 5307 (alias
2176 5267 2192 5303 .'
2224 5254 2316 5305 sed
2347 5255 2506 5304 latius
2539 5254 2590 5304 in
2621 5253 2782 5306 Merc.
2815 5254 2864 5311 1,
2891 5256 3126 5320 denique
3155 5256 3280 5306 (ita:
3307 5254 3358 5306 in
3388 5258 3561 5308 altero

1985 5324 2152 5376 Merc.
2185 5323 2331 5383 cod.,
2367 5324 2417 5374 iu
2453 5325 2607 5377 editt.
2641 5339 2769 5375 vero
2801 5325 3053 5376 munibus
3107 5325 3299 5387 legitur
3339 5327 3462 5378 tale.
3491 5330 3562 5378 At

1986 5404 2344 5462 praeterquam
2376 5395 2516 5459 quod
2566 5395 2617 5444 iu
2670 5394 2818 5445 nullo
2845 5399 2954 5461 jam
2986 5411 3088 5448 ms.
3121 5396 3308 5448 codice
3355 5406 3559 5457 exstat,

1987 5465 2167 5585 miluus
2195 5464 2373 5530 placet
2405 5480 2571 5532 quam
2605 5475 2650 5515 et
2695 5464 2864 5526 alias;
2904 5481 3022 5533 qua:
3066 5480 3191 5518 vera
3238 5464 3399 5519 lectio
3439 5480 3562 5518 esse

1987 5548 2034 5585 vt
2078 5545 2218 5585 etur.

1985 5545 2218 5586 VIUCIHF.

2057 5602 2168 5676 (Η)
2204 5603 2428 5657 Tantum
2453 5606 2783 5660 suasionum.
2815 5604 2872 5658 In
2903 5605 3164 5676 Arundel.
3199 5615 3254 5658 et.
3305 5605 3472 5676 Mere.
3508 5605 3559 5668 1,

1984 5675 2182 5727 tantam
2210 5676 2527 5730 suasionem.
2556 5676 2660 5731 Sed
2698 5678 2750 5731 in
2790 5687 2896 5733 vel.
2921 5675 3152 5731 Feuard.
3176 5676 3321 5742 cod.,
3348 5675 3559 5729 tacitam

1985 5760 2080 5819 pro
2104 5756 2325 5799 tantum.
