4238 6316
724 355 868 413 i207

1475 357 1533 414 S.
1589 356 1847 413 IREN£I
1881 354 2188 413 EPISCOPI
2224 352 2701 437 htGDUNENSIS
2732 352 2819 407 ΕΤ
2854 349 3208 406 ΜΑΒτγιιιε

3818 347 3944 403 ROB

718 471 878 529 Titan
907 513 921 537 ,
974 481 1156 526 tamen
1207 469 1320 543 (l2)
1370 472 1531 526 habet
1589 472 2124 528 verisimilitudinem
2154 512 2171 537 ,
2234 479 2293 522 ut
2322 480 2365 534 Α
2399 468 2504 523 hoc
2530 479 2637 533 est,
2667 468 3060 537 requietionem
3082 506 3097 531 ,
3129 464 3417 535 septimam
3440 466 3595 536 [diem
3643 466 3945 522 sanctiﬁcao

718 580 782 618 cx
824 564 1009 617 multis
1049 561 1375 633 colligamus
1419 581 1485 617 ne
1524 563 1664 619 forte
1684 562 1845 618 'l'itan
1875 572 2096 617 vocetur
2122 600 2139 625 ,
2188 559 2279 627 qui

718 654 916 707 vu-uiet.

727 746 917 814 Ἡμεῖς
941 739 1032 798 οὖν
1064 742 1176 816 (ιδ)
1202 745 1303 798 οὐκ
1330 744 1465 798 ἀπο-

714 835 1093 904 κινδυνεύομεν
1106 833 1335 903 περὶτοῦ
1351 834 1467 887 ὀνό-

719 942 887 995 ματος
942 924 1035 977 τοῦ
1081 923 1464 993 Ἀντιχριστου,

714 1016 1139 1086 ἀποφαινόμενοι
1193 1014 1467 1085 βεϐαιωτι-

715 1107 844 1169 κῶς.
876 1106 939 1159 Εἰ
963 1106 1073 1177 γὰρ
1100 1104 1210 1159 lost
1238 1108 1470 1175 ἀναφαν-

714 1197 802 1251 δὸν
832 1194 910 1266 τῷ
938 1197 1033 1250 νῦν
1058 1195 1232 1268 καιρῷ
1262 1194 1466 1268 κηρύτ-

712 1288 900 1341 τεσθαι
924 1286 1162 1358 τοῦνομα
1183 1286 1371 1351 αὐτοῦ,
1400 1287 1468 1340 δι’

715 1380 925 1434 ἐκείνου
979 1379 1047 1433 ἂν
1111 1379 1310 1452 ἑρῤἑθη
1372 1378 1468 1432 τοῦ

715 1474 810 1525 κιὶ
830 1472 929 1543 τὴν
956 1472 1318 1541 ’Δποκάλυψιν
1366 1473 1469 1525 ἑω-

719 1563 965 1632 ρακότος.
1018 1562 1151 1616 Οὐδὲ
1199 1562 1309 1632 γὰρ
1366 1564 1472 1634 πρὸ

716 1651 914 1704 πολλοῦ
965 1653 1156 1724 χρόνοι¹
1216 1650 1431 1723 ἑωράθη
1452 1694 1467 1717 ,

714 1742 851 1796 ἀλλὰ
877 1744 1059 1816 σχεδὸν
1092 1744 1184 1797 ἐπὶ
1205 1744 1303 1815 τῆς
1331 1746 1469 1815 ἠμε-

714 1835 880 1905 τέρας
919 1836 1112 1904 γενεᾶς
1142 1876 1159 1899 ,
1210 1836 1347 1907 πρὸς
1390 1834 1470 1906 τῷ

714 1926 860 1979 τέλει
895 1928 992 1997 τῆς
1019 1927 1345 1998 Δομετιανοῦ
1372 1929 1471 2000 ἀρ-

716 2017 837 2088 χῆςο
1542 2018 1833 2074 Domitiani
1871 2020 2108 2090 imperii.

787 2109 841 2163 4.
879 2108 1033 2164 Hunc
1060 2122 1239 2163 atttem
1269 2111 1381 2182 (η)
1425 2127 1713 2168 numerum
1757 2113 1996 2168 nominis
2028 2115 2284 2181 ostendit,

717 2210 777 2253 ttt
808 2214 1094 2254 caveamus
1138 2199 1288 2254 illttm
1330 2203 1636 2257 venientem
1662 2243 1678 2269 ,
1727 2204 1965 2259 scientes
1989 2205 2111 2273 quis
2152 2213 2237 2260 ost
2267 2224 2281 2260 :

717 2305 915 2345 nomen
945 2302 1126 2347 autem
1158 2293 1277 2363 ejus
1308 2294 1496 2356 tacuit,
1527 2294 1785 2363 quoniam
1815 2296 2035 2363 dignum
2067 2312 2178 2351 non
2203 2308 2287 2352 est

716 2379 1017 2444 prtrconat‘i
1041 2395 1073 2435 a
1096 2379 1303 2447 Spiritu
1332 2390 1546 2437 sancto.
1572 2381 1629 2437 Si
1653 2382 1798 2438 enim
1824 2395 2188 2453 pneconatum
2217 2388 2287 2443 ab

714 2484 784 2521 eo
848 2468 1084 2535 fuisset,
1145 2471 1393 2527 fortassis
1439 2481 1493 2526 et
1538 2474 1591 2527 in
1641 2474 1872 2529 multum
1920 2488 2283 2546 permaneret.

716 2557 869 2613 Nunc
896 2569 1078 2614 autem
1110 2563 1366 2630 quoniam
1398 2581 1417 2614 ο
1454 2565 1580 2628 fuit,
1610 2572 1665 2619 et
1697 2582 1801 2619 non
1828 2575 1913 2622 est
1941 2608 1955 2630 .
2002 2577 2058 2623 et
2094 2584 2286 2625 ascea-

1536 743 1643 799 Nos
1672 754 1848 799 tamen
1874 758 1982 799 non
2008 742 2283 810 periclita-

1536 837 1713 890 himur
1742 834 1795 888 in
1826 849 1913 898 eo,
1945 848 2044 889 nec
2070 847 2283 888 asseve-

1541 929 1723 979 rantes
1770 920 2242 991 pronttntiabimus
2264 959 2279 984 ,

1536 1012 1643 1066 hoc
1672 1026 1794 1066 eum
1838 1025 2035 1067 nomen
2068 1011 2283 1067 habitu-

1540 1119 1656 1159 rum
1688 1119 1706 1161 :
1740 1104 1999 1170 scientes,
2029 1105 2282 1173 quoniam

1536 1195 1583 1249 si
1641 1204 1921 1266 oporteret
1969 1194 2285 1266 {manifeste

1540 1286 1795 1357 praesenti
1821 1296 2063 1357 tempore
2087 1300 2286 1354 praco-

1543 1381 1658 1433 nari
1691 1394 1885 1435 nomen
1913 1378 2050 1447 eius,
2077 1394 2173 1448 per
2207 1380 2285 1449 ip-

1541 1487 1657 1525 sum
1696 1470 1884 1540 utique
1907 1470 2113 1526 editum
2136 1471 2286 1540 {fuis-

1541 1573 1645 1627 set,
1674 1562 1765 1631 qui
1803 1573 1860 1617 et
1904 1561 2283 1632 Apocalypsitn

1543 1654 1771 1708 viderat.
1802 1654 1985 1724 Neque
2014 1654 2160 1709 enim
2190 1669 2286 1707 an-

1547 1755 1600 1800 te
1650 1746 1871 1803 multum
1912 1745 2169 1815 temporis
2202 1745 2285 1798 vi-

1543 1938 1728 1983 nostro
1758 1928 1961 1982 mulo
2006 1928 2076 1982 ad
2123 1928 2285 1983 tinem

718 2650 810 2701 det
858 2650 926 2703 ab
986 2658 1185 2720 abysso
1231 2650 1380 2723 (15).
1427 2662 1485 2708 et
1530 2654 1586 2708 in
1640 2655 2002 2722 perditionem
2056 2660 2206 2713 vadit
2240 2660 2287 2692 ⁸⁸

717 2739 855 2811 (16).
894 2761 915 2795 s
950 2741 1106 2812 quasi
1135 2744 1225 2811 qui
1252 2759 1358 2797 non
1393 2745 1489 2807 sit;
1513 2745 1596 2798 sic
1628 2760 1726 2800 nec
1766 2762 1961 2802 numen
1999 2750 2120 2817 ejus
2146 2767 2286 2819 prte-

716 2838 971 2883 conatum
1001 2839 1086 2886 est
1111 2847 1126 2883 :
1155 2831 1271 2901 ejus
1298 2832 1441 2886 enim
1470 2833 1615 2902 quod
1655 2850 1763 2889 non
1800 2843 1884 2890 est
1904 2876 1919 2899 ,
1952 2853 2146 2894 nomen
2179 2856 2283 2896 non

717 2926 1084 2987 przeconatur.
1112 2920 1246 2975 Cum
1273 2932 1453 2976 autem
1481 2926 1781 2980 vastaverit
1801 2928 2173 2987 Antichristus
2199 2934 2287 2989 bic

716 3012 899 3065 omnia
933 3012 988 3065 in
1018 3012 1121 3067 hoc
1157 3015 1381 3078 mundo,
1400 3030 1638 3085 regnans
1664 3020 1823 3075 annis
1855 3023 2029 3077 tribus
2057 3034 2112 3077 et
2138 3040 2290 3080 men-

719 3102 872 3159 sibus
899 3116 1017 3169 ses,
1053 3113 1111 3159 et
1141 3104 1345 3160 sederit
1372 3104 1486 3178 (Π)
1538 3110 1593 3161 itt
1629 3112 1830 3180 templo
1872 3113 2283 3188 Hierosolymis;

722 3205 851 3250 tunc
881 3198 1062 3252 veniet
1090 3197 1350 3253 Dominus
1379 3198 1447 3254 de
1470 3199 1624 3254 ctelis
1651 3202 1707 3254 in
1735 3204 1993 3270 nubibus,
2027 3208 2079 3263 in
2112 3210 2285 3281 gloria
2313 3189 2360 3250 ε

721 3290 920 3354 Patris,
953 3290 1099 3344 illum
1130 3292 1345 3361 quidem
1376 3303 1431 3347 et
1465 3295 1782 3349 obedientes
1835 3296 1883 3350 ei
1939 3298 1992 3353 in
2034 3311 2285 3371 stagnum

722 3384 861 3453 ignis
890 3383 1131 3447 mittens;
1152 3384 1424 3439 adducens
1445 3385 1804 3453 autemjustis
1845 3392 1996 3458 regni
2022 3400 2286 3467 tempora,

790 3480 837 3511 ”
866 3478 1032 3546 Apoc.
1066 3492 1202 3542 sm,
1229 3476 1284 3531 8.
1384 3479 1429 3531 υ
1460 3479 1652 3533 Matth.
1681 3494 1800 3543 vttt,
1832 3480 1915 3533 ll.

793 3570 929 3643 (I2),
971 3566 1188 3622 Tamen.
1251 3570 1341 3624 Sic
1415 3584 1633 3643 οηιιιες⁸
1666 3572 1827 3643 codd.
1889 3587 1999 3625 uno
2066 3583 2295 3642 excepto

719 3640 978 3702 Fruard.,
1020 3653 1181 3711 quem
1210 3649 1439 3711 _sccutus
1474 3650 1559 3695 est
1596 3640 1832 3696 Grabins
1856 3680 1871 3701 ,
1924 3642 2014 3709 qui
2052 3640 2296 3711 reposuit

723 3722 954 3770 tantum;
984 3710 1079 3762 sed
1116 3708 1279 3772 unde,
1312 3721 1366 3763 et
1394 3725 1501 3778 qua
1536 3711 1902 3765 auctoritate?
1933 3708 2037 3767 non
2089 3708 2293 3769 monet.

723 3782 836 3861 ilic.
867 3792 995 3900 vtem
1037 3788 1212 3831 tamen
1253 3780 1550 3849 accipitur,
1604 3797 1701 3850 pro
1752 3783 1962 3850 utique,
2007 3783 2243 3852 profecto
2277 3823 2293 3849 ,

723 3867 874 3900 nrotn
915 3865 959 3900 ε.

760 3865 959 3905 τοιηηε.

720 3871 959 3991 νηίέῗὲς.
987 3915 1182 3991 Ἡμεῖς
1209 3914 1338 3973 οὖν.
1372 3919 1635 3975 Eusebius
1662 3921 1757 3975 lilt.
1793 3936 1825 3972 ν
1882 3918 2050 3985 Hist.,
2079 3939 2193 3990 σειν·
2236 3924 2293 3988 8ο

725 3989 840 4046 huic
873 3989 1235 4058 transcripsit,
1270 3991 1320 4041 in
1348 3992 1515 4057 prima
1551 4001 1727 4044 tamen
1754 3992 1979 4060 periodo
2024 3989 2290 4047 tantillum

724 4064 793 4114 ab
826 4060 1012 4113 lt'enzei
1041 4060 1221 4114 verbis
1246 4060 1911 4115 deﬂectenspostremam
1947 4078 2075 4115 vero
2110 4066 2289 4129 perio-

724 4132 852 4184 dum
881 4129 1197 4199 οὐδὲγὰρ...
1239 4130 1430 4201 ἀρχῆς,
1482 4131 1737 4200 allegavit
1781 4147 1994 4201 quoque
2026 4130 2292 4187 Maximus

727 4202 783 4253 in
813 4201 1051 4271 Dionysii
1084 4200 1353 4271 Areopag.
1384 4201 1545 4269 epist.
1584 4202 1669 4261 10,
1700 4217 1822 4271 pag.
1864 4200 1987 4257 lBI.

814 4216 1051 4322 omnis"
1084 4216 1353 4275 Areopag.
1384 4216 1545 4269 epist.
1584 4216 1669 4261 tu,
1700 4217 1822 4271 pag.
1864 4216 1987 4257 tot.

799 4270 910 4339 (M)
970 4268 1101 4322 Iunc
1132 4281 1329 4323 autent.
1363 4272 1597 4337 Arund.,
1635 4271 1802 4326 Merc.
1831 4271 1865 4323 2
1890 4272 2129 4327 eth'ab.
2161 4290 2298 4327 nunc

726 4352 925 4394 autem.

2391 569 2520 627 tam;
2558 570 2613 617 et
2640 562 2941 617 restituens
2971 559 3207 613 Abraha:
3232 559 3637 629 promissionem
3663 558 3946 613 heredita-

2388 654 2457 708 tis
2494 671 2507 707 :
2545 654 2598 708 in
2628 668 2736 725 quo
2769 669 2935 724 regno
2960 654 3035 708 ait
3060 653 3342 715 Dominus,
3376 648 3571 705 multos
3617 649 3686 705 ab
3728 647 3947 706 Oriente

2386 755 2444 799 et
2472 743 2763 802 Occidente
2795 748 3104 813 venientes,‘
3133 745 3451 802 recumbere
3474 757 3602 796 cum
3651 742 3945 807 Abraham,

2388 832 2540 890 Isaac
2570 846 2626 889 et
2655 833 2825 890 Iacob
2852 836 2917 890 '".

2938 925 3163 980 CAPUT
3206 923 3394 978 XXXI.

2390 992 2753 1063 Con/innatus
2788 996 3071 1050 reservatis)
3110 1011 3386 1063 corporum
3437 1001 3730 1063 nostrorum
3762 1003 3947 1056 morte,

2461 1061 2843 1119 resurrectione
2890 1075 2943 1119 et
2983 1065 3282 1118 ascensione
3321 1062 3553 1128 Christi;
3592 1061 3785 1115 anime
3822 1078 3950 1115 san-

2466 1142 2669 1187 ctorum
2692 1136 2893 1188 interea
2918 1144 3117 1203 tempus
3146 1134 3278 1185 illud
3318 1142 3653 1198 exspectant,
3687 1138 3743 1183 stt
3782 1132 3954 1201 perfe-

2460 1212 2595 1256 ctam
2624 1214 3139 1274 consummatamque
3157 1203 3380 1273 gloriam
3408 1203 3717 1271 percipiant.

2463 1296 2517 1348 l.
2549 1291 2813 1359 Quoniam
2846 1304 3025 1349 autem
3048 1291 3264 1360 quidam
3292 1288 3405 1361 (l8)
3434 1305 3501 1343 ex
3529 1288 3724 1358 bisqui
3758 1294 3954 1355 putan—

2388 1396 2476 1443 tur
2541 1394 2692 1441 recte
2742 1385 3085 1449 credidisse,
3153 1382 3637 1452 supergrediuntur
3702 1378 3950 1434 ordinem

2391 1478 2750 1549 promotionis
2791 1478 3086 1543 iustorum,
3126 1484 3182 1530 et
3234 1485 3411 1529 motus
3443 1473 3810 1530 meditationis
3836 1470 3953 1545 (19)

2390 1572 2456 1625 ad
2480 1569 2899 1639 incorruptelam
2941 1568 3215 1637 ignorant,
3264 1566 3553 1620 haereticos
3580 1578 3772 1619 sensus
3805 1564 3860 1617 in
3895 1577 3958 1616 se

2393 1661 2654 1716 habentes
2692 1676 2708 1713 :
2752 1658 2990 1713 haeretici
3040 1658 3188 1713 enim
3239 1658 3598 1726 despicientes
3636 1655 3955 1724 plasmatio-

2394 1769 2514 1809 nem
2552 1752 2648 1807 Dei
2682 1751 2819 1823 (‘20),
2853 1760 2908 1805 et
2943 1765 3049 1804 non
3103 1749 3462 1819 suscipientes
3499 1747 3726 1801 salutem
3772 1747 3958 1800 carnis

1540 1852 1659 1891 sunt
1702 1845 1805 1899 est,
1853 1837 1946 1891 sed
2003 1851 2141 1905 pene
2189 1838 2292 1891 sub
2323 1836 2362 1891 Β
2391 1859 2524 1908 sum,
2564 1852 2976 1899 contemnentes
3006 1851 3185 1897 autem
3223 1849 3279 1894 et
3317 1837 3786 1907 repromissionem
3836 1834 3954 1898 Dei,

2389 1944 2447 1989 et
2481 1942 2651 1988 totum
2678 1933 3151 2003 supergredientes
3193 1932 3360 1986 Deum
3388 1946 3574 1994 sensu,
3605 1930 3765 1984 simul
3791 1938 3957 1997 atque

2392 2024 2591 2080 mortui
2624 2024 2849 2087 l'tteriul,
2878 2023 3070 2077 dicnttt
3096 2036 3157 2077 se
3185 2022 3497 2093 supergredi
3540 2020 3707 2075 cmlos
3748 2030 3806 2075 et
3852 2021 3958 2074 De-

2394 2118 2683 2186 miurgum,
2720 2124 2773 2170 et
2802 2116 2883 2169 ire
2907 2116 2972 2169 ad
3006 2114 3248 2179 Matrem,
3281 2114 3365 2168 vel
3395 2115 3463 2168 ad
3492 2130 3637 2178 eum,
3665 2113 3755 2182 qui
3781 2113 3849 2165 ab
3877 2112 3959 2179 ip-

2391 2211 2467 2265 sis
2501 2209 2792 2279 afﬁngitur,
2827 2204 3064 2262 Patrem.
3098 2205 3198 2272 Qui
3228 2220 3358 2275 ergo
3403 2207 3712 2260 universam
3762 2219 3957 2271 repro-

2391 2305 2522 2358 bant
2552 2299 3011 2355 resurrectionem
3039 2338 3053 2361 ,
3087 2308 3141 2353 et
3182 2308 3444 2367 quantum
3473 2298 3525 2351 in
3554 2296 3684 2366 ipsis
3715 2305 3828 2355 est,
3861 2310 3960 2347 an.

2393 2396 2573 2449 ferunt
2604 2408 2724 2446 eam
2749 2392 2817 2446 de
2847 2392 3049 2454 medio,
3077 2389 3208 2458 quid
3236 2390 3429 2442 mirum
3461 2396 3570 2452 est,
3599 2389 3644 2442 si
3678 2402 3778 2441 nec
3804 2386 3957 2442 ordi-

2395 2497 2516 2536 nem
2566 2482 2987 2537 resurrectionis
3041 2481 3249 2545 sciunt;
3308 2479 3553 2535 nolentes
3617 2478 3959 2547 intelligere,

2393 2574 2648 2642 quoniam
2707 2574 2755 2627 si
2812 2574 2926 2627 haec
2982 2572 3053 2625 ita
3111 2579 3331 2636 essent,
3373 2570 3825 2640 quemadmodum
3869 2568 3956 2623 di-

2393 2674 2540 2728 cunt,
2575 2664 2690 2731 ipse
2720 2662 2907 2731 utique
2935 2660 3217 2723 Dominus,
3244 2661 3295 2714 in
3320 2676 3479 2730 quem
3507 2674 3564 2713 se
3597 2659 3787 2712 dicunt
3831 2672 3959 2713 cre-

2393 2758 2543 2819 dere,
2572 2771 2677 2808 non
2704 2756 2756 2809 in
2789 2755 2946 2808 tertia
2974 2754 3059 2808 dic
3087 2752 3308 2808 iecisset
3333 2752 3791 2807 resurrectionem
3816 2766 3830 2815 ;
3863 2749 3957 2805 sed

2392 2866 2555 2920 super
2585 2867 2803 2906 crucem
2829 2850 3112 2918 exspirans
3135 2888 3154 2916 ,
3186 2846 3471 2902 confestim
3507 2845 3701 2914 utique
3728 2845 3962 2899 abiisset

2393 2960 2631 3008 sursum,
2668 2943 2978 3013 relinquens
3006 2955 3204 3009 corpus
3232 2939 3426 2994 terrm?
3450 2937 3604 2993 Nunc
3648 2946 3828 2990 autem
3862 2936 3963 2991 tri-
4028 2998 4040 3008 _

2394 3038 2495 3092 bus
2519 3036 2712 3091 diebus
2731 3043 3084 3091 conversatus
3113 3041 3196 3087 est
3224 3033 3313 3087 ubi
3331 3042 3492 3087 erant
3522 3031 3739 3091 mortui.
3770 3043 3960 3097 quem-

2392 3128 2682 3184 admodum
2715 3126 2982 3198 propheta
3014 3124 3127 3197 (2i)
3161 3125 3235 3178 ait
3265 3124 3415 3179 deeo
3446 3140 3463 3176 :
3502 3140 3521 3173 ι
3552 3120 3962 3176 Commemora-

2393 3230 2479 3275 tus
2501 3229 2583 3273 est
2604 3220 2864 3273 Dominus
2880 3226 3191 3272 sanctorum
3222 3213 3334 3286 (22)
3354 3222 3688 3269 mortuorum
3711 3227 3959 3279 suorum,

2395 3328 2581 3370 eorum
2609 3311 2701 3380 qui
2738 3320 2866 3363 ante
2893 3309 3235 3364 dormierunt
3262 3310 3314 3361 in
3362 3317 3505 3361 terra
3537 3303 3651 3376 (25)
3680 3303 3963 3371 sepelitio—

2399 3407 2483 3458 nis
2509 3402 2645 3476 (24),
2671 3401 2829 3473 331
2858 3410 2915 3457 et
2947 3398 3230 3456 descendit
3257 3398 3322 3453 ad
3349 3414 3461 3461 eos,
3496 3397 3792 3451 extrahere
3839 3411 3960 3459 eos,

2402 3576 2789 3646 insectabatur,
2809 3576 3056 3646 dogmata
3082 3575 3349 3646 tantillum
3369 3579 3628 3635 accedere
3656 3580 3958 3639 videbatur-

2402 3645 2586 3720 Talem
2633 3658 2813 3720 autem
2863 3645 2985 3720 esse
3027 3645 3129 3698 sibi
3172 3646 3409 3720 ﬁngebat
3459 3663 3614 3714 eam,
3668 3668 3831 3720 quam
3876 3654 3966 3710 hic

2404 3719 2664 3785 exagitat,
2685 3716 3092 3788 catholicorum
3121 3718 3486 3783 sententiam,
3522 3722 3609 3773 cui
3640 3716 3825 3788 procul
3864 3726 3964 3777 du-

2401 3787 2489 3841 bio
2522 3787 2787 3841 calculum
2824 3786 3202 3855 incunctanter
3228 3787 3536 3855 adjecisset,
3577 3794 3619 3843 si
3641 3786 3965 3847 accuratius

2401 3856 2547 3929 illam
2577 3868 2834 3929 excutere
2857 3855 3121 3911 licuisset.
3148 3854 3255 3910 Sed
3287 3854 3352 3911 de
3397 3858 3481 3914 bis
3525 3862 3579 3914 in
3622 3862 3839 3917 dissert.
3884 3864 3920 3918 5
3944 3902 3962 3929 ,

2398 3936 2502 3980 art.
2530 3928 2617 3990 11,
2644 3927 2836 3980 fusius.

2470 3997 2580 4073 (l9)
2609 3996 2785 4073 J_l_otus
2811 3995 3189 4073 meditationis.
3222 3995 3315 4051 Sic
3342 3997 3667 4073 Feuardent.
3706 4002 3759 4055 in
3789 4018 3959 4073 marg.

2396 4077 2451 4121 et
2480 4069 2601 4121 cod.
2636 4068 2815 4128 Voss.,
2848 4067 2999 4135 quod.
3021 4067 3225 4129 malim,
3249 4082 3409 4135 quam
3443 4071 3625 4125 modos
3662 4067 3961 4126 meditatio-

2401 4138 2499 4212 nis,
2527 4138 2816 4212 ut_halrent
2838 4137 3018 4212 caeteti
3052 4150 3066 4187 :
3102 4138 3224 4204 quia
3260 4145 3588 4212 vosmotus,
3616 4144 3787 4212 magis
3822 4160 3961 4212 qna-

2403 4207 2525 4261 dt-at
2554 4207 2619 4260 ad
2652 4206 3043 4274 praecedentem
3066 4208 3433 4275 promotionis,
3456 4219 3509 4263 et
3541 4212 3606 4265 ad
3633 4206 3815 4266 lreittei
3840 4206 3963 4267 sco-

2406 4292 2554 4341 pum.
2603 4275 2963 4330 Meditationis
2994 4291 3126 4330 vero
3175 4278 3392 4344 scripsit
3430 4294 3526 4346 pro
3548 4285 3961 4337 exercitationis.

2404 4350 2777 4419 Qttos‘autetn
2831 4356 2999 4419 matus
3035 4346 3388 4419 meditationis
3436 4352 3503 4402 ad
3552 4351 3963 4419 incorruptelam

799 4410 911 4483 (l5)
941 4409 1008 4463 Et
1034 4410 1273 4485 ascendet
1305 4410 1367 4462 ab
1396 4411 1604 4480 abysso.
1636 4412 1727 4465 Sic
1778 4412 2007 4466 Fenard.
2065 4414 2301 4485 restituit
2406 4409 2533 4470 dicit
2567 4415 2820 4474 lrenmus.
2854 4417 2888 4469 ii
2919 4427 3042 4468 sunt
3075 4416 3273 4470 diversi
3308 4422 3507 4485 gradus
3534 4409 3959 4484 exercitationis,

724 4496 789 4535 ex
811 4480 935 4535 vel.
965 4482 1086 4534 cod.
1116 4480 1447 4549 sull'ragante
1485 4498 1641 4537 sacro
1681 4492 1825 4537 textu

725 4550 1202 4621 legitur,‘ascendit
1244 4553 1448 4619 abysso.

797 4618 910 4693 (16)
949 4618 1125 4693 Vadit.
1162 4618 1401 4693 litt-ditt.
1532 4621 1679 4675 Test.
1716 4624 2116 4692 exemplaribus
2134 4625 2292 4679 {utu-

726 4690 847 4745 runt
880 4690 1106 4764 legitur,
1129 4691 1308 4760 μέλλει
1342 4692 1591 4764 Octavam;
1629 4694 1770 4759 quod
1820 4690 2070 4764 vulgatus
2118 4698 2290 4751 inter-

723 4777 851 4884 gres
878 4763 1060 4825 Vertit,
1092 4763 1202 4814 ibit.
1228 4764 1295 4814 At
1319 4778 1441 4815 cum
1470 4762 1672 4818 [remeo
1695 4762 1933 4832 prmsens
1963 4765 2162 4834 ὑπάγει
2195 4768 2288 4821 ha-

761 4842 815 4884 et
839 4832 957 4884 cod.
983 4831 1276 4883 Alexaudr.

761 4842 815 4885 et
839 4832 957 4885 cod.
983 4831 1276 4883 Alexaudr.

800 4903 909 4976 (Π)
943 4900 1262 4976 Regn_aus..._
1286 4904 1497 4976 sederit.
1521 4904 1583 4976 Aln
1612 4905 1937 4959 Feuardeut.
1959 4921 2173 4976 marg”
2206 4923 2290 4959 re-

724 4973 973 5036 gnabit...
1000 4973 1222 5035 sedebit;
1251 4972 1304 5025 in
1348 4974 1605 5027 Arunch.
1654 4990 1783 5029 vero
1830 4984 1886 5029 et
1925 4972 2174 5042 Mercii,
2210 4994 2290 5030 re-

725 5042 926 5107 gnarit.
958 5042 1063 5095 Sed
1105 5041 1325 5114 volgata
1344 5043 1520 5114 lectio
1549 5045 1741 5099 melius
1769 5048 2019 5114 congruit
2048 5041 2170 5100 cum
2201 5062 2288 5100 se-

724 5114 1041 5232 ruentibus,
1075 5126 1131 5165 et
1156 5128 1277 5166 cum
1317 5112 1383 5166 iis
1414 5128 1534 5181 qua:
1579 5127 1743 5185 supra
1785 5112 1907 5186 cap'.
1950 5116 2021 5171 εδ
2069 5119 2291 5187 scripsit

753 5198 981 5232 renatus.

753 5198 981 5235 renmns.

799 5252 912 5323 (18)
940 5252 1204 5326 Quoniam
1240 5266 1407 5326 autem
1459 5255 1707 5322 quidam,
1751 5269 1857 5313 etc.
1900 5258 2094 5313 Mirum
2147 5260 2289 5326 quod

726 5322 963 5376 Irenaeus
988 5325 1256 5375 ltwrescos
1289 5325 1372 5377 hic
1406 5341 1632 5393 arguere
1653 5329 1898 5383 videatur
1924 5345 2017 5383 eos
2047 5346 2075 5384 e
2096 5322 2284 5383 cailto-

726 5396 851 5448 ltcis
881 5394 972 5461 qui
1000 5409 1115 5446 a-vo
1146 5407 1245 5444 suo
1274 5397 1585 5458 credebant,
1612 5396 1886 5463 justornm
1917 5401 2123 5453 animas
2169 5416 2285 5453 cor-

726 5480 857 5533 pore
882 5465 1087 5516 solutas
1112 5465 1291 5515 statim
1324 5465 1376 5517 in
1398 5467 1595 5519 cadum
1630 5469 1868 5532 evolare,
1900 5470 2041 5522 clara
2072 5470 2163 5523 Dei
2207 5472 2285 5523 vi-

726 5538 877 5588 sione
910 5536 1250 5586 recreandas.
1278 5535 1384 5588 Sed
1411 5537 1459 5587 id
1483 5536 1581 5589 SS.
1609 5540 2285 5600 antistiticoudmtaudutn.

724 5606 817 5672 qui
850 5621 907 5657 re
938 5606 1184 5676 nondum
1214 5605 1445 5659 sollicite
1476 5609 1718 5662 discussa
1750 5620 1796 5661 cl
1823 5609 2288 5676 Ecclesimjudicio

725 5676 965 5748 deﬁnita,
1012 5675 1292 5748 catholica:
1324 5676 1469 5738 Iidei,
1505 5694 1613 5745 quo
1645 5679 1903 5739 fervebat,
1945 5675 2097 5742 zelo,’
2129 5682 2289 5748 paulo

728 5744 941 5811 longius
972 5746 1249 5811 abreptus,
1277 5747 1325 5801 id
1357 5744 1726 5815 omne’procul
1754 5744 2142 5805 eliminandutti
2173 5752 2288 5803 esi-

728 5817 1003 5879 διίιιιηιωῐ,
1033 5819 1176 5883 quod
1208 5820 1273 5873 ad
1304 5818 1530 5872 exitiosa
1578 5817 2073 5875 \‘alentiniauorum
2101 5860 2128 5883 ν
2153 5835 2290 5892 quos

1878 4502 1891 4538 :
1932 4498 2056 4537 ttam
2100 4485 2152 4537 in
2180 4483 2301 4537 aliis

2404 4487 2600 4556 quibus
2627 4486 2884 4556 paulatim
2918 4487 2982 4536 ad
3012 4486 3456 4554 incorruptelatn,
3497 4505 3591 4544 seu
3634 4490 3834 4545 claram
3871 4494 3962 4547 Dei

2404 4560 2661 4631 visionem
2686 4565 3093 4631 promoventur,
3123 4568 3179 4631 et
3205 4558 3363 4612 veluti
3391 4561 3769 4631 conscendunt
3805 4562 3959 4631 justi.

2399 4628 2583 4697 Neque
2615 4644 2758 4681 ctum
2792 4627 2847 4687 ii.
2880 4639 2948 4679 ex
2974 4628 3208 4680 auctoris
3234 4629 3402 4682 nostri
3436 4631 3742 4694 sententia,
3792 4627 3832 4685 ὁ
3872 4648 3961 4687 ve-

2400 4701 2556 4769 stigio
2590 4698 2757 4751 Dettm
2784 4698 3024 4765 capiunt;
3055 4698 3149 4769 sed
3180 4699 3413 4769 diversis
3447 4700 3607 4753 veluti
3635 4703 3963 4757 motionibus

2398 4768 2560 4839 atque
2588 4769 2846 4835 gradibus
2869 4768 3152 4821 exercitati
3174 4768 3427 4839 paulatim
3452 4785 3751 4823 assuescant
3778 4788 3963 4839 capere

2402 4838 2588 4902 Deum,
2620 4851 2677 4892 ut
2708 4840 2945 4906 loquitur
2968 4850 3087 4908 Cap.
3122 4852 3260 4906 seq.,
3285 4838 3370 4893 ubi
3395 4842 3593 4910 gradus
3625 4840 3742 4895 illos
3790 4838 3963 4913 expli-

2398 4919 2504 4962 ειη.

2470 4976 2579 5049 (‘20)
2613 4977 3024 5033 Plasmntiouem
3056 4979 3169 5033 Dei.
3206 4979 3300 5032 Dei
3328 4981 3480 5036 deest
3512 4982 3564 5035 itt
3594 4978 3748 5037 Voss.

2618 5050 2896 5123 Prop/tela.
2930 5052 3038 5123 Al"
3073 5053 3365 5123 prophetia.

2471 5119 2583 5191 (22)
2614 5121 2951 5175 Sanctorum.
2981 5119 3155 5189 Supra
3191 5121 3285 5176 lib.
3336 5137 3417 5183 ttt,
3448 5136 3569 5189 cap.
3605 5121 3695 5184 20,
3733 5138 3789 5176 tt.
3834 5122 3867 5176 4
3908 5134 3965 5178 et

2400 5193 2493 5247 lib.
2521 5207 2594 5254 tv,
2627 5206 2748 5258 cap.
2788 5192 2879 5257 2‘2,
2908 5209 2961 5245 tt.
3013 5191 3259 5256 1,et53,
3297 5210 3352 5245 n.
3387 5191 3452 5246 12
3503 5194 3703 5259 habet,
3749 5206 3963 5249 sanctus

2397 5261 2585 5384 lIsrael;
2610 5262 2695 5315 vel
2729 5262 3046 5330 simpliciter
3068 5272 3304 5326 sanctus;
3329 5272 3382 5315 et
3410 5264 3490 5318 sic
3518 5261 3656 5318 forte
3679 5266 3766 5319 hic
3794 5268 3959 5319 etiam

2416 5348 2567 5384 eaent
2589 5348 2699 5384 um.

2416 5348 2699 5388 θαεηαιιιη.

2448 5348 2871 5473 ἦὲὲῗυὶῖἰεννα.
2904 5402 2993 5456 Sic
3021 5416 3151 5459 mss.
3179 5417 3367 5457 omnes
3396 5404 3638 5473 Anglic.,
3692 5407 3965 5474 quomodo

2396 5474 2558 5526 etiam
2619 5473 2749 5526 locis
2807 5474 3054 5541 superius
3131 5474 3309 5528 citatis
3375 5473 3959 5544 constanter’lcgitttr.

2401 5544 2592 5603 Edim.
2634 5544 2687 5595 in
2722 5555 2938 5597 terram.

2470 5613 2580 5683 (24)
2624 5613 2975 5681 δρρριὶιὲυηὲε.
3027 5614 3100 5666 lla
3155 5613 3384 5683 Feuard.
3442 5613 3493 5669 itt
3538 5631 3709 5683 marg.
3768 5616 3963 5671 tttelins

2397 5700 2556 5753 quant
2593 5686 2644 5755 in
2674 5694 2818 5737 textu
2866 5700 2987 5736 cum
3021 5685 3169 5739 Eras.
3224 5682 3526 5752 ctGallas"
3575 5682 3960 5755 stipulationis.

2397 5754 2595 5808 Confer
2628 5754 2741 5808 loca
2774 5769 2894 5808 mox
2922 5756 3107 5808 citata.
