4238 6316
251 390 387 447 {209

1448 386 1727 445 CONTRA
1762 383 2105 442 HERESES
2138 384 2265 441 LIB.
2309 384 2373 439 Υ.

3362 377 3503 438 {ilo

256 521 307 563 et
330 510 543 567 saltare
568 525 667 568 eos
686 512 754 566 “.
782 530 801 565 ι
832 510 901 566 Et
928 513 1043 581 ipse
1059 521 1241 566 autem
1266 511 1562 565 Dominus:
1586 527 1606 562 ι
1629 508 1825 577 Quem-
1854 513 1902 569 Α
1928 505 2211 573 Quomodo
2240 520 2373 577 ergo
2412 504 2676 575 magister
2699 508 2887 558 noster
2915 516 3024 556 non
3059 500 3247 557 statim
3274 501 3503 559 evolans

256 602 574 666 admodum.
604 602 714 671 ait,
753 601 922 658 'Jonas
950 602 1016 658 'in
1044 610 1237 659 ventre
1265 602 1379 657 ceti
1415 609 1530 657 tres
1565 600 1683 655 dies
1706 639 1724 665 ,
1765 611 1821 656 et

260 702 369 749 tres
389 702 575 749 noctes
603 694 805 749 mansit
830 732 847 756 ,
885 695 966 749 sic
1007 694 1116 752 erit
1153 701 1211 749 et
1262 692 1434 748 Filius
1483 692 1721 748 hominis
1765 691 1816 745 in

254 785 421 839 corde
447 791 607 839 terra
628 782 697 838 ⁸³.
732 799 753 835 ι
795 780 905 837 Sed
928 789 987 839 et
1010 780 1303 854 Apostolus
1339 781 1417 835 ait
1452 798 1467 834 :
1506 797 1527 833 ι
1558 778 1819 834 Ascendit

254 881 458 933 autem.
481 871 611 942 quid
633 878 740 935 est,
770 871 874 926 nisi
903 871 1030 940 quia
1063 881 1121 927 et
1150 870 1432 926 descendit
1459 869 1514 923 in
1556 868 1816 923 inferiora

253 970 415 1016 terra
442 959 517 1013 ἰτ
552 977 572 1009 ι
602 958 713 1015 nos
736 972 791 1015 et
820 960 988 1016 David
1019 960 1072 1014 in
1102 973 1231 1015 eum
1262 959 1599 1030 prophetans
1622 958 1764 1013 dixit
1797 973 1814 1010 :

258 1068 280 1102 ι
327 1049 396 1105 Et
438 1048 681 1119 eripuisti
730 1048 969 1104 animam
1002 1065 1177 1106 meam
1220 1066 1287 1105 ex
1331 1048 1544 1105 inferno
1592 1046 1816 1103 inferio—

253 1143 299 1197 ri
322 1141 392 1194 ⁸³.
432 1158 454 1193 ι
476 1140 787 1211 Resurgens
819 1150 1001 1196 autem
1039 1142 1201 1197 tertia
1226 1140 1338 1206 die.
1361 1149 1418 1197 et
1441 1140 1646 1203 Mariae,
1696 1154 1816 1209 qua:

251 1249 313 1288 se
341 1230 455 1305 (25)
482 1234 658 1303 prima
684 1232 843 1294 vidit.
862 1240 919 1287 et
940 1233 1213 1297 adoravit,
1238 1233 1455 1289 dicebat
1484 1249 1499 1287 :
1529 1248 1550 1283 ι
1583 1230 1707 1286 Noli
1730 1247 1816 1285 me

250 1335 497 1397 tangere,
526 1328 761 1380 nondum
788 1326 937 1379 enim
958 1326 1180 1380 ascendi
1215 1325 1283 1380 ad
1310 1324 1525 1380 Patrem
1551 1323 1695 1398 (26);
1720 1324 1813 1380 sed

246 1414 388 1471 vade
411 1416 479 1469 ad
505 1412 821 1479 discipulos,
861 1423 920 1470 et
963 1413 1053 1469 die
1104 1411 1219 1485 (ιτ)
1260 1412 1341 1468 eis
1378 1428 1395 1466 :
1438 1412 1690 1469 Ascendo
1746 1414 1814 1468 ad

245 1503 463 1561 Patrem
486 1519 691 1569 meum,
719 1514 778 1560 et
803 1502 1018 1561 Patrem
1044 1512 1289 1560 vestrum
1318 1503 1388 1557 “.
1424 1521 1445 1557 ι

312 1644 372 1701 2.
414 1644 474 1701 Si
507 1660 637 1716 ergo
664 1645 924 1701 Dominus
960 1644 1134 1716 legem
1172 1653 1509 1702 mortuorum
1553 1646 1811 1712 servavit,

242 1744 305 1789 ut
344 1735 500 1791 ﬁeret
538 1737 938 1807 primogenitus
978 1752 1009 1789 a
1051 1736 1303 1805 mortuis,
1346 1745 1404 1793 et
1442 1748 1811 1794 commoratus

242 1842 415 1924 usque
456 1827 510 1882 in
526 1828 761 1924 tertiam
798 1829 943 1903 diem
989 1832 1043 1884 in
1080 1830 1431 1924 inferioribus
1461 1840 1649 1924 terras;
1687 1842 1812 1924 post
1841 1864 1887 1924 Β

239 1917 442 1973 deinde
477 1932 707 1987 surgens
746 1920 801 1974 in
834 1934 1022 1988 carne,
1049 1929 1108 1974 ut
1137 1921 1301 1975 etiam
1329 1921 1531 1976 llxuras
1553 1921 1665 1994 (28)
1696 1923 1808 1977 cla-

237 2023 434 2067 vorum
476 2011 788 2066 ostenderet
827 2012 1128 2083 discipulis,
1173 2014 1253 2068 sic
1294 2014 1545 2069 ascendit
1593 2016 1659 2070 ad
1706 2016 1805 2071 Pa-

240 2110 381 2154 trem
412 2116 429 2154 :
459 2102 734 2171 quomodo
762 2117 869 2158 non
901 2104 1303 2159 confundantur
1330 2104 1469 2177 (29),
1496 2105 1589 2176 qui
1621 2107 1809 2163 dicunt

237 2191 449 2249 inferos
490 2194 712 2264 quidem
766 2208 890 2249 esse
944 2194 1088 2250 hunc
1141 2184 1423 2263 mundum,
1472 2199 1562 2267 qui
1606 2200 1674 2254 sit
1714 2214 1805 2255 se-

234 2283 472 2339 cundum
504 2299 630 2351 nos;
678 2285 997 2341 interiorem
1035 2294 1218 2340 autem
1250 2285 1528 2343 hominem
1566 2289 1805 2360 ipsorum

235 2373 701 2447 derelinquentem
725 2376 814 2431 hic
830 2391 1052 2447 corpus,
1071 2378 1123 2433 in
1147 2380 1591 2449 supercmlestem
1615 2397 1807 2438 ascen-

233 2466 367 2523 dere
395 2467 606 2523 locum?
629 2466 766 2523 Cum
796 2468 942 2523 enim
974 2468 1236 2526 Dominus
1264 2487 1284 2520 ι
1308 2470 1363 2534 in
1393 2467 1573 2527 medio
1602 2472 1807 2531 umbrae

234 2560 429 2614 mortis
478 2558 807 2625 abierit",a
857 2559 947 2615 ubi
999 2560 1193 2616 anima
1243 2573 1582 2617 mortuorum
1622 2575 1804 2632 erant,

234 2662 360 2722 post
388 2652 582 2710 deinde
624 2654 985 2724 corporaliter
1026 2658 1351 2725 resurrexit,
1378 2667 1432 2712 et
1468 2667 1593 2728 post
1622 2674 1807 2716 resur-

237 2745 530 2800 rectionem
566 2755 879 2815 assumptus
909 2755 992 2801 est
1031 2763 1049 2802 :
1080 2746 1429 2804 manifestum
1467 2759 1554 2807 est
1595 2752 1722 2821 quia
1750 2763 1807 2809 et

233 2836 625 2907 discipulon
667 2837 806 2909 ejus,
850 2848 1072 2910 propter
1114 2856 1252 2911 quos
1293 2852 1349 2899 et
1392 2843 1507 2899 hac
1548 2855 1806 2915 operatus

230 2944 316 2988 est
344 2932 626 3002 Dominus,

228 3050 297 3100 Δὶ
325 3046 497 3119 ψυχαὶ
516 3049 631 3121 (30)
653 3051 987 3123 ἀπέρχονται

226 3141 425 3201 sic"...
496 3140 588 3195 τὸν
656 3142 823 3196 τόπον
896 3143 989 3197 τὺν

226 3231 536 3303 ὡρισμένον
609 3235 799 3299 αὐταῖς
877 3235 987 3290 ἀπὺ

1058 3053 1255 3127 anima
1291 3055 1515 3114 abibunt
1540 3060 1592 3113 in
1617 3060 1804 3116 invisi-

1057 3144 1221 3200 bilem
1261 3146 1437 3204 locum
1454 3190 1471 3215 ,
1517 3152 1799 3208 deﬁnitum

1055 3235 1136 3291 eis
1175 3251 1209 3291 a
1249 3236 1384 3306 Deo,
1420 3248 1475 3296 et
1516 3242 1591 3298 ibi
1638 3259 1808 3315 usque
1834 3220 1878 3280 θ

228 3319 327 3375 τοῦ
381 3320 554 3388 Θεοῦ,
602 3324 766 3379 κάκεῖ
822 3322 986 3398 μέχρι

228 3413 330 3482 τῆς
354 3412 706 3480 ἀναστάσεως
736 3415 983 3484 φοιτῶσι,

231 3503 626 3578 περιμένουσαι
642 3504 987 3578 τήνύνάσταρ

233 3612 317 3649 σιν
330 3577 364 3625 ε’
385 3594 579 3650 tum
616 3596 983 3652 ἀπολαϐοῦσαι

231 3688 299 3741 τὰ
332 3688 585 3759 σώματα,
630 3689 724 3743 καὶ
762 3690 984 3763 ὁλοκλήο

1055 3326 1126 3381 ad
1159 3331 1617 3386 resurrectionem
1656 3348 1808 3389 com-

1059 3418 1437 3484 morabuntur,
1473 3421 1806 3479 sustinentes

1059 3509 1549 3567 resurrectionem:
1574 3522 1697 3581 post
1720 3529 1799 3569 re.

1057 3588 1321 3669 cipientes
1341 3615 1594 3672 corpora,
1612 3616 1669 3659 et
1687 3621 1804 3675 per-

1056 3687 1201 3748 lecte
1256 3705 1599 3767 resurgentes
1617 3737 1633 3765 ,
1700 3697 1803 3755 hoc

233 3796 343 3850 ρως
379 3781 701 3846 ἀναστᾶσαι,
736 3783 981 3837 τουτέστι

230 3870 584 3941 σωματικῶς,
615 3870 795 3937 καθὼς
827 3872 923 3926 καὶ
955 3875 984 3926 ὁ

228 3962 434 4034 Κύριος
502 3964 703 4035 ἀνέστη
722 4005 737 4029 ,
810 3965 983 4030 οὕτως

230 4056 540 4112 ἐλεύσονται
588 4059 668 4122 εἰς
708 4057 807 4130 τὴν
859 4057 981 4128 ww

229 4147 321 4202 τοῦ
355 4148 514 4203 Θεοῦ.

1051 3793 1135 3840 est
1188 3787 1544 3857 corporaliter
1557 3830 1574 3855 ,
1612 3804 1801 3859 querno

1053 3877 1345 3932 admodum
1416 3888 1472 3934 et
1538 3880 1800 3938 Dominus

1056 3973 1386 4035 resurrexit,
1438 3972 1519 4026 sic
1580 3972 1799 4029 venient

1052 4059 1118 4114 ad
1153 4072 1505 4131 conspectum
1535 4062 1651 4118 Dei.

298 4264 657 4323 «Nemcenim
674 4270 758 4319 est
773 4264 1073 4333 discipulus
1100 4280 1266 4334 super
1289 4268 1638 4338 magistrum;
1676 4289 1796 4342 per-

229 4362 406 4416 fectus
425 4368 607 4414 autem
624 4359 802 4414 omnis
821 4359 952 4424 erit,
968 4360 1112 4415 sicut
1128 4360 1394 4432 magister
1413 4362 1526 4433 (51)
1549 4365 1669 4435 ejus
1679 4366 1746 4424 ⁸³.
1772 4387 1791 4419 ι

1924 595 2081 659 abiit,
2106 595 2201 651 sed
2224 596 2506 651 sustinens
2524 592 2809 649 deﬁnitum
2835 608 2863 646 a
2888 592 3054 647 Patre
3078 588 3501 647 resurrectionis

1924 699 2038 741 sua:
2068 696 2280 756 tempus
2304 688 2470 757 (quod
2497 694 2555 742 et
2583 700 2681 754 per
2707 684 2903 740 Ionam
2932 683 3337 740 manifestatum
3369 682 3499 751 est),

1923 785 2045 848 post
2077 778 2318 833 triduum
2352 793 2646 849 resurgens
2688 788 2999 851 assuptus
3038 786 3153 845 est;
3193 780 3276 835 sic
3314 788 3371 834 et
3402 792 3503 833 nos

1922 870 2194 927 sustinere
2234 871 2497 927 debemus
2528 868 2811 925 deﬁnitum
2847 885 2880 925 a
2920 870 3035 927 Deo
3076 870 3504 926 resurrectionis

1924 970 2121 1016 nostra:
2154 968 2393 1031 tempus,
2433 961 2858 1031 praenuntiatum
2900 976 2933 1017 a
2976 962 3281 1034 prophetis,
3322 973 3379 1018 et
3422 963 3503 1019 sic

1922 1060 2272 1119 resurgentes
2299 1050 2534 1118 assumi,
2563 1061 2832 1125 quotquot
2857 1052 3119 1108 Dominus
3144 1053 3215 1108 ad
3243 1052 3349 1109 hoc
3383 1051 3498 1124 (52)

1921 1140 2113 1210 dignos
2139 1141 2415 1200 habuerit.

2466 1232 2694 1290 CAPUT
2732 1233 2829 1291 XX
2839 1234 2949 1291 XII.

1919 1322 2008 1400 ln_
2026 1339 2089 1377 ea
2114 1339 2310 1400 eam.“
2328 1340 2434 1394 qua
2460 1326 2635 1379 sancti
2665 1326 2861 1400 manus
2889 1328 2975 1383 hic
3007 1346 3274 1385 creatus
3314 1340 3496 1400 perta-

1990 1392 2187 1467 ἔπειτα,
2232 1392 2477 1467 laborum
2519 1410 2740 1450 suorum
2780 1396 2985 1467 fructus
3014 1392 3333 1466 percipit-nt}
3376 1415 3496 1453 ma-

1986 1464 2277 1537 mmarum
2320 1465 2379 1517 id
2427 1466 2601 1537 omnis
2644 1464 2891 1520 creatura
2932 1464 3213 1537 exspectet,
3257 1485 3321 1523 ac
3358 1470 3495 1525 Dm

1987 1531 2217 1587 Abralue
2244 1544 2294 1587 et
2328 1533 2523 1588 semini
2549 1534 2663 1603 ejus
2690 1536 2984 1604 promittat.

1989 1622 2042 1675 ί.
2073 1621 2341 1690 Quoniam
2369 1623 2539 1695 igitur
2561 1624 2676 1695 (35)
2702 1626 3110 1682 transferuntur
3133 1630 3493 1699 quorumdam

1917 1714 2200 1769 sementim
2237 1715 2307 1769 ab
2352 1714 2626 1771 haereticis
2672 1718 3042 1781 sermonibus.
3083 1728 3139 1774 et
3173 1730 3301 1774 sunt
3343 1720 3496 1790 igno-

1918 1812 2106 1858 rantes
2153 1803 2537 1872 dispositiones
2584 1805 2703 1869 Dei,
2750 1815 2807 1862 et
2855 1808 3171 1878 mysterium
3218 1809 3491 1876 iustorum

1913 1898 2355 1965 resurrectionis,
2377 1907 2433 1953 et
2454 1899 2604 1971 regni
2623 1898 2761 1971 (54),
2780 1900 2927 1970 quod
2950 1910 3038 1957 est
3059 1902 3391 1972 principium
3412 1903 3495 1957 in-

1912 1990 2260 2059 corruptela,
2284 2004 2385 2060 per
2404 1990 2554 2061 quod
2578 2005 2805 2062 regnum
2829 1992 2922 2062 qui
2944 1992 3094 2065 digni
3118 1991 3339 2059 fuerint,
3362 2009 3493 2064 pau-

1913 2079 2067 2135 latim
2112 2090 2433 2136 assuescant
2475 2096 2676 2153 capere
2719 2082 2892 2138 Deum
2933 2101 2949 2137 :
2996 2085 3368 2140 necessarium
3407 2094 3495 2141 est

1912 2179 2093 2226 autem
2133 2171 2315 2227 dicere
2346 2173 2413 2227 de
2454 2172 2585 2243 illis,
2626 2176 2886 2243 quoniam
2926 2186 3142 2245 oportet
3177 2174 3355 2245 iustos
3378 2176 3494 2247 pri-

1912 2275 2031 2316 mos
2062 2261 2177 2333 (55)
2207 2262 2261 2318 in
2294 2264 2610 2320 conditione
2640 2264 2766 2331 hac,
2801 2281 2921 2335 qua
2949 2276 3269 2334 renovatur,
3297 2270 3365 2323 ad
3394 2284 3492 2341 ap-

1912 2352 2237 2419 paritionem
2270 2354 2363 2411 Dei
2402 2364 2756 2427 resurgentes
2795 2358 3037 2427 recipere
3070 2360 3489 2429 promissionem

1917 2443 2276 2510 hereditatis,
2312 2460 2476 2516 quam
2523 2446 2667 2502 Deus
2715 2450 2967 2518 promisit
3007 2452 3273 2520 patribus,
3309 2461 3367 2507 et
3405 2466 3493 2507 re-

1910 2549 2080 2602 guare
2117 2535 2173 2590 in
2214 2550 2279 2591 ea
2323 2550 2340 2591 :
2380 2546 2506 2606 post
2550 2539 2748 2594 deinde
2786 2540 2901 2595 ﬁeri
2943 2540 3235 2610 judicium.
3281 2542 3340 2598 in
3382 2558 3489 2614 qua

1910 2626 2057 2683 enim
2108 2626 2425 2684 conditione
2472 2626 2899 2696 laboraverunt.
2944 2634 3063 2688 sive
3107 2631 3289 2689 aﬂlicti
3339 2644 3489 2699 sunt,

1909 2718 2166 2775 omnibus
2187 2719 2366 2775 modis
2393 2719 2607 2789 probati
2633 2737 2735 2793 per
2755 2720 3149 2789 sull‘ereutiam,
3173 2723 3382 2803 justum
3407 2736 3491 2781 est

1910 2808 1967 2864 in
2014 2809 2130 2879 ipsa
2178 2811 2425 2881 recipere
2468 2826 2565 2868 eos
2604 2812 2819 2868 fructus
2864 2811 3230 2881 suli’erentiae;
3276 2822 3334 2870 et
3380 2830 3486 2885 qua

1910 2901 2223 2957 conditione
2251 2900 2529 2958 interiecti
2568 2913 2696 2959 sunt
2735 2914 2958 2973 propter
2986 2903 3083 2960 Dei
3122 2903 3487 2969 dilectionem,

1912 2991 1967 3046 in
1996 2992 2111 3062 ipsa
2145 2992 2442 3059 viviﬁcari;
2490 3002 2544 3049 et
2578 2995 2631 3049 in
2662 3009 2770 3065 qua
2810 2996 3127 3066 conditione
3167 2998 3485 3053 servitutem

1908 3087 2307 3150 sustinuerunt,
2351 3088 2406 3141 in
2451 3086 2566 3156 ipsa
2611 3102 2847 3159 regnare
2875 3102 2990 3144 eos.
3036 3088 3201 3143 Dives
3245 3091 3390 3145 enim
3430 3090 3484 3145 in

1909 3180 2164 3234 omnibus
2195 3178 2361 3245 Deus,
2393 3188 2451 3234 et
2478 3180 2661 3234 omnia
2691 3187 2820 3235 sunt
2852 3180 2991 3250 ejus.
3018 3178 3248 3250 Oportet
3276 3195 3408 3251 ergo
3430 3189 3484 3238 et

1911 3268 2090 3338 ipsam
2116 3269 2488 3325 conditionem
2514 3271 2904 3340 reintegratam
2928 3272 2995 3326 ad
3022 3271 3339 3342 pristinum,
3364 3275 3485 3329 sine

1911 3360 2282 3430 prohibitione
2320 3361 2530 3417 servire
2558 3360 2723 3431 justis
2752 3378 2768 3414 :
2802 3361 2991 3418 ethoc
3029 3363 3316 3432 Apostolus
3356 3364 3486 3421 fecit

1911 3451 2259 3506 manufestum
2290 3451 2343 3506 in
2367 3466 2430 3508 ea
2465 3466 2585 3521 quas
2611 3460 2693 3508 est
2714 3451 2783 3506 ad
2814 3451 3114 3517 Romanos,
3144 3453 3225 3508 sic
3252 3455 3439 3510 dicens
3464 3472 3479 3509 :

1912 3558 1935 3593 ι
1957 3539 2093 3595 Nam
2141 3540 2485 3612 exspectatio
2522 3552 2793 3598 creaturae
2826 3542 3215 3599 revelationem
3250 3544 3480 3599 ﬁliorum

1910 3631 2005 3686 Dei
2039 3638 2337 3699 exspectat.
2374 3628 2612 3684 Vanitati
2646 3630 2793 3708 enim
2833 3638 3087 3683 creatura
3125 3630 3367 3699 subjecta
3398 3639 3486 3686 est

1906 3736 2015 3775 non
2056 3718 2265 3784 volens,
2294 3718 2393 3775 sed
2434 3727 2653 3791 propter
2688 3734 2811 3774 eum
2841 3718 2936 3789 qui
2966 3718 3198 3787 subjecit
3226 3718 3281 3772 in
3325 3734 3421 3788 spe
3462 3735 3477 3771 :

1906 3814 2162 3882 quoniam
2212 3821 2268 3868 et
2315 3812 2434 3881 ipsa
2482 3822 2738 3868 creatura
2782 3811 3103 3867 liberabitur
3147 3824 3178 3863 a
3225 3810 3481 3865 servitute

1904 3906 2246 3975 corruptelae,
2275 3904 2329 3959 in
2360 3904 2669 3960 libertatem
2699 3904 2883 3973 gloriae
2913 3903 3147 3958 filiorum
3174 3900 3353 3956 Dei”.
3384 3920 3403 3954 ι

1973 3996 2031 4052 2.
2086 3997 2178 4051 Sic
2226 4011 2357 4067 ergo
2404 4005 2462 4051 et
2510 3997 2802 4066 promissio
2850 3995 2969 4062 Dei,
3017 4008 3179 4063 quam
3230 3993 3480 4064 promisit

1902 4090 2160 4153 Abrahae,
2202 4087 2361 4143 ﬁrma
2398 4097 2734 4159 perseverat.
2776 4086 2922 4142 Dixit
2961 4087 3109 4142 enim
3151 4103 3166 4140 :
3202 4102 3222 4138 ι
3249 4084 3479 4156 Respice

1902 4194 2122 4235 sursum
2156 4177 2355 4243 oculis,
2399 4186 2457 4231 et
2482 4177 2607 4233 vide
2636 4194 2666 4232 a
2694 4177 2816 4233 loco
2845 4177 2968 4241 hoc.
3002 4176 3091 4233 ubi
3133 4193 3276 4234 nunc
3312 4191 3366 4232 tu
3392 4194 3475 4246 es,

1903 4272 1970 4326 ad
2011 4270 2362 4341 Aquilonem,
2408 4278 2465 4325 et
2512 4269 2759 4325 Alricum
2805 4268 2942 4342 (56),
2989 4278 3044 4325 ct
3084 4268 3383 4335 Orientem,
3420 4281 3477 4329 et

1904 4378 2079 4424 mare,
2104 4362 2364 4430 quoniam
2390 4376 2607 4416 omnem
2635 4371 2865 4428 terram,
2893 4375 3054 4431 quam
3088 4371 3144 4414 tu
3172 4361 3341 4427 vides,
3376 4362 3471 4417 tibi

288 4456 337 4487 “
364 4457 565 4533 Jerem.
588 4472 720 4533 I_Lll,
755 4458 842 4512 ll.
890 4458 965 4533 ,ξ’
992 4457 1182 4533 Matth.
1219 4477 1320 4527 xu,
1351 4461 1439 4515 40.
1464 4531 1473 4533 _
1500 4461 1563 4533 7"
1597 4462 1796 4533 Ephes.
1826 4474 1901 4525 tv,
1932 4460 1986 4517 9.
2062 4462 2109 4493 ⁸⁵
2136 4460 2279 4516 Psal.
2311 4475 2513 4525 uxxv,
2547 4460 2634 4515 15.
2712 4460 2760 4493 ⁸⁸
2782 4457 2942 4514 Joan.
2971 4474 3065 4525 xx,
3102 4458 3189 4513 l7.
3266 4458 3310 4490 "
3336 4457 3478 4511 Psal.

224 4542 355 4590 xx",
390 4527 445 4580 ι.
522 4527 569 4559 ⁸⁸
602 4528 737 4584 Luc.
766 4545 841 4594 vr,
877 4528 966 4584 40.
1043 4530 1089 4561 ⁸*
1115 4529 1274 4585 Rom.
1312 4548 1426 4597 vut,
1454 4531 1522 4587 19
1554 4527 1705 4604 seqq.

302 4620 396 4679 (25
456 4620 547 4675 Se.
575 4620 811 4683 Arund..
845 4638 985 4675 eum.

302 4620 419 4761 (26}
450 4688 685 4745 Patrem.
715 4689 891 4761 Heaut
921 4707 985 4747 on

300 4688 415 4761 (26)
450 4688 695 4764 Patrem.
715 4689 891 4764 dicunt
921 4691 1082 4748 omisi
1112 4708 1236 4747 cum
1258 4702 1370 4749 vel.
1396 4692 1627 4751 Feuard.
1652 4700 1797 4764 cod..

232 4762 387 4815 Voss.
425 4768 478 4815 et
509 4760 772 4815 Arundel.

228 4829 417 4952 digii)
467 4830 584 4884 Dic.
634 4831 815 4897 Eras.,
860 4829 1065 4890 Gallus.
1111 4842 1166 4889 et
1207 4832 1442 4891 Feuard.
1488 4851 1798 4907 perperam,

266 4919 390 4955 κει.

299 4968 713 5043 (28)_Fixuras.
756 4971 830 5026 Ita
865 4972 1259 5032 vet.rFeuard.
1307 4976 1453 5043 cod.,
1494 4979 1702 5035 Arund.
1741 4991 1797 5036 et

229 5042 399 5114 Herc.
420 5040 475 5114 2,
504 5042 695 5114 melius
720 5058 881 5110 quam
912 5043 1029 5114 alii,
1057 5044 1279 5114 ﬁguras.

434 5112 861 5183 Confundantttr.
890 5113 996 5179 AL,
1029 5110 1434 5183 confundatur.

296 5180 409 5251 (30)
438 5186 505 5236 Al
532 5180 745 5250 ψυχαί.
774 5181 960 5237 Graeca
994 5184 1109 5238 haec
1129 5180 1210 5240 'ex
1242 5185 1561 5243 Damasceni
1596 5189 1795 5246 Paral-

224 5253 347 5327 lelt'g
567 5252 865 5327 Halloisius
897 5256 952 5327 in
993 5252 1110 5327 Vita
1140 5254 1354 5320 lrentzt',
1376 5272 1497 5327 pag.
1524 5259 1647 5316 504.

296 5320 411 5401 (ξι)
444 5323 607 5401 S.icatt_
623 5324 890 5401 magister.
914 5325 1147 5401 érttud"
1174 5330 1219 5381 si
1247 5330 1314 5381 sit
1342 5320 1477 5382 sicut
1516 5333 1787 5401 magister.

225 5391 334 5448 Sed
363 5391 411 5447 si
440 5393 506 5449 sit
541 5391 787 5447 additum
815 5409 879 5446 ex
914 5391 1155 5449 Vulgata.

294 5463 409 5530 (32)
445 5464 526 5516 Ad
553 5464 670 5517 hoc.
698 5461 776 5519 ita
806 5463 985 5529 Voss..
1016 5461 1250 5523 Feuard.
1288 5476 1343 5523 et
1374 5466 1541 5525 Grab.
1575 5468 1631 5524 In
1663 5471 1786 5526 reli-

220 5534 530 5605 qutsAdeest
562 5534 651 5605 ag.
786 5586 793 5605 τ

290 5602 401 5681 (ξὸ)
439 5593 703 5681 Quoniam
734 5596 1046 5681 igitur,_etc.
1072 5605 1377 5681 Posteriora
1409 5609 1523 5665 haec
1547 5610 1784 5681 quinque

216 5675 393 5746 capita
429 5690 458 5727 e
488 5675 789 5746 veteri_suu
814 5676 1000 5746 codice
1029 5688 1184 5731 eruta
1219 5679 1424 5746 primus
1453 5675 1781 5736 omnium-in

216 5745 387 5798 lucem
421 5745 592 5816 edidit
641 5744 870 5797 Feuard.
914 5747 1190 5816 prmmissa
1220 5744 1387 5802 ﬁbrevi
1444 5752 1779 5816 prmi‘atione,

214 5831 320 5885 qua
352 5831 413 5869 ea
447 5814 653 5870 lrctta‘o
683 5816 938 5871 vindicat.
974 5814 1031 5871 lu
1066 5818 1131 5872 iis
1158 5818 1327 5885 enim,
1363 5814 1479 5888 qum
1519 5821 1777 5875 hactc‘nus

1832 4637 1876 4691 D
1905 4628 2242 4701 prodierant,
2271 4626 2457 4683 lremei
2494 4626 2828 4701 editionihus
2857 4626 3107 4701 deerant,
3143 4624 3268 4701 quia
3309 4624 3363 4677 in
3408 4624 3476 4680 iis

1908 4694 2188 4755 codicibus
2215 4714 2346 4753 mss.
2378 4701 2705 4768 adquorum
2736 4696 2898 4768 ﬁdem
2927 4698 3202 4768 adornata:
3237 4694 3473 4757 fuerant,

1907 4770 2380 4825 desiderabantur.
2416 4766 2527 4822 Nec
2556 4767 2777 4821 dubium
2811 4766 2940 4836 quin
2977 4766 3046 4820 ob
3076 4774 3473 4836 propugnatum

1907 4842 1961 4894 iu
1996 4840 2062 4894 iis
2090 4839 2519 4893 millenariorum
2550 4834 3026 4899 errorem,'studio
3046 4837 3247 4889 omissa
3272 4834 3475 4889 fuerint

1904 4926 1932 4963 a
1967 4908 2213 4979 pluribus
2237 4909 2451 4964 scribis.
2484 4909 2551 4961 Et
2578 4917 2868 4975 eapropter
2898 4906 3058 4961 hodie
3098 4907 3150 4957 in
3192 4916 3469 4979 tantpau-
3530 4974 3531 4977 η

1903 4975 1984 5034 cis
2018 4996 2149 5033 tnss.
2187 4984 2307 5033 cod.
2337 4990 2653 5037 occurrunt.
2692 4987 2750 5029 ut
2781 4986 2975 5045 prmter
3025 4984 3259 5029 veterem
3284 4975 3470 5045 ‘illutn

1900 5049 2377 5130 Feuardcntii,_qui
2393 5047 2735 5130 fortenpcriit,
2752 5042 2900 5130 solus
2914 5044 3085 5128 Vossii
3104 5046 3250 5130 cod"
3265 5042 3475 5130 (lt-abin

1900 5132 2058 5185 teste,
2088 5134 2153 5173 ea
2195 5114 2471 5175 exhibeat.
2520 5114 2785 5172 Deﬁciunt
2817 5116 2960 5171 enim
3002 5116 3055 5169 in
3094 5115 3215 5168 aliis
3252 5114 3467 5185 Anglic.

1900 5192 1977 5245 uti
2025 5200 2081 5245 et
2126 5188 2178 5241 in
2215 5188 2610 5253 Ottoboniano;
2653 5188 2761 5242 imo
2804 5202 2904 5241 nec
2939 5187 2991 5239 in
3026 5186 3127 5239 hoc
3156 5186 3471 5252 praecedens

1898 5271 2062 5329 caput
2090 5269 2305 5314 exstare
2342 5260 2581 5329 videtur,
2626 5258 2702 5311 uti
2745 5273 2812 5312 ex
2850 5258 3017 5329 variis
3060 5254 3303 5329 ejusdem
3344 5253 3467 5329 cod.

1899 5322 2221 5386 lectionibus
2254 5330 2320 5384 ad
2358 5344 2445 5383 mc
2480 5328 2652 5382 Roma
2696 5327 3032 5381 transmissis
3061 5322 3470 5393 deprehendere

1895 5401 2045 5457 licet.

1967 5498 2077 5567 (54)
2123 5496 2306 5567 Regni.
2345 5493 2571 5550 Terreni
2604 5492 2825 5567 scilicet
2872 5499 2927 5545 et
2962 5485 3323 5567 temporalis,
3358 5499 3469 5567 quo

1888 5554 2072 5637 justas
2107 5586 2135 5621 a
2181 5554 2363 5621 morte
2413 5564 2814 5637 cum_Cbristo
2863 5554 3132 5629 potiturtis
3184 5572 3305 5611 esse
3353 5554 3466 5608 vult

1892 5635 2059 5707 usque
2090 5641 2157 5691 ad
2188 5637 2466 5693 deﬁnitum
2495 5650 2523 5686 a
2554 5635 2663 5689 Deo
2688 5643 2922 5701 tempus.

1960 5728 2076 5797 ('55)
2104 5726 2331 5783 Primos.
2354 5725 2666 5798 Legendum
2692 5723 3147 5791 videturprimum
3176 5726 3268 5771 aut
3289 5716 3456 5787 prius.

1963 5819 2075 5889 (ὖῦ)
2113 5819 2365 5887 Africum,
2414 5818 2487 5871 Ita
2523 5815 2846 5871 auctoritate
2870 5814 2989 5869 cod.
3020 5809 3177 5865 Voss.
3207 5818 3257 5865 et
3291 5806 3460 5877 ipsius
