4238 6316
793 409 924 466 UH

788 522 929 579 dabo
959 517 1014 576 et
1049 520 1241 576 semini
1282 529 1376 574 tuo
1421 535 1590 589 usque
1634 520 1688 574 in
1727 521 2200 590 sempiternum”.
2227 539 2244 570 ι
2291 521 2350 574 Et
2381 525 2426 579 Λ

787 614 986 669 iterum
1014 613 1092 667 ait
1121 631 1135 668 :
1173 632 1190 664 ι
1219 612 1460 685 Surgens
1493 614 1779 682 ingredere
1812 623 2012 668 terram
2042 613 2094 667 in
2120 613 2354 683 longitu-

785 704 971 759 dinem
1012 703 1151 772 ejus,
1186 712 1238 756 et
1284 703 1336 757 in
1377 693 1740 766 latitudinem,
1784 703 2037 771 quoniam
2088 701 2183 755 tibi
2218 702 2355 754 dabo

781 795 963 851 eam"
999 813 1055 850 ε»
1097 803 1150 849 et
1194 811 1299 849 non
1331 795 1544 864 accepit
1584 797 1639 849 in
1687 795 1773 848 illa
1821 795 2212 855 hereditatem,
2256 807 2353 846 nec

780 889 1069 957 vestigium
1101 888 1273 957 pedis,
1314 889 1406 943 sed
1442 903 1655 958 semper
1693 889 2016 957 peregrinus
2052 898 2106 941 et
2146 886 2348 940 advena

782 980 837 1033 iu
872 994 935 1033 ea
980 978 1099 1032 fuit.
1145 979 1209 1033 Et
1244 980 1461 1048 quando
1504 994 1714 1034 mortua
1758 989 1841 1035 est
1877 978 2012 1034 Sara
2045 996 2182 1035 uxor
2210 979 2350 1048 ejus,

781 1071 1090 1127 volentilms
1120 1070 1324 1125 Ethazis
1353 1073 1589 1141 gratuito
1618 1071 1794 1125 locum
1828 1079 1955 1126 dare
1993 1073 2067 1136 ei,
2109 1081 2167 1124 ut
2198 1086 2341 1138 sepe-

778 1161 900 1216 liret
939 1179 1079 1228 eam,
1121 1162 1294 1217 noluit
1322 1166 1596 1232 acc'pere.
1625 1164 1717 1218 sed
1754 1165 1884 1218 emit
1915 1173 2346 1227 monumentum,

775 1254 1209 1325 quadringentas
1252 1254 1362 1327 (37)
1414 1258 1551 1308 dans
1593 1255 1940 1310 didrachmas
1992 1255 2223 1323 argenti,
2280 1257 2347 1309 ab

773 1341 938 1414 332
961 1341 1174 1412 Ephron
1200 1342 1307 1398 ﬁlio
1326 1343 1464 1398 Seor
1487 1344 1671 1398 Ethmo
1694 1346 1739 1375 "
1755 1343 1868 1414 (38)
1886 1362 1901 1408 ;
1919 1345 2198 1399 sustinens
2221 1359 2347 1414 pro-

773 1435 1090 1489 missionem
1132 1434 1247 1498 Dei,
1288 1444 1345 1490 et
1392 1436 1582 1490 nolens
1620 1435 1790 1489 videri
1838 1435 1949 1505 (39)
1999 1436 2242 1506 accipere
2279 1436 2344 1488 ab

772 1525 1104 1591 hominibus,
1141 1528 1282 1594 quod
1328 1526 1377 1580 ei
1414 1527 1744 1593 promiserat
1787 1525 1917 1580 dare
1957 1524 2123 1587 Deus,
2159 1525 2342 1579 dicens

771 1617 822 1671 ei
865 1616 1079 1671 iterum
1106 1617 1184 1671 sic
1221 1634 1235 1669 :
1285 1635 1304 1669 ι
1330 1617 1537 1672 Semini
1571 1627 1660 1671 tuo
1703 1618 1841 1672 dabo
1877 1625 2080 1671 terram
2122 1617 2282 1679 hanc,
2313 1634 2340 1670 a

769 1706 992 1762 ﬂumine
1021 1705 1260 1777 Egypti,
1294 1723 1464 1776 usque
1491 1710 1557 1762 ad
1585 1707 1783 1762 ﬂumen
1815 1723 2067 1776 magnum
2100 1707 2338 1776 Euphra-

771 1808 878 1853 tem
896 1799 962 1853 ".
989 1818 1008 1851 ι
1050 1796 1110 1858 Si
1140 1799 1250 1869 (40)
1279 1813 1407 1868 ergo
1443 1798 1568 1858 huic
1601 1801 1851 1869 promisit
1881 1801 2023 1856 Deus
2055 1802 2339 1857 [haeredita—

767 1897 874 1944 tem
903 1901 1080 1956 terrm,
1109 1905 1214 1944 non
1239 1891 1447 1961 accepit
1473 1898 1654 1944 autem
1680 1892 1733 1944 in
1759 1892 1906 1945 omni
1934 1907 2034 1946 suo
2063 1893 2296 1948 incolatu
2322 1908 2336 1945 :

766 1991 978 2053 oportet
1003 1998 1125 2037 eum
1153 1985 1404 2054 accipere
1429 1998 1551 2037 cum
1587 1984 1794 2039 semine
1821 1999 1943 2051 suo,
1974 1986 2080 2039 hoc
2115 1997 2217 2049 est,
2248 1987 2338 2055 qui

766 2076 959 2131 timent
988 2077 1174 2139 Deum,
1219 2085 1275 2132 et
1307 2076 1536 2131 credunt
1567 2077 1619 2129 in
1660 2091 1811 2140 cum,
1853 2078 1906 2130 iu
1941 2078 2339 2133 resurrectione

759 2164 1053 2237 justorum.
1097 2167 1294 2222 Semen
1339 2175 1516 2220 autem
1561 2165 1677 2236 ejus
1721 2168 1983 2235 Ecclesia,
2020 2183 2118 2239 per
2159 2168 2338 2224 Domi-

763 2273 894 2314 num
925 2257 1034 2332 (41)
1063 2259 1426 2328 adoptionem,
1459 2275 1578 2329 quae
1609 2269 1694 2314 est
1726 2262 1792 2314 ad
1821 2262 2015 2324 Deum,
2040 2262 2335 2331 accipiens,

762 2350 902 2404 sicut
945 2350 1157 2404 dicebat
1191 2349 1430 2407 Joannes
1473 2350 1713 2419 Baptista
1748 2368 1762 2404 :
1795 2370 1812 2402 ι
1839 2350 2102 2417 Quoniam
2143 2363 2337 2422 potens

761 2450 849 2495 est
889 2441 1028 2494 Deus
1069 2442 1136 2493 de
1177 2440 1448 2509 lapidibus
1480 2442 1748 2497 sttscitare
1793 2442 1930 2497 ﬁlios
1962 2442 2278 2498 Abrahae“.
2311 2463 2328 2494 ι

763 2531 870 2584 Sed
903 2538 956 2584 et
970 2528 1261 2600 Apostolus
1271 2528 1343 2583 ait
1362 2527 1416 2582 in
1431 2542 1494 2584 ea
1510 2527 1752 2600 Epistola
1768 2544 1888 2601 quae
1900 2542 1984 2588 est
1999 2532 2066 2586 ad
2079 2531 2297 2590 Galatas
2318 2552 2333 2588 :

759 2639 786 2680 ,ι
812 2621 923 2676 Vos
951 2631 1155 2686 autem,
1187 2621 1408 2687 fratres,
1443 2622 1740 2677 secundum
1776 2622 1926 2677 Isaac
1955 2625 2336 2692 repromissio-

760 2711 847 2766 nis
872 2710 967 2766 ﬁlii
995 2712 1128 2767 estis
1143 2712 1191 2745 "
1216 2711 1350 2784 (ιὲ).
1377 2735 1396 2764 ι
1429 2712 1493 2766 Et
1521 2713 1714 2767 iterum
1747 2714 2034 2768 manifeste
2065 2716 2118 2767 in
2145 2718 2330 2769 eadem

757 2803 860 2868 ait,
895 2819 992 2858 eos
1021 2807 1111 2871 qui
1151 2806 1200 2856 in
1224 2803 1450 2859 Christo
1492 2805 1838 2859 crediderunt
1870 2807 2151 2875 percipere
2174 2806 2333 2862 Chri-

756 2902 925 2961 stum,
951 2893 1181 2948 Abrahae
1205 2895 1646 2964 promissionem,
1681 2898 1759 2951 sic
1788 2897 1975 2953 dicens
2002 2916 2015 2951 :
2056 2915 2076 2948 ι
2100 2899 2331 2952 Abraluc

756 2985 917 3038 dictae
949 2993 1079 3037 sunt
1111 2985 1525 3049 promissiones,
1550 2997 1604 3040 et
1632 2987 1825 3042 semini
1851 2987 1987 3055 ejus.
2020 2988 2086 3041 Et
2111 3004 2214 3041 non
2248 2990 2328 3042 di-

755 3075 830 3130 cit
869 3085 969 3130 :et
1005 3077 1333 3142 seminibus;
1368 3079 1523 3148 quasi
1570 3079 1638 3133 de
1676 3079 1883 3145 nmltis,
1930 3082 2022 3134 sed
2066 3083 2218 3150 quasi
2264 3082 2329 3135 de

1525 405 1578 462 S.
1625 405 1882 462 ΙΒΕΝᾸΞΙ
1922 403 2227 460 EPISCOPI
2271 402 2750 459 LCGDUNENSIS
2788 402 2875 456 ET
2913 400 3266 456 MARTYRIS

3880 400 4004 456 tm

2976 515 3200 573 CAPUT
3243 515 3474 570 XXXI“.

2462 607 2796 674 Propositum
2852 610 3127 677 conﬁrmat
3183 605 3608 672 promissionibus
3667 608 3761 665 iis.
3825 607 4000 677 quibus

2527 679 2766 732 Christus
2804 697 2856 731 se
2895 675 2959 732 de
2994 679 3326 745 generatione
3365 677 3482 728 vitis
3535 678 3586 728 in
3634 692 3784 740 regno
3834 675 3999 728 Patris

2527 750 2808 802 bibiturum
2852 765 2961 801 esse
2988 749 3195 812 recepit,
3241 747 3394 797 simul
3436 755 3483 797 et
3520 748 3799 798 mercedem
3834 757 3999 798 centu-

2523 821 2684 884 plum,
2718 830 2763 870 et
2793 819 3015 882 prandia
3038 817 3302 881 promisit;
3330 820 3466 882 quod
3497 825 3541 884 et
3573 816 3720 883 longe
3745 827 3896 867 antea
3924 815 4002 867 be-

2524 882 2747 940 nedictio
2775 887 2936 941 Jacob
2969 887 3349 954 pra’signurat;
3385 885 3458 937 uti
3487 882 3680 951 Papias
3711 895 3760 938 et
3783 885 4001 938 seniores

2522 968 2642 1010 sunt
2678 958 3021 1022 interpretati.

2523 1072 2573 1124 1.
2607 1071 2839 1139 Propter
2875 1070 2977 1124 hoc
3010 1077 3186 1122 autem
3221 1069 3286 1121 ad
3325 1068 3628 1136 passionem
3669 1066 3908 1129 veniens,
3950 1074 4005 1120 ut

2449 1163 2842 1230 evangelizaret
2861 1161 3110 1224 Abrahae,
3135 1169 3187 1213 et
3210 1159 3273 1214 iis
3302 1161 3392 1228 qui
3419 1175 3537 1211 cum
3564 1173 3647 1221 eo,
3673 1161 4001 1226 apertionetn

2449 1255 2801 1318 lmreditatis,
2838 1268 2960 1308 cum
3009 1254 3214 1316 gratias
3259 1253 3480 1321 egisset,
3527 1262 3713 1304 tenens
3758 1251 4003 1316 calicem,

2446 1356 2500 1398 et
2521 1345 2746 1399 bibisset
2775 1345 2842 1398 ab
2867 1359 2950 1406 eo,
2980 1352 3030 1395 et
3058 1343 3292 1396 dedisset
3323 1342 3624 1409 discipulis,
3649 1343 3863 1394 dicebat
3890 1342 4001 1396 eis:

2451 1453 2469 1485 ι
2499 1434 2671 1488 Bibitc
2712 1449 2777 1488 ex
2831 1449 2896 1488 eo
2937 1448 3149 1488 omnes.
3191 1433 3289 1486 llic
3319 1443 3401 1486 est
3441 1433 3663 1502 sanguis
3702 1448 3850 1487 meus
3886 1435 4002 1487 novi

2446 1526 2780 1590 testamenti,
2815 1526 2904 1593 qui
2948 1541 3043 1594 pro
3088 1524 3272 1577 multis
3331 1523 3632 1578 eﬂ’uudctur
3681 1522 3791 1592 (45)
3834 1525 3886 1578 in
3919 1541 4004 1580 re-

2443 1615 2758 1669 missionem
2807 1626 3177 1683 peccatorum.
3218 1614 3347 1668 Dico
3379 1622 3557 1668 autem
3598 1614 3775 1680 vobis,
3816 1617 4005 1670 amodo

2443 1722 2548 1760 non
2597 1706 2776 1760 bibam
2824 1707 2889 1760 de
2941 1707 3290 1775 generatione
3344 1706 3470 1760 vitis
3510 1704 3687 1772 hujus,
3743 1722 3911 1777 usque
3951 1709 4004 1762 in

2441 1797 2579 1849 diem
2617 1797 2789 1858 illum,
2833 1796 3048 1864 quando
3080 1796 3228 1848 illum
3271 1795 3448 1849 bibam
3486 1797 3762 1850 vobiscum
3811 1813 4002 1852 novum

2444 1889 2496 1940 in
2531 1902 2697 1958 regno
2730 1888 2903 1943 Patris
2936 1889 3039 1941 mei
3063 1889 3128 1940 θ’.
3157 1905 3175 1938 ι
3207 1886 3403 1957 Utique
3435 1888 3806 1943 bmreditatem
3849 1900 4004 1943 terra:

2443 1979 2556 2048 ipse
2586 1981 2824 2042 novabit,
2846 1989 2902 2033 et
2925 1979 3284 2048 reintegrabit
3313 1981 3627 2048 mysterium
3661 1981 3843 2049 gloria
3871 1981 4004 2036 ﬁlio-

2441 2086 2589 2134 rum;
2635 2070 3088 2139 quemadmodum
3141 2069 3305 2123 David
3355 2071 3429 2123 ait
3477 2087 3489 2124 :
3534 2069 3678 2135 (Qui
3725 2073 4006 2126 renovavit

2442 2165 2631 2219 faciem
2681 2163 2941 2216 temeti
2989 2163 3246 2215 Promisit
3298 2163 3486 2216 bibere
3541 2164 3604 2218 de
3662 2166 4005 2232 generatione

2439 2258 2565 2310 vitis
2605 2271 2724 2309 cum
2769 2255 2880 2308 suis
2917 2254 3232 2322 discipulis;
3271 2265 3559 2323 utrumque
3598 2257 3909 2319 oztendeus,
3949 2265 4002 2310 et

2439 2347 2811 2401 hmreditateiu
2859 2357 3039 2407 terrae,
3089 2347 3139 2397 in
3175 2361 3277 2413 qua
3317 2346 3519 2399 bibitur
3558 2362 3692 2400 nova
3727 2349 4005 2415 generatio

2436 2440 2582 2503 vitis,
2612 2448 2665 2491 et
2696 2439 2970 2492 earnalezu
3016 2438 3468 2491 resurrectionem
3519 2437 3653 2505 ejus.
3688 2438 3819 2504 Qua:
3858 2442 4002 2493 enim

2438 2545 2572 2583 now
2610 2531 2840 2599 resurgit
2877 2544 3026 2582 caro.
3059 2531 3170 2596 ipsa
3199 2540 3278 2582 est
3310 2545 3428 2597 qua:
3453 2539 3504 2582 et
3539 2545 3730 2582 novum
3767 2534 4006 2601 percepit

2436 2621 2704 2687 poculum.
2734 2620 2918 2690 Neque
2947 2630 3129 2672 autem
3158 2636 3372 2674 sursum
3403 2623 3450 2673 in
3480 2624 3850 2688 supercmlesli
3887 2625 4006 2679 loco

2434 2710 2759 2763 constitutus
2778 2725 2895 2762 cum
2926 2711 3057 2772 suis,
3087 2721 3261 2777 potest
3287 2711 3510 2779 intelligi
3544 2712 3731 2765 bibens
3760 2715 3887 2767 vitis
3911 2729 4004 2783 ge-

2436 2799 2800 2867 neratiOnem;
2840 2819 3012 2872 neque
3050 2819 3240 2856 rursus
3270 2805 3384 2857 sine
3422 2820 3582 2857 carne
3610 2816 3750 2866 sunt,
3797 2809 3884 2875 qui
3920 2809 4004 2863 bi—

2434 2893 2566 2946 bunt
2590 2894 2718 2946 illud
2749 2913 2761 2948 :
2792 2896 2970 2946 carnis
3003 2895 3142 2947 enim
3177 2896 3452 2963 proprium
3481 2908 3582 2961 est,
3611 2910 3664 2950 et
3705 2914 3808 2952 non
3842 2901 4004 2968 Spiri-

2435 2995 2540 3048 tus,
2577 2987 2664 3054 qui
2697 3000 2760 3039 ex
2790 2986 2899 3038 vite
2930 2987 3196 3054 accipitur
3227 2998 3403 3055 potus.

2500 3075 2550 3130 2.
2589 3076 2653 3129 Et
2684 3087 2906 3144 propter
2935 3078 3038 3130 hoc
3066 3079 3280 3132 dicebat.
3308 3079 3568 3134 Dominus
3597 3099 3608 3132 :
3651 3100 3667 3131 ‹
3696 3081 3832 3136 Cum
3867 3081 4005 3136 facis

756 3180 865 3221 uno
895 3184 909 3218 :
957 3176 1008 3220 et
1038 3166 1233 3220 semini
1267 3176 1388 3233 tuo;
1421 3168 1566 3236 quod
1594 3178 1677 3222 est
1712 3169 1966 3225 Christus
1982 3170 2046 3222 ".
2073 3189 2092 3220 ι
2134 3171 2197 3224 Et
2230 3172 2329 3225 ite-
2355 3183 2399 3240 ε
2435 3169 2740 3237 prandium,
2778 3168 2863 3221 vel
2902 3183 3137 3233 cumam,
3183 3171 3291 3224 noli
3337 3186 3528 3224 vocare
3573 3173 3786 3235 divites,
3823 3189 4004 3243 neque

753 3273 874 3310 rum
909 3258 1245 3311 conﬁrmans
1274 3273 1393 3327 quae
1420 3258 1563 3312 dicta
1595 3271 1741 3324 sunt,
1773 3261 1848 3317 ait
1874 3275 1889 3314 :
1921 3281 1938 3312 ι
1963 3262 2327 3326 Quemadmo-

753 3350 880 3402 dum
910 3349 1184 3402 Abraham
1218 3350 1448 3403 credidit
1481 3351 1610 3416 Deo,
1640 3365 1694 3406 ct
1719 3353 2034 3421 deputatum
2063 3363 2146 3409 est
2177 3357 2223 3410 ei
2261 3357 2326 3409 ad

746 3440 1036 3509 justitiam.
1083 3439 1434 3511 Cugnoscilis
1474 3456 1639 3512 ergo,
1679 3445 1933 3512 quoniam
1977 3447 2194 3514 quidem
2233 3450 2326 3518 qui

752 3545 817 3584 ex
853 3530 955 3584 fide
993 3543 1141 3599 sunt,
1178 3534 1212 3586 ii
1246 3541 1372 3588 sunt
1403 3533 1494 3587 lilii
1533 3534 1781 3589 Abrabaa‘.
1815 3536 2113 3592 Providens
2143 3549 2324 3593 autem

752 3621 1058 3690 Scriptura,
1103 3627 1228 3692 quia
1258 3640 1324 3678 ex
1359 3626 1463 3679 ﬁde
1485 3625 1749 3693 justiﬁcat
1777 3639 1967 3697 gentes
1997 3629 2158 3696 Deus,
2193 3647 2329 3700 pra:-

751 3714 1020 3765 nuntiavit
1053 3714 1309 3778 Abi-abte,
1341 3717 1467 3782 quia
1509 3718 1900 3774 benedicentur
1943 3721 1997 3773 in
2045 3731 2096 3773 te
2138 3736 2325 3776 omnes

749 3814 961 3872 gentes.
995 3803 1181 3872 itaque
1211 3808 1300 3871 qui
1333 3821 1396 3859 ex
1431 3806 1537 3862 ﬁde
1580 3819 1726 3874 sunt,
1774 3811 2164 3864 benedicentur
2201 3829 2322 3866 cum

747 3893 894 3947 ﬁdeli
927 3895 1282 3948 Abraham".
1311 3917 1329 3948 ι
1371 3896 1461 3951 Sic
1501 3913 1636 3967 ergo
1670 3901 1763 3968 qui
1802 3909 1929 3954 sunt
1963 3916 2026 3954 ex
2062 3901 2186 3967 ﬁde,
2228 3903 2323 3955 be-

746 3983 1068 4062 nedicentur
1089 4000 1208 4038 cum
1237 3985 1376 4039 ﬁdeli
1401 3987 1693 4051 Abraham,
1718 3998 1772 4042 et
1801 3990 1853 4042 hi
1881 3998 2007 4043 sunt
2037 3989 2126 4044 ﬁlii
2153 3993 2326 4047 Abra-

747 4077 893 4129 ham.
949 4075 1281 4146 Repromisit
1331 4089 1510 4132 autem
1557 4080 1697 4134 Deus
1747 4081 2122 4137 htereditatem
2169 4093 2324 4139 terra:

743 4169 974 4223 Abrahae
1008 4179 1062 4224 et
1087 4170 1278 4223 semini
1309 4170 1460 4239 ejus;
1509 4181 1562 4225 et
1607 4187 1782 4241 neque
1819 4173 2116 4239 Abraham,
2151 4190 2324 4243 neque

745 4273 928 4312 semen
961 4260 1098 4326 ejus,
1136 4261 1237 4312 hoc
1267 4269 1371 4320 est,
1405 4259 1495 4326 qui
1525 4272 1590 4311 ex
1627 4260 1732 4314 ﬁde
1758 4259 2153 4327 justiﬁcantur,
2181 4277 2322 4315 nunc

741 4360 960 4402 sumunt
987 4349 1039 4401 in
1071 4364 1135 4402 ea
1164 4349 1534 4402 haereditatem
1565 4364 1580 4402 :
1613 4350 1880 4418 accipient
1909 4361 2090 4405 autem
2125 4367 2241 4406 eam
2268 4354 2318 4407 in

740 4442 1146 4493 resurrectione
1212 4441 1506 4510 justorum.
1579 4441 1747 4495 Verus
1813 4442 1956 4496 enim
2013 4453 2067 4496 et
2132 4443 2320 4499 ﬁrmus

740 4530 883 4585 Deus

739 4626 993 4693 quoniam
1026 4626 1124 4695 ipsi
1158 4627 1560 4681 hmreditabunt
1590 4637 1786 4680 terram
1804 4627 1872 4680 ".
1905 4647 1922 4679 ι

2432 3259 2656 3318 amicos,
2685 3269 2736 3311 ct
2761 3259 2993 3321 vicinos,
3018 3270 3071 3312 et
3091 3269 3374 3329 cognatos,
3410 3277 3475 3316 ne
3508 3263 3606 3331 ipsi
3647 3264 3878 3318 invicem
3903 3280 4002 3321 vo-

2431 3363 2555 3408 cent
2576 3367 2645 3420 te,
2663 3363 2714 3408 et
2741 3353 2833 3406 ﬁat
2853 3355 3143 3409 retributio
3165 3357 3231 3409 ab
3245 3357 3321 3410 eis
3342 3373 3354 3410 :
3379 3359 3469 3412 sed
3491 3374 3621 3412 voca
3644 3359 3887 3424 claudos,
3904 3377 4004 3415 ca:-

2431 3463 2544 3510 cos,
2562 3447 2859 3511 mendicos,
2876 3457 2930 3500 et
2952 3446 3139 3500 beatus
3159 3449 3289 3509 eris,
3308 3449 3556 3513 quoniam
3578 3467 3679 3504 nou
3701 3452 3895 3506 habent
3915 3467 4004 3506 re-

2431 3537 2670 3589 tribuere
2696 3536 2788 3588 tibi
2819 3552 2833 3586 :
2863 3536 3198 3589 retribuetur
3221 3539 3364 3591 enim
3397 3539 3488 3592 tibi
3517 3542 3567 3593 in
3600 3543 4003 3596 resurrectione

2423 3625 2696 3694 justorum
2715 3628 2754 3678 ⁸.
2785 3646 2802 3678 ι
2835 3628 2896 3681 Ει
2944 3627 3139 3682 iterum
3173 3630 3247 3682 ait
3290 3649 3302 3684 :
3345 3650 3362 3680 ι
3387 3629 3703 3700 Quicunque
3735 3634 4004 3688 dimiserit

2423 3735 2609 3789 agros,
2640 3730 2730 3773 aut
2760 3721 2972 3784 domos,
3002 3729 3095 3772 aut
3123 3735 3396 3788 parentes,
3431 3734 3523 3777 aut
3558 3723 3778 3790 fratres,
3810 3737 3902 3779 aut
3930 3727 4000 3780 fi-

2428 3815 2529 3868 lios
2566 3823 2789 3883 propter
2828 3827 2934 3880 me,
2965 3812 3271 3879 centuplum
3310 3816 3535 3883 accipiet
3564 3817 3614 3868 iu
3651 3818 3998 3884 hocszecnlo,

2427 3915 2480 3957 et
2529 3905 2580 3957 iu
2633 3904 2815 3957 futuro
2868 3904 3032 3955 vitam
3078 3912 3333 3956 mternam
3380 3905 3774 3960 hmreditabit’.
3805 3926 3823 3959 ι
3869 3909 4003 3973 Quae

2426 3998 2568 4052 enim
2598 4007 2720 4051 sunt
2749 4000 2799 4052 in
2839 3999 2940 4055 hoc
2971 3999 3171 4054 saeculo
3205 3999 3478 4066 centupla,
3515 4010 3565 4051 et
3591 3999 3813 4066 prandia
3843 4000 4004 4058 exiti,

2425 4089 2536 4143 bita
2570 4091 2923 4158 pauperibus,
2954 4101 3008 4145 et
3033 4107 3201 4146 ccenae
3228 4107 3347 4160 qua:
3370 4090 3700 4145 redduntur?
3725 4089 3849 4146 Haec
3873 4103 4004 4147 sunt

2426 4180 2479 4233 in
2512 4181 2662 4249 regni
2701 4183 3052 4250 temporibus,
3100 4184 3202 4238 hoc
3235 4192 3339 4248 est,
3373 4183 3422 4235 in
3466 4183 3694 4250 septima
3737 4182 3848 4248 die,
3878 4200 4002 4252 quae

2423 4279 2510 4324 est
2541 4271 2902 4336 sanctiﬁcata,
2946 4273 2999 4326 in
3027 4289 3129 4342 qua
3171 4273 3438 4342 requievit
3468 4271 3610 4327 Deus
3644 4273 3712 4326 ab
3741 4277 4000 4328 omnibus

2423 4363 2678 4430 operibus
2703 4379 2823 4432 quae
2852 4363 3004 4429 fecit,
3036 4380 3156 4433 qua:
3185 4376 3266 4420 est
3290 4380 3473 4420 verum
3498 4365 3768 4432 justorum
3788 4366 3998 4421 Sabba-

2427 4460 2560 4518 tum,
2595 4453 2647 4506 in
2679 4469 2784 4522 qtta
2823 4469 2929 4508 non
2973 4455 3174 4510 facient
3200 4470 3358 4510 omne
3395 4465 3670 4511 terrenum
3705 4471 3872 4523 opus;
3901 4460 3998 4511 sed

929 4549 943 4584 :
987 4543 1042 4585 et
1088 4545 1309 4602 propter
1353 4534 1454 4586 hoc
1496 4551 1513 4583 ‹
1539 4533 1725 4588 beatos
1755 4551 1774 4584 ι
1829 4535 2049 4589 dicebat
2083 4552 2104 4586 ‹
2133 4536 2316 4602 mites,
2353 4522 2395 4575 Ῐ)
2422 4541 2757 4607 adiacentem
2819 4543 3093 4598 habebunt
3158 4556 3406 4614 paratam
3477 4559 3714 4599 tueusam
3745 4522 3798 4599 7a
3860 4522 3997 4612 Deo,

2420 4641 2735 4699 pascentem
2767 4650 2864 4689 eos
2888 4636 3069 4705 epulis
3096 4637 3369 4690 omnibus.

811 4721 856 4750 ’°
887 4719 1019 4797 (ian;
1053 4739 1171 4797 aut,
1200 4721 1453 4797 14η15η-
1551 4722 1711 4797 _|l_iid.,
1749 4722 1834 4775 17.
1913 4725 1956 4755 ⁹²
1980 4723 2121 4797 ﬁeri.
2142 4741 2296 4788 xxm.
2333 4727 2393 4781 H
2434 4743 2485 4780 se

2333 4727 2393 4781 Η
2434 4743 2591 4795 seqq.
2667 4729 2713 4761 ”
2737 4729 2873 4785 Gen.
2906 4748 2994 4796 xv,
3027 4732 3114 4786 13.
3190 4732 3234 4763 ’⁸
3266 4731 3394 4785 Luc.
3437 4748 3516 4797 Ill,
3539 4732 3594 4787 8.
3687 4731 3742 4771 "t
3765 4731 3888 4787 Gal.
3921 4751 3996 4795 ιν,

735 4788 827 4842 28.
903 4792 948 4822 ⁹⁶
978 4790 1095 4845 Gal.
1131 4808 1210 4854 Ill,
1247 4793 1331 4847 16.
1413 4794 1453 4824 θτ
1489 4791 1647 4853 lbid.,
1679 4796 1711 4846 6
1745 4808 1898 4863 seqq.
1976 4796 2020 4826 ”
2037 4793 2227 4849 Matth.
2259 4813 2308 4864 ν,
2342 4799 2396 4853 4.
2473 4788 2528 4829 ’θ’
2552 4788 2742 4854 Matth.
2774 4818 2919 4867 xxvi,
2951 4788 3019 4855 2'7
3044 4819 3198 4873 seqq.
3277 4803 3292 4832 ¹
3325 4801 3466 4857 Psal.
3495 4788 3609 4866 cur,
3633 4803 3722 4856 50.
3803 4804 3823 4833 ³
3855 4788 3993 4858 [ους.

735 4874 848 4925 xw,
882 4861 966 4927 12,
1006 4861 1090 4914 15.
1169 4862 1187 4892 ³
1223 4864 1410 4916 Matth.
1446 4880 1557 4926 XIX,
1591 4863 1678 4917 9.9.

739 4957 880 5009 sacri
916 4966 1094 5032 textus
1134 4959 1441 5032 emendavit
1472 4958 1635 5012 Grab.
1679 4974 1774 5026 pro
1803 4959 2061 5028 Africam,
2089 4972 2146 5016 ut
2182 4977 2306 5032 per-

736 5040 924 5095 peram
950 5030 1109 5080 habet
1140 5028 1371 5081 Feuard.

809 5096 922 5164 (3'7)
974 5097 1421 5166 Quadringentaa.
1469 5097 1525 5149 lu
1569 5108 1674 5152 vet.
1704 5099 2028 5154 Feuardent.
2083 5103 2201 5156 cod.
2254 5114 2307 5158 et

737 5165 922 5232 Voss,
967 5169 1339 5235 quadraginta.
1385 5168 1534 5221 llauc
1575 5184 1700 5222 vero
1741 5171 1983 5235 vitiosam
2017 5173 2304 5228 lectionem

739 5234 985 5289 correxit
1024 5236 1251 5289 Feuard.
1291 5255 1357 5290 ex
1405 5239 1573 5292 sacris
1617 5234 1962 5294 coddeXX
2005 5243 2302 5308 seniorum,

738 5320 876 5382 quas
910 5310 1155 5382 sequitur
1183 5317 1390 5382 auctor,
1423 5311 1474 5360 in
1498 5311 1911 5382 quibuslegitur
1939 5329 1950 5364 τ
1979 5313 2307 5382 τετρακόσια

735 5374 1004 5450 δὶἓρᾳχμα
1032 5377 1315 5446 ἀργυρίου,
1349 5390 1458 5430 tum
1488 5374 1649 5432 etiam
1678 5374 1933 5448 Vulgum,
1958 5374 2089 5450 quae
2105 5386 2262 5436 habet
2290 5403 2302 5435 :

734 5447 1140 5516 quadringentos
1170 5449 1324 5500 siclos
1353 5450 1573 5516 argenti.

810 5516 924 5584 (58)
954 5517 1028 5566 Ab
1054 5515 1264 5583 Epiri-on
1282 5517 1392 5585 ﬁlio
1418 5515 1550 5573 Seor
1574 5518 1777 5572 Etlia'o.
1798 5521 1884 5574 Sic
1911 5523 2102 5575 iterum
2127 5537 2193 5576 ex
2221 5539 2305 5576 sa-

736 5587 846 5638 cris
886 5587 1002 5638 cod.
1038 5588 1270 5641 restituit
1295 5587 1548 5652 Fcuard.,
1578 5605 1702 5642 nam
1744 5591 1792 5641 in
1831 5595 1997 5644 veteri
2025 5594 2145 5646 cod.
2181 5608 2301 5646 cum

737 5659 1214 5731 quo_cou_venit_et
1250 5659 1428 5731 Voss,
1463 5659 1656 5731 vitiose
1700 5660 1893 5727 legitur
1919 5662 2027 5731 filio
2068 5661 2300 5731 Uphrwi.

813 5725 926 5797 (59)
970 5723 1168 5778 Videri.
1199 5727 1253 5780 In
1281 5727 1431 5781 editt.
1472 5727 1668 5797 legitur
1703 5723 2031 5785 videre-Sed
2065 5723 2169 5784 tam
2197 5749 2306 5784 ma—

737 5793 992 5871 nifestum
1030 5797 1331 5871 scribarum
1379 5793 1650 5871 erratum,
1702 5815 1863 5852 sensu
1915 5803 1985 5871 ita
2027 5803 2301 5871 exigente,

735 5867 1025 5922 emendate
1048 5882 1153 5922 non
1181 5867 1421 5924 dubitavi
1450 5886 1463 5920 :
1490 5884 1608 5923 cum
1639 5871 1869 5926 maxime
1893 5870 2021 5925 nihil
2050 5867 2302 5941 frc'qucu-

2415 4962 2524 5014 tius
2566 4969 2824 5013 occurrat
2865 4962 2914 5013 in
2952 4960 3107 5014 codd.
3154 4959 3542 5014 vetustissimis
3589 4973 3720 5014 mss.
3761 4974 3928 5027 quam
3975 4984 4004 5016 ε

2412 5048 2510 5100 pro
2538 5032 2574 5093 ἰ,
2604 5032 2680 5082 uti
2715 5041 2912 5083 norunt
2941 5045 3153 5084 omnes.

2487 5102 2599 5170 (40)
2633 5100 2711 5153 Si.
2745 5100 2935 5164 Editt.,
2965 5102 3064 5162 sic;
3104 5100 3196 5154 sed
3237 5109 3484 5168 apertum
3524 5114 3644 5153 esse
3670 5099 3998 5154 scribarum

2415 5170 2660 5240 sphalma
2702 5171 2930 5238 quilibet
2958 5172 3122 5236 videt,
3153 5185 3258 5238 quo
3289 5174 3449 5224 etiam
3481 5171 3532 5221 in
3559 5185 3690 5223 mss.
3716 5170 3851 5223 nihil
3886 5171 3934 5224 fr
3949 5190 4003 5222 e-

2455 5253 2689 5294 UCIIllUS.

2414 5257 2736 5379 qufillliuls’er
2771 5309 3074 5362 Dominum.
3120 5308 3208 5363 Sic
3245 5309 3461 5371 iterum,
3502 5323 3598 5378 pro
3627 5325 3719 5376 per
3748 5309 3987 5377 Domini,

2415 5395 2471 5435 nt
2495 5383 2685 5433 vitiose
2714 5381 2910 5433 habent
2930 5379 3084 5432 editt.
3111 5382 3356 5442 emendo,
3389 5379 3458 5431 ita
3488 5379 3779 5441 manifeste
3804 5393 3994 5450 postu-

2413 5455 2558 5506 lantc
2585 5460 2839 5504 contextu
2871 5451 3136 5505 sermonis
3167 5463 3229 5501 ac
3267 5463 3451 5502 sensu.

2484 5521 2595 5590 (42)
2632 5518 2803 5574 Vos...
2838 5523 2978 5590 estis.
3008 5518 3098 5571 Sic
3122 5521 3296 5573 versio
3328 5520 3529 5582 Italica,
3549 5535 3672 5574 cum
3698 5537 3832 5574 mss.
3859 5524 3989 5589 qni-

2411 5589 2635 5654 husdam
2673 5592 2901 5644 Graio-.3.
2935 5589 3160 5657 Vulgata
3199 5606 3329 5643 vero
3355 5600 3539 5654 nostra
3567 5605 3689 5644 cum
3721 5593 3987 5646 omnibus

2413 5662 2530 5716 aliis
2555 5661 2950 5730 exemplaribus
2979 5659 3185 5730 Graecis
3213 5660 3392 5725 habet,
3419 5675 3580 5714 nos...
3609 5676 3811 5730 sanius.

2482 5734 2593 5802 (45)
2625 5725 2963 5801 Eﬁundetnr.
3003 5729 3093 5784 Sic
3140 5729 3335 5802 iterum
3368 5729 3588 5802 _ve_rsio_
3616 5725 3802 5780 Italica
3853 5740 3986 5802 curn

2414 5796 2882 5877 Vlilgn'lal—l'OSll'am;
2913 5811 2963 5877 ct
2985 5803 3066 5877 sic
3090 5801 3251 5854 etiam
3281 5799 3404 5867 legit
3431 5797 3735 5877 Cyprianus
3767 5812 3864 5877 cp...
3890 5796 3989 5861 63‘,

2407 5880 2471 5931 ad
2503 5867 2797 5930 Caecilium.
2833 5873 2934 5928 Sed
2975 5873 3193 5927 Grmcus
3238 5881 3417 5924 textus
3442 5877 3619 5930 sonat,
3660 5867 3986 5935 e/j‘nntlitur.
