4238 6316
266 419 404 475 1213

1432 422 1710 481 CONTRA
1755 415 2099 476 HEBESES
2124 414 2279 471 LIB.
2302 412 2367 470 γ.

3369 398 3503 455 iiii

338 534 393 589 5.
422 535 902 603 Quemadmodum
948 547 1003 594 et
1043 536 1212 592 lsaac-
1239 539 1480 593 continet
1513 538 1836 601 benedictio,
1867 541 1914 600 Α
1940 549 2060 589 cem
2081 530 2254 586 millia
2277 529 2552 599 spicarum
2566 530 2975 595 generaturum,
2999 526 3054 572 et
3075 525 3510 581 unamquamque

273 642 379 697 qua
399 628 679 683 benedixit
696 628 864 684 tilium
892 630 1153 685 minorem
1175 628 1380 685 Jacob‘:
1406 628 1604 692 «Ecce,
1633 630 1837 695 dicens,

274 722 408 775 odor
432 720 527 773 lilii
555 720 689 785 mei,
710 722 871 790 quasi
894 722 1029 778 odor
1050 722 1166 793 agri
1190 718 1357 792 pleni,
1380 736 1540 792 quem
1565 721 1842 777 benedixit

273 810 418 867 Deus
434 811 478 865 δ.
525 812 668 881 Ager
708 812 889 867 autem
932 812 1168 867 mundus
1196 800 1360 877 Iest';
1395 831 1414 865 ι
1463 821 1519 866 et
1560 822 1838 881 propterea

272 903 487 957 addidit
515 920 529 955 :
569 921 587 954 ι
619 901 719 957 Det
757 896 1026 960 tibi-Deus
1057 905 1124 959 de
1152 917 1278 957 rore
1308 903 1457 968 εαξη,
1486 913 1541 957 et
1582 918 1610 957 a
1646 902 1837 957 fertili-

272 1001 389 1050 tate
419 1005 606 1059 terrae,
631 994 1037 1049 multitudinem
1074 995 1238 1049 triciti
1262 1004 1317 1050 et
1344 994 1473 1049 vini.
1506 993 1570 1049 Et
1600 994 1842 1049 serviant

274 1084 371 1139 tibi
408 1093 621 1153 gentes,
659 1095 715 1139 et
755 1080 1132 1155 adoreum“)
1182 1093 1234 1139 te
1282 1085 1579 1154 principes,
1626 1094 1683 1139 et
1723 1093 1841 1137 esto

274 1175 531 1229 dominus
564 1174 754 1228 fratris
783 1175 880 1241 tui,
912 1182 967 1231 et
994 1174 1315 1229 adorabunr
1332 1182 1384 1228 te
1410 1173 1511 1227 lilii
1534 1171 1705 1243 'patris
1738 1172 1836 1226 tui.

271 1262 374 1329 Qui
411 1263 705 1319 maledicet
732 1273 803 1328 te,
843 1264 1163 1328 maiedictus
1184 1265 1403 1330 erit;et
1438 1265 1531 1332 qui
1562 1263 1840 1319 benedicet

270 1361 348 1414 te,
377 1353 695 1409 benedictus
726 1354 891 1409 erit‘.
926 1372 945 1406 ι
979 1352 1109 1409 Haec
1142 1369 1275 1424 ergo
1304 1353 1349 1408 si
1393 1368 1498 1407 non
1532 1352 1655 1423 quis
1694 1353 1841 1407 acci-

268 1444 384 1511 piat
407 1445 474 1497 ad
492 1440 761 1513 prteiinita
788 1445 963 1514 regni,
989 1447 1042 1499 iu
1070 1446 1327 1515 grandem
1351 1445 1838 1500 contradictionem

268 1542 323 1590 et
348 1534 793 1588 contrarietatem
831 1534 1055 1599 incidet,
1081 1535 1537 1604 quemadmodum
1565 1531 1732 1588 Judaei
1760 1536 1840 1589 iu-

267 1625 519 1680 cidentes
546 1624 658 1696 (45)
682 1624 735 1677 in
766 1627 918 1680 omni
941 1626 1128 1696 aporia
1154 1628 1583 1683 constituuntur.
1609 1624 1723 1680 Non
1752 1642 1840 1681 so.

266 1716 379 1770 lum
421 1717 566 1771 enim
608 1717 660 1771 in
704 1717 809 1772 hac
852 1719 963 1773 vita
1004 1718 1128 1773 huic
1168 1718 1334 1775 Iacob
1383 1735 1489 1774 non
1537 1722 1843 1775 servierunt

266 1816 489 1876 gentes;
520 1809 613 1862 sed
652 1820 705 1863 et
751 1820 871 1878 post
913 1812 1346 1867 benedictionem
1387 1815 1502 1883 ipse
1544 1817 1838 1883 profectus,

266 1901 493 1954 servivit
520 1901 784 1956 avunculo
816 1916 915 1955 suo
944 1901 1131 1955 Laban
1168 1902 1310 1973 Syro
1349 1919 1523 1960 annos
1564 1906 1787 1977 viginti'
1819 1925 1833 1961 :
1872 1897 1911 1951 Β

1026 1901 1131 1955 ban
1168 1902 1310 1973 Syro
1349 1919 1523 1960 annos
1564 1906 1787 1977 viginti'
1819 1925 1833 1961 :
1872 1897 1911 1951 Β
1941 1903 2089 1974 αὐτῷ
2129 1902 2285 1954 πέντε
2307 1896 2487 1969 βιϐλία
2512 1910 2695 1947 συντε-

264 2001 455 2045 etnon
491 2001 695 2045 tantum
738 2006 845 2046 non
883 2002 965 2047 est
1010 1992 1186 2048 lactus
1226 1994 1486 2050 Dominus
1514 1995 1699 2050 fratris
1730 1997 1834 2060 sui,

265 2084 360 2137 sed
388 2093 441 2136 et
466 2083 583 2149 ipse
611 2082 749 2137 ESau
777 2086 1025 2138 adoravit
1050 2086 1273 2139 fratrem
1302 2102 1478 2153 suum,
1505 2088 1723 2158 quando
1755 2103 1839 2144 re—

262 2187 459 2227 versus
504 2183 590 2227 est
632 2189 661 2226 a
706 2172 1095 2242 Me50p0tamia
1132 2176 1197 2228 ad
1243 2186 1475 2245 patrem,
1516 2187 1573 2231 et
1612 2192 1834 2232 munera

265 2267 433 2318 multa
474 2265 670 2320 obtulit
696 2266 745 2320 ei
766 2265 808 2317 ⁸.
840 2266 1239 2321 Multitudinem
1273 2278 1452 2323 autem
1480 2269 1640 2341 333
1672 2272 1836 2327 tritici

263 2363 317 2409 et
349 2356 457 2409 vini
484 2358 754 2425 quomodo
779 2357 1117 2412 baereditavit
1142 2360 1249 2424 hic,
1271 2361 1365 2428 qui
1394 2370 1615 2430 propter
1639 2362 1837 2418 famem

262 2450 467 2503 factam
515 2450 567 2504 in
618 2458 785 2513 terra,
839 2450 894 2504 in
940 2466 1045 2519 qua
1089 2453 1393 2517 habitabat,
1444 2454 1497 2508 in
1544 2452 1836 2524 Egyptum

262 2540 699 2611 transmigravit,
725 2542 1009 2610 subjectus
1032 2542 1327 2611 Pharaoni,
1366 2546 1456 2613 qui
1491 2553 1618 2601 tunc
1646 2562 1839 2614 regna-

260 2632 357 2684 bat
384 2633 439 2684 in
464 2630 698 2702 Egypto
715 2633 774 2686 ’ἲ
799 2631 1061 2689 Praedicta
1089 2635 1270 2704 itaque
1290 2635 1598 2690 benedictio
1620 2637 1685 2690 ad
1711 2652 1839 2691 ῑθιιι-

263 2738 401 2792 pora
434 2726 583 2792 regni
611 2725 730 2779 sine
761 2726 1195 2781 contradimione
1222 2730 1479 2796 pertinet,
1512 2730 1729 2797 quando
1756 2746 1840 2785 re-

262 2816 512 2885 gnabuut
556 2816 687 2882 justi
754 2830 1039 2887 surgentes
1089 2833 1118 2870 a
1177 2820 1438 2884 mortuis;
1507 2820 1725 2887 quando
1785 2832 1838 2876 et

260 2917 513 2960 creatura
540 2917 820 2972 renovata,
856 2918 910 2963 et
935 2908 1183 2973 liberata,
1218 2908 1614 2962 multitudinem
1650 2909 1838 2963 fructi-

265 2999 450 3053 ficabit
488 3000 754 3055 universae
782 3014 939 3065 escae,
974 3016 1037 3056 ex
1069 3016 1190 3056 rore
1223 3000 1335 3071 (46)
1365 3002 1510 3065 caeli,
1542 3011 1599 3057 et
1628 3016 1691 3056 ex
1731 3004 1839 3057 ler-

263 3091 461 3144 tilitate
493 3102 685 3158 terrae;
719 3093 1174 3161 quemadmodum
1215 3093 1525 3163 presbyteri
1572 3093 1838 3148 memine-

260 3194 418 3246 runt,
466 3184 556 3252 qui
608 3183 872 3239 Joannem
924 3185 1245 3253 discipulmn
1299 3184 1837 3250 Domini-viderunt,

261 3270 484 3326 audisse
507 3288 565 3327 se
589 3274 656 3327 ab
686 3289 771 3338 eo,
800 3275 1258 3343 quemadmodum
1288 3277 1352 3329 de
1377 3278 1706 3343 temporibus
1737 3275 1839 3329 illis

262 3365 497 3418 docebat
536 3366 814 3430 Dominus,
850 3374 904 3420 et
938 3365 1154 3420 dicebat
1183 3383 1197 3419 :
1238 3384 1256 3418 ι
1282 3366 1514 3421 Venient
1548 3367 1663 3421 dies
1699 3366 1835 3438 (47),

262 3456 318 3509 in
362 3457 558 3524 quibus
591 3458 763 3512 vincte
805 3468 1118 3523 nascentur,
1155 3458 1380 3529 singulae
1431 3460 1619 3513 decem
1672 3460 1836 3513 millia

262 3547 547 3617 palmitum
739 3549 1026 3612 habentes,
1078 3558 1134 3603 et
1174 3549 1227 3602 in
1280 3564 1385 3603 una
1430 3550 1652 3615 palmite
1697 3550 1834 3603 dena

263 3657 315 3692 ιιι
346 3641 435 3693 Ilia
483 3642 850 3710 brachiorum,
898 3650 953 3696 et
1002 3641 1055 3696 in
1103 3656 1211 3695 uno
1257 3656 1386 3695 vero
1429 3640 1650 3710 palmite
1699 3643 1833 3696 dena

262 3731 435 3784 millia
474 3732 831 3799 ﬂagellorum,
867 3742 925 3796 et
962 3734 1017 3786 in
1064 3746 1388 3801 unoquoque
1434 3730 1646 3801 ﬂagello
1696 3732 1830 3786 dena

262 3822 433 3875 millia
471 3822 742 3885 botruum,
773 3832 828 3877 et
856 3824 909 3877 in
946 3828 1276 3893 unoquoque
1308 3822 1468 3877 botro
1496 3825 1631 3878 dena
1664 3825 1833 3879 millia

263 3916 571 3975 acinorum,
606 3922 659 3967 et
692 3916 1116 3984 unumquodque
1144 3915 1359 3969 acinum
1393 3929 1712 3982 expressum
1741 3919 1835 3968 da-

260 4006 346 4060 bit
380 4006 565 4075 viginti
616 4006 854 4074 quinque
895 4016 1152 4062 metretas
1197 4005 1328 4060 vini.
1377 4007 1442 4060 Et
1479 4020 1599 4060 cum
1645 4020 1832 4060 eorum

261 4098 681 4165 apprehenderit
718 4099 915 4166 aliquis
950 4108 1259 4153 sanctorum
1292 4098 1529 4160 botrum,
1562 4096 1700 4150 alius
1722 4096 1835 4149 cla-

261 4190 433 4242 mabit
469 4208 483 4245 :
521 4188 716 4244 Botrus
745 4205 845 4260 ego
876 4190 1069 4245 melior
1095 4205 1239 4255 sum,
1277 4204 1361 4241 me
1403 4204 1577 4250 sumc,
1615 4204 1709 4255 per
1744 4203 1830 4241 me

266 4282 556 4335 Donninum
593 4283 838 4335 benedic.
866 4301 884 4334 ι
916 4280 1181 4335 Similiter
1204 4290 1257 4334 et
1291 4294 1518 4349 granum
1546 4280 1710 4333 tritici
1736 4280 1830 4334 de.

900 4414 920 4445 '
951 4413 1136 4467 Matth.
1170 4430 1285 4475 XIII,
1315 4413 1401 4467 '58.
1482 4413 1503 4443 ‘
1532 4413 1668 4468 Gen.
1692 4428 1787 4466 xxv

900 4500 925 4536 a
952 4500 1027 4537 χι.
1058 4486 1089 4537 6
1119 4498 1271 4537 seno.
1351 4485 1390 4513 ¹¹
1427 4483 1528 4537 lsa.
1570 4496 1690 4537 ων.
1716 4483 1787 4537 25

1450 4498 1528 4537 sa.
1570 4498 1690 4547 ων,
1716 4498 1813 4538 zz).

335 4418 355 4445 ⁸
383 4414 517 4469 Gen.
541 4430 712 4479 xxv",
730 4414 819 4467 ‘27.

262 4501 413 4547 XLVI,
450 4485 474 4537 1
512 4500 666 4553 seqq.
767 4485 808 4515 "
845 4481 925 4536 Isa
952 4500 1027 4548 χι,
1058 4486 1089 4537 6
1119 4498 1271 4551 seqq.

339 4597 451 4673 (ιι)
486 4601 738 4673 1ddotfent.
768 4601 949 4673 voss,
990 4602 1309 4652 adorabunt.

261 4665 451 4798 6.9:)
480 4668 793 4725 Incidenles.
826 4670 974 4724 lianc
992 4684 1175 4723 vocem
1205 4683 1271 4722 ex
1298 4667 1424 4723 cod.
1447 4665 1605 4723 Voss.
1634 4666 1839 4723 addidit

318 4759 434 4794 rao.

340 4810 450 4879 (46)
492 4808 576 4863 Ea:
604 4826 737 4863 rore.
761 4809 850 4861 Sic
873 4808 1030 4862 Voss.
1061 4817 1114 4861 et
1138 4805 1301 4861 Grab.
1334 4806 1387 4860 In
1414 4807 1650 4861 Feuard.
1673 4809 1836 4871 male,

259 4895 310 4937 ει
351 4898 485 4935 rore.

340 4951 451 5017 (47)
506 4948 718 5002 Veniant
746 4949 877 5010 dies,
904 4956 1008 5002 etc.
1043 4946 1166 4999 lltec
1192 4945 1643 5017 Papias,_lrcn:eo
1674 4956 1832 5009 teste,

262 5014 443 5075 refert
476 5022 526 5072 in
557 5029 753 5087 quarto
780 5019 916 5087 libro
945 5018 1155 5084 Δογίων
1178 5014 1468 5087 Κυριακῶν
1502 5016 1836 5086 ἐξηγήσεως.

262 5089 348 5145 De
373 5090 807 5156 interpretatione
835 5086 1235 5141 Dominirorum
1270 5086 1630 5139 uraculorum.
1667 5089 1838 5139 Acce-

262 5162 349 5229 pit
377 5174 505 5212 vero
533 5160 708 5229 Vt-liex
736 5157 1058 5229 quibusdam
1092 5157 1527 5229 apocrypliorum
1579 5157 1832 5221 somniis,

264 5225 577 5295 spumisque
609 5227 936 5295 Evangeltis,
972 5226 1051 5275 vel
1097 5241 1162 5295 es
1192 5225 1396 5291 spuriis
1426 5226 1832 5278 traditionibus.

265 5293 429 5360 Nam,
461 5293 515 5351 ut
556 5300 627 5351 ait
660 5293 855 5350 Euseb.
890 5296 982 5348 lib.
1013 5311 1071 5347 ιιι
1106 5294 1270 5354 Ηὶςι..
1310 5310 1429 5361 cap.
1482 5297 1601 5360 ult.,
1645 5293 1835 5361 Papias

266 5372 425 5439 plura
470 5370 623 5421 nuda:
658 5368 793 5439 vocis
825 5366 1106 5439 traditione
1128 5369 1216 5439 Δαα
1253 5380 1306 5417 se
1354 5367 1647 5439 pervenisse
1675 5376 1837 5416 testa-

262 5433 379 5499 tur,
411 5454 569 5491 nouas
600 5436 858 5505 quasdam
886 5436 1090 5505 scilicet»
1118 5433 1417 5487 Servatoris
1459 5433 1742 5499 parabolas
1772 5451 1834 5486 ac

263 5501 694 5577 prredication'es,
714 5506 919 5577 aliaque
944 5503 1138 5577 fabulis
1160 5507 1522 5577 propiora.....
1550 5501 1675 5555 Fuit
1698 5504 1833 5556 enim

266 5573 519 5630 Mediocri
547 5575 832 5627 admodum
858 5574 1069 5641 ingenio
1098 5573 1374 5638 pricditus,
1420 5584 1473 5623 ut
1514 5589 1577 5625 ea:
1623 5576 1831 5639 scriptis

264 5648 417 5700 illius
468 5645 726 5714 conjicere
776 5644 1223 5714 licet;plerisqite
1271 5651 1610 5714 tanten_post
1664 5643 1831 5708 ipsum

264 5711 639 5769 ccclesiasttcfs
670 5713 1013 5781 scriptoribus
1044 5712 1275 5777 ejusdem
1309 5711 1500 5762 errdris
1533 5719 1830 5780 (terrenum

264 5798 324 5840 ct
351 5787 648 5853 temporale
678 5794 800 5850 post
843 5783 1301 5835 resurrectionem
1356 5781 1472 5831 l'm-c
1515 5782 1716 5833 Christi
1754 5796 1833 5833 rc-

265 5852 478 5935 gnum),
510 5856 833 5909 occasionem
873 5853 1113 5918 pra’bnit,
1155 5852 1377 5903 hominis
1419 5862 1669 5903 rctastatc
1715 5867 1831 5905 scn-

1482 4413 1503 4443 ⁶
1532 4412 1668 4468 Gen.
1692 4428 1857 4483 XXVII,
1882 4417 1971 4483 28,
2002 4418 2090 4473 29.
2168 4419 2186 4447 ⁷
2218 4412 2355 4468 Gen.
2387 4424 2540 4476 snt,
2570 4407 2658 4461 Η.

1946 622 2151 692 Spicant
2190 617 2521 674 habituram
2580 614 2768 668 decem
2834 607 3002 663 millia
3068 616 3391 676 granorum,
3430 609 3509 661 ,et

1946 691 2366 783 unumquodque
2385 722 2614 777 granum
2637 705 2875 773 quinque
2896 700 3119 755 bilibres
3140 694 3329 749 similae
3350 691 3510 749 clam

1947 781 2191 868 mundae;
2220 812 2275 858 et
2299 800 2509 868 reliqua
2541 804 2721 850 autem
2755 807 2937 861 poma,
2966 800 3022 845 et
3048 787 3281 848 semina,
3304 792 3357 836 et
3383 781 3511 844 her-

1944 898 2074 958 ham
2096 893 2397 951 secundum
2420 888 2834 961 congruentiam
2867 886 2935 938 iis
2962 887 3381 948 eonsequeutcm
3412 892 3427 929 :
3455 882 3510 926 ct

1945 985 2127 1038 omnia
2156 981 2411 1037 animalia
2442 980 2511 1035 iis
2540 977 2691 1035 cibis
2713 974 2943 1036 utentia,
2978 986 3098 1039 quae
3133 983 3167 1021 a
3189 976 3334 1023 terra
3368 962 3512 1016 acci-

1946 1075 2192 1145 piuntur,
2219 1070 2444 1143 pacilica
2478 1080 2532 1124 et
2562 1076 2926 1123 consentanea
2961 1063 3189 1117 invicem
3226 1056 3366 1119 ﬂeri,
3390 1053 3512 1108 sub-

1939 1168 2081 1238 jecta
2107 1163 2424 1220 hominibus
2464 1176 2585 1215 cum
2618 1158 2767 1213 omni
2798 1152 3157 1222 subjecﬁone.

2016 1257 2071 1311 4.
2104 1254 2287 1309 Ταῦτα
2328 1252 2386 1305 δὲ
2446 1251 2540 1305 καὶ
2583 1250 2694 1302 Πα-
2830 1245 2888 1301 4.
2916 1244 3041 1298 Haec
3084 1249 3263 1294 autem
3306 1245 3363 1289 et
3399 1231 3509 1289 Pa-

1945 1352 2075 1415 πίας
2122 1350 2234 1417 (49)
2295 1346 2539 1401 Ἰωάννου
2598 1343 2694 1412 μὲν
2768 1339 2883 1410 pias
2902 1335 3127 1392 Joannis
3148 1325 3511 1391 auditor,|’o-

1944 1443 2231 1513 ἀκουστὴς,
2261 1438 2617 1508 Πολυκάρπου
2640 1434 2696 1487 δὲ
2768 1429 2969 1501 lycarpi
3004 1433 3186 1481 autem
3216 1420 3510 1476 contuber-

1945 1537 2159 1605 ἑταῖρος
2180 1528 2440 1601 γεγονὼς,
2474 1528 2695 1603 ἀρχαῖος
2769 1521 2927 1585 nalis,
2975 1527 3135 1571 vetus
3182 1514 3365 1577 homo,
3419 1522 3513 1577 per

1944 1601 2103 1697 ἀνὴρ,
2134 1624 2423 1695 ἐγγράφως
2458 1602 2695 1689 ἐπιμαρ-
2765 1612 3090 1681 scripturam
3140 1601 3509 1660 testimonium

1946 1722 2097 1790 τυρεί
2126 1720 2181 1770 ἐν
2234 1718 2301 1787 τῇ
2333 1714 2566 1784 τετάρτῃ
2588 1709 2703 1763 τῶν
2766 1703 3011 1774 perhibet
3039 1698 3177 1770 (50),
3213 1697 3267 1751 in
3317 1700 3510 1763 quarto

1947 1810 2110 1865 αὑτοῦ
2153 1808 2389 1880 βιϐλίων·
2427 1804 2541 1856 εστι
2587 1800 2699 1873 γὰρ
2768 1797 3028 1851 librorum
3071 1803 3292 1845 suorum
3333 1803 3347 1839 :
3388 1792 3515 1839 sunt

2765 1889 2908 1944 enim
2957 1884 3033 1938 illi
3089 1881 3332 1951 quinque
3388 1875 3511 1930 libri

1945 2012 2049 2063 ταγ
2057 1994 2209 2065 μένα.
2765 1975 3060 2048 conscripti
3070 2015 3083 2029 .

1942 2062 2274 2153 Etradiecit.
2334 2082 2523 2135 dicens
2556 2096 2569 2132 :
2602 2074 2773 2131 illaec
2814 2079 2998 2127 autem
3041 2062 3325 2122 credibilia
3382 2068 3514 2114 sunt

1942 2175 2360 2231 credentibus.»
2390 2173 2457 2227 Et
2485 2193 2502 2223 ι
2522 2170 2684 2231 Iuda.
2712 2157 2907 2236 inquit,
2942 2162 3221 2235 proditore
3249 2172 3360 2213 non
3391 2171 3514 2211 cre-

1944 2270 2122 2332 dente,
2162 2277 2216 2320 et
2264 2266 2634 2330 interrogante
2660 2278 2673 2313 :
2699 2256 2982 2325 Quomodo
3014 2268 3144 2322 ergo
3178 2250 3312 2305 tales
3358 2247 3512 2317 geni-

1944 2368 2081 2413 tura:
2131 2372 2159 2409 a
2204 2355 2434 2409 Domino
2454 2347 2901 2423 perﬁciantur?»
2939 2332 3143 2400 dixisse
3176 2341 3509 2395 Dominum:

1949 2467 1969 2501 ι
2003 2448 2272 2503 Videbunt
2302 2448 2393 2514 qui
2412 2445 2651 2498 venient
2679 2442 2735 2493 in
2765 2439 2879 2495 illa.
2900 2456 2922 2490 ο
2955 2435 3079 2491 Haec
3106 2448 3239 2503 ergo
3268 2442 3511 2499 tempora

1944 2540 2272 2609 prophetans
2306 2535 2477 2590 Isaias
2507 2536 2584 2587 ait
2610 2550 2626 2586 :
2655 2551 2674 2583 ι
2696 2531 2763 2586 Et
2793 2536 3174 2597 compascetur
3203 2524 3358 2591 lupus
3386 2537 3510 2574 cum

1942 2646 2103 2701 agno,
2143 2628 2439 2698 et‘pardus
2465 2624 2821 2693 conquiescet
2834 2634 2971 2675 tcum
3006 2618 3188 2675 haado.
3210 2623 3263 2667 et
3292 2614 3510 2677 vitulus,

1944 2700 1997 2779 et
2028 2733 2237 2785 taurus,
2272 2729 2328 2776 et
2355 2720 2437 2774 leo
2466 2718 2632 2781 simul
2675 2717 2994 2784 pascentur,
3026 2719 3080 2764 et
3110 2722 3246 2777 puer
3285 2700 3511 2774 pusillus

1945 2818 2106 2871 ducet
2132 2828 2245 2868 eos.
2277 2812 2489 2872 Erbos,
2518 2818 2573 2863 et
2600 2821 2763 2861 ursus
2803 2804 2962 2859 simul
3004 2806 3317 2871 pascentur,
3347 2806 3402 2848 ct
3434 2795 3511 2849 si-

1946 2908 2054 2963 mul
2083 2906 2317 2963 infantes
2335 2893 2530 2962 eorum
2558 2909 2761 2961 erunt;
2792 2904 2843 2951 et
2870 2894 2978 2958 leo,
3007 2902 3061 2947 et
3090 2892 3185 2945 bos
3213 2889 3510 2942 manduca-

1943 3003 2080 3056 bunt
2109 2998 2313 3068 paleas.
2350 2996 2413 3049 Et
2454 3008 2592 3062 puer
2618 2991 2801 3047 infans
2833 2988 2886 3041 in
2918 2997 3209 3039 cavernam
3239 2979 3511 3049 aspidum,

1943 3102 1998 3147 et
2032 3094 2085 3144 in
2116 3089 2297 3144 cubile
2323 3087 2555 3141 filiorum
2579 3081 2827 3148 aspidum
2850 3090 3068 3131 manum
3099 3074 3300 3133 mittet,
3329 3080 3511 3123 etnon

1946 3184 2087 3240 male
2146 3182 2369 3245 facient,
2420 3190 2521 3232 nec
2574 3181 2825 3243 poterunt
2875 3168 3107 3239 perdere
3161 3165 3401 3229 aliquem
3446 3160 3509 3213 in

1866 3242 1913 3304 ο
1946 3286 2136 3333 mante
2166 3242 2362 3327 sancto
2393 3242 2626 3324 meo“.s
2670 3264 2735 3318 Et
2782 3264 2975 3317 iterum
3005 3256 3369 3325 recapitulans
3398 3253 3512 3306 ait:

1951 3389 1969 3420 ι
1995 3369 2146 3423 Tunc
2179 3365 2291 3434 lupi
2324 3370 2379 3418 et
2420 3360 2543 3430 agni
2578 3363 2875 3427 pascentur
2909 3349 3094 3412 simul,
3140 3355 3192 3401 ct
3241 3344 3323 3399 leo
3355 3342 3513 3411 quasi

1944 3461 2045 3515 bos
2084 3464 2333 3512 vescetur
2374 3451 2571 3522 paleis.
2612 3459 2837 3515 serpens
2880 3451 3063 3498 autem
3106 3448 3305 3493 terram
3352 3435 3511 3506 quasi

1944 3565 2172 3621 panem;
2199 3556 2253 3601 et
2282 3558 2388 3599 non
2426 3542 2722 3602 nocebunt,
2750 3548 2923 3603 neque
2952 3532 3226 3586 vexabunt
3254 3530 3306 3583 in
3329 3538 3513 3582 monte

1942 3653 2133 3705 sancto
2160 3653 2303 3700 meo,
2334 3635 2468 3688 dicit
2501 3627 2837 3685 Dominus“.
2868 3644 2886 3677 ι
2944 3623 3057 3678 Non
3089 3625 3278 3694 ignoro
3306 3628 3508 3684 autem,

1940 3733 2195 3803 quoniam
2228 3729 2447 3798 quidam
2479 3728 2594 3779 lucc
2634 3725 2687 3777 in
2727 3724 2873 3777 feros
2902 3721 3041 3790 (5i),
3073 3726 3126 3768 et
3156 3730 3218 3768 ex
3271 3712 3510 3767 diversis

1941 3825 2190 3897 gentibus
2218 3830 2273 3875 et
2300 3818 2472 3873 variis
2503 3815 2760 3885 operibus
2798 3812 3111 3869 credentes,
3140 3816 3196 3859 et
3228 3818 3350 3857 cum
3383 3815 3505 3855 cre-

1942 3892 2180 3973 diderint
2234 3910 2643 3965 consentientes
2686 3905 2872 3972 iustis,
2921 3908 3131 3955 tentent
3187 3892 3505 3949 transferre.

1943 4008 2049 4062 Sed
2078 4006 2179 4059 etsi
2210 4016 2354 4057 nunc
2392 4002 2493 4054 hoc
2521 4000 2595 4050 sit
2629 3998 2681 4049 in
2721 3993 3045 4063 quibusdam
3080 3986 3414 4045 hominibus,
3441 3997 3510 4037 ex

1939 4097 2111 4151 variis
2144 4092 2398 4165 gentibus
2427 4091 2481 4143 in
2512 4101 2675 4141 unam
2703 4084 3035 4141 sententiam
3088 4079 3212 4133 lidei
3245 4075 3509 4130 venienti-

1936 4189 2072 4252 bus;
2110 4183 2464 4240 nihilominus
2513 4181 2566 4235 in
2603 4175 3006 4233 resurrectione
3040 4172 3309 4239 iustorum
3347 4180 3509 4234 super

1936 4278 2005 4331 iis
2050 4274 2377 4329 animalibus
2403 4268 2557 4340 (59.),
2612 4262 3071 4336 quemadmodum
3123 4256 3325 4311 dictum
3371 4261 3454 4305 est
3491 4268 3505 4304 :

2741 4402 2918 4458 ‘Gen.
2952 4414 3149 4460 nam,
3183 4398 3237 4451 5.
3312 4395 3333 4424 ⁸
3362 4390 3499 4445 Gcn.

1874 4604 1918 4657 D
1945 4596 2161 4651 tentiam
2217 4606 2369 4645 suam
2420 4586 2732 4657 tuentibus:
2766 4590 2889 4647 puta
2924 4579 3151 4657 Irenaeo,
3194 4584 3247 4627 et
3300 4574 3343 4626 si
3390 4573 3503 4639 quis

1948 4650 2085 4719 alius
2114 4663 2347 4732 ejusdem
2374 4656 2633 4732 opinionis
2662 4654 2840 4732 fautor
2863 4650 3082 4732 exs‘t'itit.

2019 4710 2356 4807 (ihi’b'ecem
2382 4710 2567 4781 inillia
2591 4710 2900 4793 ~ptilmitum.
2946 4717 3126 4772 γοδς..
3174 4714 3306 4765 dena
3337 4710 3504 4764 millia

1944 4809 2239 4874 palmitum.

2018 4873 2126 4944 (49)
2156 4870 2365 4944 -Ταῦτα
2389 4864 2455 4918 δὲ
2480 4866 2576 4944 argi
2600 4862 2849 4944 Πραξίας.
2870 4859 3002 4944 ilice
3030 4852 3377 4944 {tii‘t‘gt'iiiil‘ijltl

1946 4922 2125 4999 libi—lii
2147 4922 2313 5000 liist.,
2339 4952 2457 5006 cap.
2484 4938 2606 4995 ttll.,
2627 4946 2678 4988 et
2703 4922 3031 5006 Nicephorius
3053 4922 3247 5006 li_b.'m,
3272 4939 3391 4989 cap.
3414 4922 3502 4974 ‘20.

2016 4996 2126 5085 (50)
2172 4996 2388 5063 "rem...
2408 4996 2769 5085 testimonium
2800 4996 3054 5085 perhibet.
3081 4996 3508 5085 ll’erpe‘ramver-

1942 5067 2033 5138 tit\
2060 5067 2328 5149 interpres
2360 5094 2372 5128 :
2403 5075 2759 5149 scribenduttt
2791 5067 2911 5123 erat
2946 5068 3051 5130 vel,
3092 5067 3201 5118 ha’c
3242 5070 3505 5123 testatur;

1943 5155 2049 5215 vel,
2084 5150 2177 5204 hoc
2205 5141 2562 5215 ieslimonittm
2592 5141 2845 5215 perhibet.

2015 5201 2234 5291 ibiiin
2266 5218 2426 5285 feros.
2461 5201 2733 5291 Vetﬁc‘od.
2760 5210 3089 5291 Feuardent.
3124 5216 3176 5259 et
3207 5201 3506 5291 Voss.‘_l‘ta-

1944 5271 2325 5354 liciti—inferri“
2357 5298 2454 5354 pro
2483 5297 2590 5349 quo
2617 5280 2846 5354 Fcuard.
2873 5294 2938 5332 ex
2970 5277 3281 5354 conjectura
3314 5271 3502 5333 edidit,

1941 5365 2081 5415 inter
2112 5348 2223 5412 nos.
2272 5348 2377 5410 Sed
2426 5348 2569 5405 nulla
2619 5352 2797 5405 littera
2841 5358 3065 5409 mutata,
3122 5348 3277 5397 unica
3319 5350 3503 5415 autem

1942 5410 2072 5485 voce
2121 5410 2173 5485 in
2213 5426 2346 5479 duas
2377 5424 2573 5485 divisa,
2607 5420 2897 5491 genuinam
2945 5420 3062 5491 sine
3106 5416 3267 5467 dubio
3317 5410 3507 5488 lectio-

1942 5480 2071 5555 inibi
2096 5480 2330 5551 restituit
2369 5492 2533 5547 Grab.
2562 5480 2700 5556 Litpi
2729 5489 2871 5541 enim
2904 5498 2956 5541 et
2981 5488 3153 5537 leones
3185 5498 3251 5556 es
3281 5480 3504 5556 mystica

1942 5549 2404 5636 interpretatione,
2438 5577 2596 5627 quam
2630 5549 2863 5612 l'reuteus
2896 5563 3181 5635 memorat,
3220 5553 3362 5636 feros
3408 5549 3503 5600 de-

1938 5622 2191 5693 ttotalianl
2225 5622 2469 5689 homines
2498 5645 2511 5682 :
2544 5646 2730 5683 eorum
2763 5643 2884 5681 cum
2929 5628 3101 5694 agnis,
3130 5622 3321 5682 vitulis,
3366 5629 3502 5681 etc.,

1950 5707 2253 5768 accubitus,
2286 5701 2701 5759 consensionem
2736 5715 2857 5750 (τιιιιι
2882 5697 3059 5768 justis,
3092 5706 3197 5768 etc.

2015 5779 2125 5847 (5‘2)
2169 5764 2367 5847 Sdpcr_
2398 5772 2461 5824 iis
2518 5768 2856 5847 animalibus.
2884 5764 3076 5847 Supp.
3106 5764 3230 5847 fiet;
3282 5775 3405 5814 nam
3434 5766 3501 5839 ⁸ιιι

1943 5830 2261 5918 [ιςιιιιιιύιιιέ
2287 5844 2444 5898 habet
2475 5860 2485 5893 :
2523 5840 2696 5893 omnia
2737 5830 2997 5890 animalia
3020 5836 3081 5885 its
3119 5836 3242 5888 cibis
3282 5830 3500 5889 utentia,
