4238 6316
752 427 892 483 1215

1487 413 1543 469 S.
1581 411 1836 469 lRENEl
1874 409 2180 467 EPlSCOPl
2213 407 2697 465 LUGDUNENSIS
2731 408 2817 463 ET
2855 407 3208 464 MARTYRIS

3843 407 3976 463 1216

750 533 909 588 Dives
934 532 1080 589 enim
1111 533 1165 587 in
1202 532 1454 587 omnibus
1474 529 1640 586 Deus.
1669 531 1733 586 Et
1756 538 1973 600 oportet
1996 528 2309 586 conditione
2336 531 2383 589 Δ
2412 527 2979 596 quisalvabuntur,ex
3002 526 3269 596 lapidibus
3284 525 3558 581 suscitans
3576 522 3712 578 illius
3725 521 3972 588 Abrabzr,

748 635 1028 688 revocata.
1056 623 1282 679 obedire
1305 631 1360 677 et
1396 619 1637 691 subjecta
1674 637 1797 678 esse
1825 622 2007 677 omnia
2054 620 2309 675 animalia

746 714 973 779 homini,
1002 723 1059 770 et
1100 714 1166 770 ad
1207 715 1436 785 primam
1468 729 1498 766 ι
1531 714 1644 767 Deo
1673 694 1851 768 datam
1891 712 2091 769 reverti
2130 727 2310 769 escam

744 803 1224 879 [quemadmodum
1257 816 1435 861 autem
1459 806 1514 865 in
1539 806 1849 861 obedientia
1880 806 2124 876 subjecta
2152 814 2308 860 erant

740 896 1040 970 Adae(55)].
1104 897 1338 953 frustum
1367 908 1547 954 terrae.
1576 899 1727 955 Alias
1768 909 1948 953 autem
1992 907 2045 953 et
2081 914 2188 955 non
2229 907 2312 953 est

742 1003 888 1046 nunc
921 990 1210 1047 ostendere
1240 990 1452 1049 leonem
1479 992 1652 1063 paleis
1683 993 1847 1047 vesci.
1891 992 2005 1047 Hoc
2030 1000 2209 1046 autem
2236 992 2313 1047 si-

740 1081 1033 1151 gnificabat
1057 1085 1506 1155 magnitudinem,
1530 1094 1584 1139 et
1604 1084 1982 1156 pinguedinem
2009 1083 2303 1140 fructuum.

739 1170 799 1226 Si
832 1173 975 1227 enim
1012 1178 1099 1228 leo
1129 1176 1328 1231 animal
1373 1176 1546 1247 paleis
1592 1178 1865 1242 vescitur,
1918 1177 2079 1247 quale
2128 1177 2305 1248 ipsum

739 1263 983 1318 triticum
1029 1266 1158 1334 erit,
1191 1268 1347 1339 cujus
1389 1267 1544 1340 palea
1587 1270 1654 1323 ad
1687 1284 1872 1325 escam
1920 1285 2159 1340 congrua
2199 1270 2309 1325 erit

738 1354 989 1412 leonum?

1160 1429 1324 1504 θεῶ,
1372 1430 1601 1490 CAPUT
1644 1430 1881 1491 XXXIV.

742 1515 1077 1576 Sententiam
1112 1538 1263 1577 suam
1293 1526 1358 1579 de
1384 1527 1662 1593 temporai'i
1687 1536 1736 1579 et
1768 1536 1972 1580 terreno
1998 1536 2302 1581 sanctorum

813 1605 970 1671 rgno-ir
1026 1609 1067 1671 a_
1103 1594 1486 1671 resurrectione
1518 1596 1721 1671 claudit
1748 1595 2135 1671 uariis__Isai:z,
2170 1596 2304 1651 Eae-

806 1659 1009 1735 chielis,
1032 1660 1297 1735 Ieremia,
1323 1676 1371 1719 et
1402 1664 1642 1719 Danielis
1670 1665 2005 1731 testimoniis,
2032 1659 2185 1735 atque
2208 1684 2307 1735 pa—

809 1730 992 1783 rabam
1024 1731 1367 1805 gigilantium
1394 1750 1693 1805 seruorum,
1725 1738 1915 1805 quibus
1939 1730 1997 1789 se
2026 1730 2302 1791 ministrm

810 1810 987 1854 mrum
1016 1800 1271 1856 Dominus
1293 1803 1593 1871 pollicetur.

810 1889 863 1943 1.
890 1889 1009 1957 lpse
1053 1900 1234 1947 autem
1270 1893 1440 1949 lsaias
1490 1896 1779 1951 manifeste
1818 1899 2165 1954 aununtiavit
2195 1901 2305 1965 tale

737 1979 993 2049 gaudium
1044 1982 1098 2037 in
1147 1986 1550 2042 resurrectione
1586 1987 1856 2055 iustorum
1907 1988 2182 2055 futurum,
2225 1993 2304 2049 sic

735 2074 924 2129 dicens
950 2092 965 2130 :
996 2074 1341 2147 «Resurgent
1371 2080 1597 2146 mortui,
1631 2090 1686 2137 et
1718 2092 1945 2155 surgent
1973 2084 2065 2153 qui
2100 2084 2154 2138 in
2183 2099 2302 2138 mo-

736 2168 1011 2222 numentis
1034 2177 1178 2232 sunt,
1207 2180 1263 2224 et
1290 2170 1621 2227 laitabuntur
1648 2175 1739 2243 qui
1770 2176 1970 2229 suntin
2004 2186 2169 2231 terra.
2193 2175 2304 2233 ﬂos

733 2257 880 2311 enim
916 2260 1062 2328 quia
1091 2270 1165 2326 te,
1198 2263 1411 2319 sanitas
1440 2274 1527 2319 est
1558 2265 1748 2322 εἰμ’.)
1776 2267 1889 2323 Hoc
1920 2267 2061 2323 idem
2086 2280 2134 2322 et
2168 2268 2303 2324 Eze-

733 2349 877 2404 chiel
905 2352 1022 2407 ait:
1055 2352 1233 2408 tEcce
1285 2370 1385 2427 ego
1433 2358 1672 2427 aperiam
1712 2371 2061 2416 monumenta
2097 2370 2300 2425 vestra.

732 2449 789 2495 et
824 2442 1049 2497 educam
1083 2459 1178 2499 vos
1207 2444 1277 2501 de
1306 2450 1674 2504 monumentis
1707 2452 1926 2517 vestris,
1955 2452 2007 2506 in
2036 2467 2143 2522 quo
2172 2455 2305 2508 edu-

733 2548 853 2586 cam
888 2535 953 2589 de
976 2534 1246 2603 sepulcris
1277 2537 1392 2608 (56)
1426 2540 1682 2609 populum
1716 2559 1915 2607 meum,
1942 2553 1997 2600 et
2019 2545 2159 2601 dabo
2190 2548 2304 2615 spi-

734 2623 900 2677 ritum
938 2626 989 2677 in
1028 2626 1207 2689 vobis,
1238 2635 1290 2682 et
1319 2629 1534 2693 vivetis,
1568 2641 1623 2684 et
1650 2646 1845 2702 ponam
1876 2647 1971 2688 vos
2000 2648 2165 2703 super
2195 2644 2304 2689 tero

733 2731 851 2770 ram
879 2728 1143 2783 vestram,
1176 2727 1232 2774 et
1256 2724 1595 2793 cognoscetis
1620 2726 1879 2795 quoniam
1912 2742 2013 2797 ego
2039 2743 2157 2782 sum
2190 2728 2302 2784 Do-

734 2807 918 2863 minus
944 2808 1041 2863 ι’.»
1091 2810 1160 2865 Et
1211 2812 1406 2869 iterum
1463 2815 1605 2870 idem
1662 2818 1741 2872 sic
1797 2818 1871 2872 ait
1902 2836 1917 2873 :
1954 2817 2118 2874 «lites
2168 2820 2304 2875 dicit

733 2903 995 2960 Dominus
1024 2923 1038 2960 :
1067 2905 1328 2974 Colligam
1356 2908 1519 2964 lsrael
1548 2911 1614 2965 ab
1641 2911 1894 2966 omnibus
1914 2912 2186 2981 gentibus,
2211 2915 2301 2970 ubi

734 2996 964 3066 dispersi
1013 3008 1140 3053 sunt
1177 3000 1310 3065 illic,
1347 3009 1403 3055 et
1432 2999 1815 3057 sanetiﬁcabor
1853 3002 1906 3057 in
1952 3003 2031 3055 eis
2069 3003 2121 3058 in
2170 3018 2299 3058 con-

733 3099 919 3158 specm
946 3091 1180 3145 ﬁliorum
1199 3093 1473 3161 gentium;
1502 3101 1557 3148 et
1580 3093 2076 3164 habitabuntsuper
2097 3105 2300 3150 terram

733 3195 909 3243 suam,
935 3195 1096 3249 quam
1128 3182 1252 3236 dedi
1280 3196 1439 3237 servo
1470 3197 1591 3238 meo
1619 3179 1808 3248 Jacob,
1839 3193 1893 3240 et
1918 3184 2302 3240 inliabitahunt

734 3288 898 3342 super
925 3288 1046 3328 eam
1081 3276 1133 3328 in
1162 3288 1281 3343 spe,
1310 3284 1366 3329 et
1397 3274 1743 3332 aediﬁcabant
1768 3278 1984 3343 domos,
2011 3287 2064 3333 et
2088 3278 2302 3347 planta-

732 3361 869 3417 buut
901 3363 1106 3424 vineas,
1140 3368 1194 3415 et
1224 3361 1607 3419 inhabitabant
1634 3366 1686 3419 in
1714 3380 1830 3436 spe,
1863 3368 2079 3436 quando
2106 3368 2300 3422 faciam

729 3454 999 3523 judicium
1030 3456 1081 3509 in
1113 3455 1369 3510 omnibus
1393 3457 1482 3526 qni
1514 3457 1987 3513 inhonoraverunt
2008 3474 2123 3519 eos.
2152 3462 2204 3513 in
2235 3462 2302 3515 iis

736 3546 828 3615 qui
869 3548 919 3600 in
950 3546 1181 3601 circuitu
1209 3554 1334 3601 sunt
1371 3562 1581 3611 eorum,
1610 3557 1659 3603 et
1688 3558 2016 3618 cognoscent
2045 3550 2299 3619 quoniam

734 3656 836 3709 ego
868 3656 986 3693 sum
1024 3640 1282 3695 Dominus
1315 3642 1457 3696 Deus
1486 3642 1726 3710 ipsorum
1757 3643 1891 3713 (55),
1929 3653 1983 3699 et
2019 3643 2163 3698 Deus
2199 3660 2296 3714 pa«

2411 619 2673 675 Jeremias
2696 620 2809 674 ait:
2838 638 2856 671 ι
2878 619 3017 675 Ecce
3046 620 3161 674 dies
3203 617 3447 683 veniunt,
3499 614 3632 671 dicit
3681 614 3969 678 Dominus,

2412 720 2468 765 et
2508 726 2614 766 non
2668 711 2849 767 dicent
2902 712 3116 765 adhuc:
3146 710 3294 764 Vivit
3331 709 3615 772 Dominus,
3653 711 3747 778 qui
3786 707 3974 763 eduxit

2414 787 2551 857 filios
2584 800 2747 858 Israel
2771 802 2887 871 (57)
2922 801 2992 856 ab
3034 800 3322 871 Aquilone,
3354 809 3410 856 et
3450 800 3519 855 ab
3558 800 3708 855 omni
3752 800 3975 870 regione

2413 909 2517 963 quo
2542 894 2750 965 expulsi
2786 894 3034 959 fuerant;
3066 893 3478 949 restituet'illos
3505 892 3560 946 in
3589 902 3787 948 terram
3828 892 3975 961 ipso-

2413 1004 2552 1054 rum,
2588 1002 2753 1058 quam
2779 988 2927 1044 dedit
2950 987 3195 1057 patribus
3227 984 3575 1055 ipsorumi'.)

2479 1081 2533 1139 2.
2551 1080 2817 1149 Quoniam
2836 1092 3093 1135 creatura
3116 1078 3298 1134 omnis
3316 1080 3617 1134 secundum
3635 1077 3970 1134 voluntatem

2410 1175 2476 1230 ad
2503 1175 2895 1230 incrementum
2934 1181 2989 1226 et
3022 1180 3374 1243 augmentum
3407 1172 3535 1235 erit,
3582 1180 3640 1226 ut
3670 1169 3810 1225 tales
3840 1168 3975 1224 aﬂu-

2411 1277 2494 1323 rat
2524 1277 2577 1320 et
2610 1265 2818 1319 nutriat
2857 1262 3092 1329 fructus,
3134 1264 3304 1319 Isaias
3351 1263 3464 1317 ait:
3495 1281 3514 1314 ι
3540 1262 3607 1317 Et
3648 1262 3757 1317 erit
3807 1277 3971 1329 super

2406 1375 2620 1416 omnem
2648 1366 2883 1413 montem
2915 1358 3107 1423 altum,
3129 1368 3185 1413 et
3207 1372 3370 1426 super
3388 1372 3606 1411 omnem
3638 1355 3831 1411 collem
3854 1357 3968 1410 edi-

2410 1462 2520 1507 tum
2551 1466 2688 1521 aqua
2720 1450 3094 1521 pertransiens
3144 1449 3197 1502 in
3252 1449 3337 1503 die
3368 1446 3483 1513 illa,
3513 1446 3729 1517 quando
3758 1448 3971 1516 perieut

2406 1542 2580 1608 multi,
2613 1541 2833 1611 quando
2860 1540 3149 1597 concident
3193 1539 3356 1593 muri.
3386 1538 3453 1593 Et
3485 1537 3590 1592 erit
3616 1536 3800 1593 lumen
3830 1537 3969 1591 lunae

2407 1635 2559 1703 quasi
2585 1631 2770 1687 lumen
2795 1631 2924 1687 solis
2948 1628 3087 1702 (58),
3118 1627 3424 1699 septuplum
3455 1627 3589 1694 diei,
3631 1625 3848 1696 quando
3876 1642 3969 1680 sa-

2403 1721 2557 1778 nabit
2586 1722 2968 1777 contritiouem
3016 1720 3195 1790 populi
3244 1718 3352 1783 sui,
3406 1726 3460 1772 et
3505 1717 3749 1773 dolorem
3798 1716 3971 1787 plagae

2406 1829 2515 1869 suae
2528 1813 2816 1870 sanabit“.
2832 1831 2850 1865 ι
2875 1813 3037 1869 Doior
3052 1821 3232 1866 autem
3250 1811 3419 1881 plagae
3434 1818 3535 1869 est,
3555 1824 3653 1879 per
3671 1824 3835 1877 quam
3854 1808 3970 1877 (59)

2408 1920 2695 1973 percussus
2722 1912 2806 1958 est
2834 1904 2999 1958 homo
3028 1902 3186 1957 initio
3211 1902 3264 1954 in
3292 1900 3463 1955 Adam
3496 1899 3842 1960 inobediens,
3871 1897 3973 1951 huc

2404 2007 2487 2053 est
2544 2011 2715 2060 mors,
2758 2010 2923 2064 quam
2968 1991 3186 2047 sanabit
3228 1993 3369 2047 Deus
3417 1989 3750 2044 resuscitans
3796 2002 3896 2042 nos
3938 2003 3967 2037 a

2406 2089 2654 2152 mortuis,
2669 2096 2723 2141 et
2745 2085 3032 2141 restituens
3053 2084 3341 2154 inpatrum
3367 2081 3757 2145 lirereditatem,
3774 2094 3969 2149 quem-

2404 2178 2691 2234 admodum
2716 2178 2911 2233 iterum
2936 2174 3106 2229 isaias
3134 2173 3209 2227 ait
3234 2190 3248 2226 :
3278 2190 3296 2225 ι
3322 2170 3388 2225 Et
3412 2170 3521 2225 eris
3560 2170 3735 2225 fidens
3762 2169 3817 2223 in
3867 2171 3971 2223 Do—

2406 2273 2577 2334 mino,
2607 2278 2661 2327 et
2689 2267 2853 2323 faciet
2886 2264 2937 2321 te
2968 2263 3182 2334 ingredi
3212 2278 3380 2335 supra
3412 2278 3628 2319 omnem
3661 2272 3889 2325 terram,
3916 2271 3974 2315 et

2403 2363 2610 2418 cihabit
2642 2371 2692 2416 te
2735 2357 3056 2413 haereditate
3080 2354 3251 2411 laeui)
3298 2354 3471 2425 patris
3508 2353 3584 2407 tui
3608 2352 3705 2409 ³⁷.»
3742 2350 3855 2405 lloc
3889 2362 3972 2405 est

2403 2454 2547 2525 quod
2580 2469 2608 2508 a
2639 2452 2870 2507 Domino
2891 2449 3095 2505 dictum
3130 2456 3212 2501 est
3239 2464 3253 2500 :
3282 2465 3301 2499 ι
3331 2446 3481 2501 Beati
3517 2445 3661 2501 servi
3696 2444 3802 2509 illi,
3834 2459 3972 2513 quos

2404 2547 2627 2603 veniens
2670 2544 2929 2598 Dominus
2975 2540 3215 2595 inveniet
3259 2538 3578 2606 vigilantes.
3626 2537 3800 2591 Amen
3848 2535 3971 2589 dico

2405 2639 2577 2699 vobis,
2611 2636 2869 2707 quoniam
2901 2633 3295 2705 praecingetur,
3328 2639 3384 2685 et
3412 2628 3733 2686 recumbere
3758 2642 3853 2682 eos
3887 2626 3965 2680 fa-

2404 2734 2530 2797 ciet,
2558 2742 2613 2785 et
2640 2730 2911 2783 transiens
2963 2724 3299 2781 ministrabit
3329 2723 3430 2779 eis.
3462 2722 3530 2777 Et
3557 2722 3605 2776 si
3637 2719 3846 2776 venerit
3874 2734 3970 2775 ve—

2404 2818 2647 2890 spertina
2682 2817 2887 2888 vigilia,
2919 2826 2972 2871 ct
3018 2816 3288 2869 invenerit
3320 2813 3419 2875 sic.
3469 2810 3614 2866 beati
3658 2819 3807 2876 sunt,
3835 2825 3971 2879 quo-

2405 2912 2548 2966 niam
2569 2909 2884 2965 recumbere
2902 2922 2995 2962 eos
3015 2906 3273 2970 faciet,et
3321 2903 3655 2959 ministrabit
3700 2902 3817 2957 eis:
3847 2902 3973 2957 licet

2403 3004 2640 3061 secunda
2658 3012 2713 3058 et
2733 3002 2860 3057 licet
2880 3001 3062 3064 tertia,
3076 2998 3219 3052 beati
3244 2996 3439 3052 sunt".
3453 3016 3470 3045 ι
3497 2994 3607 3049 lloc
3621 3005 3802 3049 autem
3831 2992 3971 3048 idem

2402 3098 2705 3154 etloannes
2730 3096 2784 3150 in
2808 3092 3130 3165 Apocalypsi
3162 3091 3271 3145 ait:
3292 3088 3518 3144 «Beatus
3544 3097 3598 3142 et
3615 3095 3860 3149 sanctus,
3880 3084 3971 3153 qui

2406 3190 2569 3245 habet
2599 3196 2809 3257 partem
2840 3186 2892 3240 in
2922 3185 3327 3239 resurrectione
3351 3183 3521 3253 prima
3542 3181 3636 3232 ι’.»
3670 3179 3734 3233 Et
3760 3187 3973 3245 tempus

2412 3292 2593 3334 autem
2642 3272 3188 3338 aununtiavitjsaias
3235 3273 3289 3327 in
3333 3286 3439 3342 quo
3472 3272 3585 3324 haec
3631 3275 3791 3321 erunt
3820 3282 3832 3318 :
3862 3284 3881 3317 ι
3910 3266 3975 3319 Et

2412 3371 2543 3436 dixi,
2577 3369 2751 3439 inquit
2776 3384 2791 3421 :
2818 3362 3410 3437 Usquequo,Domine?
3432 3357 3791 3426 Quoadusque
3814 3360 3973 3411 deso-

2412 3465 2588 3519 lcutur
2611 3463 2865 3518 civitates
2891 3461 2956 3514 ad
2986 3474 3091 3513 non
3119 3453 3558 3519 inhabitandum,
3591 3463 3645 3506 et
3688 3451 3879 3503 domus
3916 3456 3973 3501 ut

2409 3572 2515 3611 non
2550 3556 2656 3610 sint
2683 3555 2952 3618 homines,
2998 3559 3053 3605 et
3100 3558 3245 3605 terra
3293 3545 3698 3613 derelinquetur
3737 3543 3972 3597 deserta.

2407 3648 2471 3703 Et
2500 3662 2623 3717 post
2652 3647 2766 3701 haec
2795 3644 2950 3713 longe
2974 3657 3072 3697 nos
3098 3640 3263 3696 faciet
3286 3639 3400 3709 (60)
3443 3638 3583 3692 Deus
3612 3634 3885 3697 homines,
3920 3642 3975 3687 et

736 3744 882 3785 trum
916 3732 1157 3800 ipsorum
1178 3733 1243 3787 “.
1268 3752 1287 3785 ι
1332 3732 1685 3789 Ostendimus
1729 3746 1909 3789 autem
1957 3737 2119 3805 paulo
2155 3749 2303 3806 ante,
2400 3741 2490 3811 qui
2516 3737 2885 3795 remanserint
2909 3730 3421 3802 multiplicabuntur
3448 3742 3617 3797 super
3644 3734 3847 3781 terram
3870 3724 3969 3778 ⁸⁸.»

736 3825 991 3893 quoniam
1039 3824 1279 3880 Ecclesia
1320 3834 1405 3880 est
1454 3841 1640 3881 semen
1682 3826 1913 3881 Abrahae
1940 3846 1953 3881 :
1980 3839 2034 3883 et
2084 3842 2304 3898 propter
2403 3830 2510 3886 Sed
2544 3839 2599 3885 et
2633 3825 2821 3882 Daniel
2861 3827 2963 3879 hoc
2992 3825 3166 3892 ipsum
3198 3820 3275 3875 ait
3305 3838 3318 3873 :
3350 3837 3368 3871 ι
3390 3817 3454 3872 Et
3488 3831 3748 3887 regnum,
3777 3822 3832 3867 et
3875 3828 3974 3883 po-

737 3918 861 3984 lioc,
904 3928 960 3969 ut
1005 3918 1244 3973 sciamus
1283 3918 1541 3988 quoniam
1588 3919 1640 3972 in
1673 3918 1824 3975 Novo
1871 3919 2225 3976 Testamento
2274 3938 2303 3976 a
2404 3928 2661 3982 testas,et
2687 3916 3003 3986 magnitudo
3027 3927 3215 3969 eorum
3247 3925 3367 3981 qua
3397 3908 3499 3963 sub
3521 3906 3661 3961 cutio
3691 3904 3973 3976 sunt(6l).

738 4008 921 4064 Veteri
955 4010 1045 4078 qui
1073 4008 1185 4079 (56)
1254 4022 1319 4063 ex
1368 4010 1621 4065 omnibus
1664 4010 1914 4081 gentibus
1952 4012 2171 4080 colliget
2213 4030 2307 4068 eos
2404 4013 2585 4066 datum
2634 4017 2717 4064 est
2773 4006 2981 4063 sanctis
3028 4002 3279 4059 altissimi
3331 4000 3449 4063 Dei,
3479 4007 3533 4053 et
3578 4013 3808 4068 regnum
3857 3997 3979 4067 ejus

2239 4179 2281 4209 "
2316 4177 2510 4230 Ezech.
2547 4190 2738 4235 xxviii,
2764 4171 2856 4234 25,
2891 4169 2982 4224 26.
3076 4166 3119 4199 ¹⁸
3150 4164 3352 4235 Ierem.
3389 4176 3549 4223 mli,
3578 4161 3630 4222 '7,
3655 4159 3710 4213 8.
3799 4159 3843 4191 "
3870 4158 3976 4214 lsa.

810 4174 851 4203 "
879 4171 980 4224 lsa.
1016 4187 1164 4235 xxvi,
1198 4171 1282 4225 19.
1361 4173 1403 4203 ³³
1438 4172 1633 4228 Ezech.
1668 4190 1878 4238 ιιινιι,
1914 4176 1981 4231 12
2007 4192 2159 4243 seqq.
2239 4179 2281 4209 ιδ
2316 4177 2510 4230 Ezech.
2547 4190 2738 4235 xxviii,
2764 4171 2856 4234 25,
2891 4171 2982 4224 26.
3076 4171 3119 4199 ¹⁵
3150 4171 3208 4220 Je

817 4259 868 4294 ι.
891 4242 983 4294 ‘25.
1014 4241 1105 4294 ‘26.
1184 4243 1223 4273 ι’
1257 4239 1358 4294 lsa.
1393 4258 1541 4294 Lvm.
1574 4242 1661 4294 Mt.
1742 4246 1784 4277 ³⁸
1813 4245 1944 4294 Luc.
1977 4263 2073 4294 xu-
2104 4248 2191 4294 57-
2219 4249 2305 4294 58-
2382 4249 2422 4279 ¹⁹
2451 4248 2620 4294 Amic.
2649 4260 2741 4294 xx.
2773 4244 2828 4294 6.
2916 4241 2961 4271 ³⁸
2992 4241 3095 4294 lsa.
3122 4253 3199 4294 γι.

2239 4179 2281 4209 ⁸⁸
2316 4177 2510 4230 Ezech.
2547 4190 2738 4235 xxviii,
2764 4171 2856 4234 25,
2891 4171 2982 4224 26.
3076 4171 3119 4199 ¹⁵
3150 4171 3285 4220 Jerei

2239 4249 2305 4294 ΒΗ».
2382 4249 2422 4279 ¹⁹
2451 4248 2620 4294 Amic.
2649 4260 2741 4294 xx.
2773 4244 2828 4294 6.
2916 4241 2961 4271 ³⁸
2992 4241 3095 4294 lsa.
3122 4253 3199 4294 γι.
3225 4234 3285 4289 11

3080 4275 3095 4291 ⁸
3130 4275 3199 4303 ‘I’
3230 4275 3311 4289 II.

741 4259 868 4307 xxx,
891 4242 983 4307 ‘25,
1014 4241 1105 4295 26.
1184 4243 1223 4273 "'
1257 4239 1358 4296 lsa.
1393 4258 1541 4306 Lvm,
1574 4242 1661 4297 14.
1742 4246 1784 4277 ³⁸
1813 4245 1944 4302 Luc.
1977 4239 2191 4315 χιι.’57,
2219 4249 2305 4301 58.
2382 4249 2422 4279 "
2450 4248 2620 4317 Apoc.
2649 4260 2741 4306 xx,
2773 4244 2828 4297 6.

740 4398 856 4449 qua:
885 4398 917 4434 ιι
949 4393 1089 4435 terra
1108 4382 1690 4451 accipiuntur,pnciﬁca
1723 4392 1771 4435 et
1795 4393 2142 4437 consentanea
2167 4384 2299 4437 invi-
2480 4380 2589 4452 (56)
2633 4380 2675 4452 Α
2708 4378 2864 4432 ueteri
2891 4377 3005 4452 qui.
3031 4373 3164 4429 Cod.
3193 4374 3352 4430 Voss.
3377 4372 3548 4452 habet
3569 4386 3631 4423 ac
3655 4371 3815 4452 νειεζξ
3835 4387 3974 4452 ειεξιτ.

740 4438 850 4505 ἑεηι
874 4452 1015 4519 ﬁeri,
1051 4438 1285 4519 subjecta
1326 4438 1620 4506 hominibus
1642 4470 1758 4505 cum
1786 4454 1926 4505 omni
1960 4454 2297 4520 subjectione.
2409 4438 2515 4506 Sed
2542 4438 2827 4520 lectionem
2859 4438 2914 4511 αξ
2941 4448 2997 4520 si
3022 4459 3116 4513 pro
3139 4455 3252 4513 post
3278 4442 3599 4520 accipiatur,
3629 4438 3981 4520 cum_Grahio

818 4510 929 4593 (55)
972 4510 1421 4600 Quemadmodum
1453 4531 1625 4576 autem
1654 4524 1709 4575 in
1741 4510 2125 4600 obedientiaf...
2153 4524 2299 4575 Adae.
2338 4548 2380 4600 ο
2411 4521 2661 4600 praefero.
2692 4510 2912 4600 blallenr
2930 4510 3102 4600 etiam
3123 4510 3244 4600 eum
3275 4510 3487 4600 eodem,
3515 4518 3642 4600 tam
3676 4510 3972 4600 quiquam

742 4581 867 4646 Haec
899 4581 1205 4659 parcnthesi
1242 4592 1517 4646 includere
1548 4607 1764 4647 necesse
1810 4591 1929 4654 fuit,
1972 4608 2037 4646 ne
2073 4595 2303 4660 fructum
2340 4581 2380 4600 ν
2409 4581 2525 4659 qua:
2558 4590 2741 4657 abjici.
2785 4590 2853 4640 At
2883 4588 3053 4660 donec
3081 4593 3234 4660 totus
3275 4583 3380 4660 hic
3409 4581 3581 4644 locus,
3630 4595 3749 4660 non
3784 4581 3975 4660 admu-

742 4649 922 4725 terrw',
958 4678 1052 4730 per
1082 4660 1474 4729 appusitionem
1505 4663 1571 4716 ad
1599 4678 1768 4717 escam
1802 4649 2167 4726 referendtim,
2203 4662 2303 4713 dn-
2412 4649 2535 4714 dum
2572 4649 2755 4719 sa'nus,
2786 4672 2853 4709 ex
2886 4654 3207 4730 melioribus
3245 4653 3402 4707 codd.
3449 4649 3730 4730 emendari
3782 4652 3977 4730 possit,

743 4732 874 4786 riori
912 4741 1091 4784 tamen
1127 4732 1445 4801 hyperbato,
1484 4733 1693 4800 longius
1727 4748 1755 4784 a
1793 4732 2012 4802 proprio
2049 4733 2167 4787 loco
2204 4748 2292 4785 rc-

744 4811 973 4861 motum.
998 4803 1216 4855 lectoris
1242 4803 1422 4857 turbet
1447 4804 1705 4857 animum.
1735 4802 1961 4869 insuper
1982 4806 2122 4869 quod
2148 4803 2303 4856 unica

742 4886 878 4926 voce
928 4886 1211 4940 perperam
1264 4871 1314 4923 iu
1366 4872 1521 4942 editt.
1576 4872 1795 4942 legitur,
1838 4873 2203 4935 inobedientia,
2250 4875 2304 4925 in

744 4946 899 5007 duas,
937 4956 1095 4995 sensu
1130 4943 1201 4993 ita
1236 4941 1521 4997 manifeste
1552 4941 1877 5012 postulante,
1910 4942 2092 4997 divisi.
2128 4942 2191 5012 Et
2222 4943 2302 4995 sic

746 5012 879 5065 nihil
906 5012 1305 5081 corrigendum,
1331 5023 1422 5063 aut
1446 5010 1883 5067 tratislocandum
1913 5012 2035 5073 erit,
2058 5021 2116 5065 ut
2136 5010 2303 5067 Gralt.

743 5083 1101 5136 existimavit.
1136 5082 1455 5149 Quanquam
1489 5084 1724 5145 mallem,
1759 5098 1857 5151 pro
1880 5093 2073 5146 autem,
2103 5084 2307 5152 legere-

748 5166 835 5206 tur
867 5167 1042 5217 antea,
1083 5155 1164 5208 vel
1205 5162 1325 5208 aute
1362 5153 1793 5223 inobedieuliam,
1830 5155 2127 5227 primorum
2159 5153 2305 5206 scili-

744 5235 828 5277 εει
857 5238 1161 5288 parentum.

816 5294 930 5363 (54)
974 5295 1034 5347 1η
1064 5312 1163 5364 quo
1196 5294 1411 5347 educam
1463 5294 1524 5349 de
1560 5297 1831 5363 sepulcris.
1883 5297 1974 5351 Sic
2017 5297 2308 5365 scripserat

746 5364 980 5417 Feuard.
1020 5366 1070 5416 in
1106 5366 1246 5436 edit.
1281 5365 1449 5420 Puris.
1490 5384 1577 5419 an.
1616 5367 1773 5430 1576,
1811 5379 1869 5421 ιιι
1905 5364 2304 5436 Opinor,juxla

747 5444 980 5512 venirem
1019 5437 1141 5512 cod.
1169 5435 1252 5490 cui
1281 5438 1553 5512 consentit
1574 5450 1629 5491 et
1671 5439 1819 5512 Voss.
1850 5435 1954 5491 Sed
1986 5454 2173 5512 ttcSCiU
2208 5454 2307 5489 cur

745 5506 797 5557 in
838 5506 1279 5567 Culutiiensi,au.
1312 5507 1447 5560 1596
1496 5510 1798 5574 reposucrit
1826 5527 1838 5561 :
1866 5521 1912 5559 et
1958 5509 2177 5561 educam
2217 5524 2303 5559 vos

746 5576 1125 5694 dels-epulcris;
1162 5576 1262 5630 nisi
1290 5574 1425 5630 forte
1460 5580 1862 5647 Iypotlietaruin
1894 5579 2098 5631 incuria
2129 5579 2178 5630 id
2217 5592 2306 5629 ac-

746 5662 809 5694 Cll
838 5657 959 5694 (ξιιι.

744 5657 959 5697 ωιιιξιιι.

817 5716 926 5784 (55)
974 5716 1107 5768 Deus
1152 5716 1401 5782 ipsorum.
1467 5716 1610 5773 Du:is
1667 5720 1801 5772 istas
1858 5733 2016 5771 voces
2070 5733 2135 5773 ex
2204 5734 2305 5772 ms.

752 5784 902 5899 iiiis.
943 5787 1151 5866 addidit
1192 5786 1358 5841 Grub.
1392 5790 1515 5856 quia
1555 5790 1605 5843 in
1649 5788 1784 5844 LXX
1830 5790 2065 5857 legitur:
2108 5788 2306 5859 Κύριος

752 5873 766 5899 ἱ
798 5888 804 5897 ι
839 5874 919 5899 ;“¹ιζ
956 5873 1128 5899 Ἄυτιιιν

744 5873 766 5906 i:
796 5873 919 5917 tuo;
956 5873 1149 5912 αυτων,

2410 4732 2519 4801 qui,
2560 4740 2834 4801 utcunque
2868 4723 3096 4801 retineri
3132 4732 3327 4801 potest,
3370 4720 3527 4801 modo
3548 4729 3680 4801 post
3712 4721 3983 4801 suscitans

2413 4790 2857 4869 subiittelligatur
2904 4799 3022 4849 erit.
3063 4796 3282 4846 interim
3328 4790 3517 4845 confer
3547 4790 3646 4843 lib.
3678 4804 3730 4855 v,
3763 4804 3890 4860 cap.
3925 4791 3978 4851 7,

2414 4880 2533 4924 n0t.

2483 4938 2595 5009 (57)
2636 4934 2807 5009 Filios
2839 4932 3032 5009 Israel.
3069 4934 3201 5009 Post
3227 4932 3365 4997 haec,
3395 4940 3452 5009 ut
3480 4930 3628 5009 scite.
3653 4940 3807 5009 notat
3838 4930 3980 4986 Gra-

2416 5001 2586 5071 bius,'
2615 5006 2939 5075 negligentia
2985 5005 3317 5075 scribarum,
3360 5002 3430 5056 ob
3463 5001 3982 5075 repetitionem_ca-

2414 5068 2661 5134 ruinde
2684 5068 2879 5131 vocum
2920 5074 3189 5129 excidisse
3230 5072 3481 5126 videntur
3506 5088 3519 5123 :
3548 5072 3610 5125 de
3642 5081 3782 5140 terra
3810 5068 3987 5140 {Egy-

2413 5154 2523 5218 pti;
2556 5151 2668 5211 sed,
2696 5150 2819 5218 uiuit
2855 5146 3137 5218 Dominus,
3172 5146 3260 5218 qui
3296 5144 3476 5218 eduxit
3503 5157 3676 5218 semen
3708 5139 3909 5218 Israel.

2483 5212 2595 5297 (58)
2617 5220 2781 5297 Quasi
2801 5217 2976 5297 lumen
2998 5215 3145 5269 satis.
3172 5213 3298 5267 Post
3322 5212 3434 5266 haec
3461 5216 3667 5281 pariter
3686 5213 3947 5263 excidere
3978 5230 3987 5258 :

2412 5308 2459 5351 el
2485 5289 2585 5350 erit
2612 5296 2784 5345 lumen
2813 5289 2963 5346 solis.

2484 5349 2594 5437 (.39)
2638 5363 2743 5416 Per
2779 5378 2961 5433 quam.
2997 5357 3083 5411 Sic
3114 5351 3270 5408 Voss.
3306 5353 3499 5407 tttelius
3532 5367 3695 5421 quam
3727 5349 3977 5416 ,Feuard.

2448 5454 2503 5490 er
2533 5452 2704 5490 (Illﬂu.

2413 5455 2503 5506 per
2533 5455 2704 5505 quem.

2485 5508 2595 5578 (60)
2636 5503 2841 5578 Faciet.
2886 5502 2977 5558 Sic
3029 5502 3183 5560 Voss.
3241 5504 3395 5571 juxta
3455 5508 3567 5545 suc.
3632 5501 3864 5544 textura.
3916 5489 3983 5541 At

2416 5575 2672 5639 Feitartl.,
2704 5575 2884 5642 facies.
3479 5640 3486 5642 _
3570 5633 3608 5642 υ
3841 5631 3851 5641 _

2486 5647 2595 5717 ((il)
2638 5633 2767 5710 Qun:
2796 5648 2890 5717 sub
2923 5645 3045 5717 cisio
3076 5655 3227 5717 sunt.
3284 5644 3338 5694 In
3392 5640 3513 5717 cod.
3570 5633 3726 5717 Υοὸξ.
3760 5633 3981 5717 ηιςὶιρτο

2415 5701 2695 5789 (ΙιιῖΡὶἰιῖίέ
2727 5716 2882 5789 male.
2923 5716 2965 5789 si
2998 5716 3085 5783 qui
3127 5716 3389 5769 referatur
3428 5714 3492 5766 ad
3544 5708 3649 5764 τῶν
3688 5701 3981 5767 βασιλέων.

2417 5784 2555 5859 quod
2594 5789 2643 5841 in
2680 5784 2817 5839 LXX
2850 5786 3065 5856 legitur.
