4238 6316
253 357 383 412 iil'l

1404 368 1679 430 CONTRA
1717 371 2062 429 ΗΕΒεὲἓὸ
2096 372 2207 428 LIB
2242 372 2307 429 Υ.

3347 385 3489 443 1918

250 471 665 562 sempiternum.
698 486 754 531 et
795 492 983 535 omnes
1020 482 1358 554 principatus
1391 489 1628 542 servient
1661 491 1709 543 ei
1760 498 1811 543 et
1844 492 1887 547 Α
1919 487 2087 542 multa
2112 502 2245 558 pace
2272 488 2413 544 illius
2441 496 2578 556 tuos,
2600 500 2655 546 et
2680 490 2961 562 iniustitia
2980 494 3340 553 :ediflcaberis
3365 499 3433 555 ⁸⁸.
3455 515 3483 555 s

249 556 615 615 obedient".i
644 562 715 617 Et
738 580 803 622 ne
828 566 895 622 ad
923 568 1024 624 hoe
1051 579 1265 641 tempus
1295 585 1514 643 putetur
1545 577 1691 632 dicta
1731 594 1811 632 re-

246 648 559 714 promissio.
593 653 799 709 dictum
834 668 917 712 est
952 662 1230 731 prophetae
1263 681 1278 718 :
1310 683 1331 716 ι
1362 664 1428 719 Et
1458 677 1512 722 tu
1560 670 1707 732 veni,
1756 682 1811 725 et

241 748 324 791 sta
360 738 412 794 in
441 752 589 799 sorte
617 753 707 799 tua
741 747 793 801 in
827 755 1300 811 consummatione
1329 757 1539 813 dierum
1560 760 1665 816 ".i

313 830 371 886 3.
412 830 679 899 Quoniam
732 848 916 897 autem
975 846 1431 914 repromissiones
1479 864 1586 905 non
1635 853 1808 907 solum

235 922 527 990 prophetis
568 937 625 982 et
669 932 937 1001 patribus,
985 936 1080 991 sed
1126 936 1390 996 Ecclesiis
1438 955 1505 995 ex
1557 944 1809 1013 gentibus

233 1017 568 1075 t-oadunatis
618 1026 1108 1096 annuntiabantur,
1138 1044 1279 1101 quas
1320 1040 1375 1086 et
1416 1034 1621 1092 insulas
1670 1054 1810 1093 nun-

237 1118 406 1181 cupat
432 1110 695 1182 Spiritus,
728 1126 782 1171 et
808 1119 952 1188 quod
982 1120 1035 1175 in
1070 1123 1248 1179 medio
1283 1126 1515 1181 turbulae
1547 1129 1807 1185 sintcon-

238 1203 463 1266 stitutm.
494 1215 551 1261 et
600 1216 973 1278 tempestatem
1018 1213 1487 1285 blasphemiarum
1516 1219 1803 1289 snﬂ'erant,

235 1307 290 1347 ct
322 1296 579 1354 salutaris
606 1311 799 1369 portus
831 1305 1271 1374 periclitantibus
1300 1314 1589 1381 exsistant,
1630 1327 1684 1371 ct
1720 1333 1803 1371 re-

234 1386 442 1456 fugium
476 1400 605 1445 sunt
639 1407 849 1459 eorum,
880 1399 972 1466 qui
1007 1399 1351 1459 altitudinem
1380 1417 1585 1473 ament,
1614 1418 1668 1464 et
1699 1408 1798 1481 By-

235 1477 411 1545 tltum,
444 1482 495 1534 id
527 1494 608 1537 est
645 1486 969 1553 profundum
1002 1494 1208 1549 erroris
1236 1508 1504 1551 conantur
1535 1477 1795 1571 effugere,

230 1566 496 1626 Jeremias
525 1575 595 1627 ita
625 1577 701 1632 ait
731 1596 746 1631 :
777 1597 795 1631 ι
816 1581 1014 1638 Audite
1038 1586 1261 1641 verbum
1310 1589 1546 1656 Domini,
1584 1566 1796 1662 gentes,

230 1671 284 1711 et
311 1667 632 1721 annuntiate
679 1670 872 1727 insulis
898 1688 1017 1742 quas
1046 1674 1204 1748 longe
1233 1690 1360 1735 sunt
1392 1697 1407 1735 :
1442 1682 1632 1747 dicite,
1672 1688 1796 1753 quia

230 1755 653 1829 ventilabit(62)
704 1762 846 1819 Deus
890 1765 1081 1833 lsrael,
1133 1773 1492 1843 congregahit
1540 1790 1687 1837 eum.
1740 1788 1796 1831 et

229 1850 502 1904 custodiet
548 1867 691 1917 emn,
723 1856 864 1911 sicut
900 1873 1130 1927 pascens
1169 1876 1386 1932 gregem
1438 1865 1618 1920 ovium
1661 1882 1793 1921 sna-
1832 1848 1873 1901 Β

228 1954 348 1993 rum
380 1946 673 2013 :qnoniam
706 1951 936 2005 redemit
967 1951 1228 2011 Dominus
1274 1955 1465 2023 Jacob,
1498 1970 1553 2014 et
1596 1961 1793 2031 eripuit

227 2046 351 2084 cum
378 2035 445 2088 de
472 2051 627 2090 manu
657 2038 901 2095 fortioris
927 2041 1066 2109 ejus.
1093 2045 1161 2100 Et
1183 2048 1426 2115 venient,
1450 2060 1505 2104 et
1529 2052 1793 2107 laetabun-

227 2134 316 2175 tur
352 2125 403 2177 in
443 2138 622 2182 monte
648 2129 800 2197 Sion,
846 2141 900 2187 et
936 2136 1155 2190 venient
1193 2139 1258 2193 ad
1308 2142 1473 2204 bona,
1504 2138 1642 2197 etin
1680 2154 1789 2198 ter-

226 2231 345 2270 ram
379 2219 567 2287 tritici,
598 2231 651 2275 et
682 2224 817 2288 vini,
845 2235 901 2280 et
930 2225 1234 2294 fructuum,
1283 2243 1337 2285 et
1368 2232 1710 2300 animalium.
1740 2246 1793 2291 et

224 2307 429 2369 ovium,
458 2319 513 2362 et
548 2312 653 2364 erit
687 2314 867 2369 anima
899 2330 1086 2372 eorum
1120 2321 1261 2375 sicut
1291 2321 1497 2393 lignum
1544 2325 1791 2381 fructife-

226 2415 367 2460 rum,
414 2412 608 2456 etnon
652 2408 897 2461 esurient
949 2411 1149 2465 adhuc.
1196 2413 1265 2467 Et
1309 2427 1439 2472 tunc
1481 2420 1789 2487 gaudebunt

223 2491 466 2561 virgines
525 2494 580 2548 in
634 2501 1050 2569 congregatione
1103 2503 1387 2573 juvenum,
1444 2519 1498 2564 et
1548 2512 1791 2566 seniores

219 2584 551 2653 gaudebunt,
598 2600 653 2642 et
703 2602 1021 2648 convertam
1056 2595 1263 2651 luctum
1314 2613 1502 2655 eorum
1556 2604 1608 2657 in
1659 2620 1790 2673 gau-

220 2675 392 2741 dium,
418 2687 472 2732 et
499 2677 691 2733 faciam
714 2697 810 2736 eos
841 2682 893 2737 in
920 2686 1300 2755 exsultatione,
1321 2703 1376 2745 et
1400 2694 1785 2764 magniﬁcam,

218 2776 274 2821 ct
300 2768 579 2825 inebriabo
608 2774 847 2828 animum
881 2780 1224 2836 sacerdotum
1266 2784 1499 2839 ﬁliorum
1543 2788 1698 2853 Levi,
1733 2800 1787 2845 et

221 2860 454 2929 populus
492 2879 645 2921 meus
678 2868 838 2923 bonis
870 2873 1006 2925 meis
1051 2874 1515 2943 adimplebitur”.
1540 2899 1559 2932 ι
1590 2880 1787 2937 Osten-

218 2953 400 3005 dimus
426 2966 613 3010 autem
647 2958 697 3009 in
744 2962 1012 3030 superiori
1052 2962 1193 3019 libro
1214 2966 1285 3033 “,
1314 2966 1572 3035 quoniam
1609 2971 1787 3028 levita

216 3054 274 3096 et
303 3048 617 3103 sacerdotes
659 3062 786 3105 sunt
811 3054 1060 3124 discipuli
1090 3073 1283 3113 omnes
1322 3061 1537 3117 Domini
1564 3081 1581 3117 :
1606 3067 1698 3135 qui
1729 3077 1785 3121 et

218 3137 513 3193 Sabbatum
558 3143 608 3196 in
664 3145 865 3213 templo
910 3147 1296 3218 profanabant,
1342 3163 1398 3208 et
1448 3155 1567 3211 sine
1624 3158 1780 3230 culpa

214 3239 366 3284 sunt.
400 3230 562 3286 Tales
605 3233 789 3304 itaque
826 3239 1220 3306 promissiones
1260 3244 1703 3304 manifestissime
1730 3252 1783 3305 in

219 3336 389 3390 regno
410 3323 682 3390 justorum
722 3327 876 3381 istius
904 3340 1174 3384 creaturae
1210 3335 1577 3401 epulationem
1613 3339 1783 3409 signi-

214 3409 384 3465 ﬁcant
433 3414 570 3484 (63),
627 3432 788 3487 quam
845 3418 989 3474 Deus
1046 3425 1379 3494 repromittit
1434 3428 1782 3485 ministratu-

216 3518 338 3555 l‘tilll
375 3520 451 3559 εθ.

284 3616 448 3687 335
478 3618 531 3671 4.
567 3618 758 3675 Adhuc
787 3621 855 3678 de
895 3622 1220 3693 Jerusalem,
1252 3638 1309 3681 et
1339 3628 1405 3683 de
1438 3642 1695 3700 regnante
1730 3635 1781 3687 in

211 3723 300 3771 ea,
318 3710 483 3764 Isaias
504 3712 609 3765 ait:
636 3728 654 3761 ι
678 3710 805 3767 Haec
822 3713 953 3768 dicit
975 3714 1267 3773 Dominus:
1292 3716 1489 3775 Beatus
1504 3723 1595 3791 qui
1621 3723 1785 3779 habet

216 3802 273 3855 in
316 3799 447 3856 Sion
482 3817 691 3871 semen,
726 3814 784 3860 et
822 3805 1148 3862 domesticos
1187 3809 1240 3862 in
1273 3808 1595 3867 Jerusalem.
1624 3813 1780 3881 Ecce,

215 3892 507 3962 rexjustus
530 3895 799 3963 regnabit,
836 3905 891 3951 et
939 3898 1214 3968 principes
1250 3916 1372 3955 cum
1398 3904 1608 3972 judicio
1628 3906 1780 3976 prin-

212 3985 470 4051 cipabunt
498 3986 564 4037 ³³.
606 4004 624 4037 ι
664 3986 729 4041 Et
761 3988 828 4042 de
860 3993 1278 4059 praeparatione,
1340 3993 1391 4046 in
1427 4010 1533 4064 qua
1583 4000 1779 4053 resedi-

214 4073 489 4135 ticabitur,
524 4077 634 4131 ait:
674 4096 689 4128 t
724 4076 866 4133 Ecce
914 4093 1014 4149 ego
1035 4082 1351 4152 prmparabo
1410 4086 1503 4140 tibi
1548 4088 1781 4143 carbun-

212 4167 395 4221 culum
428 4168 683 4239 lapidem,
708 4163 784 4225 'et
818 4170 1175 4229 fundamenta
1206 4187 1295 4230 tua
1353 4180 1691 4249 sapphirum,
1725 4193 1780 4237 et

214 4274 415 4328 ponam
462 4264 862 4332 prapugnacula
900 4274 988 4319 tua
1027 4267 1270 4338 jaspbin,
1323 4282 1378 4325 et
1422 4281 1609 4343 portas
1660 4284 1781 4330 tuas

215 4352 449 4421 lapidem
488 4354 821 4425 crystallum,
847 4365 903 4411 et
931 4358 1335 4415 circumvallum
1373 4370 1524 4419 tuum
1573 4364 1780 4437 lapides

209 4442 446 4505 electos,
475 4451 531 4495 et
579 4456 770 4500 omnes
822 4445 961 4502 lilios
995 4456 1118 4503 tuos
1161 4449 1424 4507 docibiles
1462 4453 1578 4520 Dei,
1616 4465 1672 4509 et
1726 4457 1779 4510 in

283 4553 330 4583 ¹¹
364 4553 745 4644 ριεξιὶνιιηᾝζ
766 4628 781 4644 ι
806 4558 850 4591 ³⁸
888 4558 1021 4613 Dan.
1044 4576 1147 4644 _x_n_,
1175 4560 1261 4616 i5.
1346 4564 1393 4595 “
1414 4564 1627 4644 Acrem.
1652 4586 1801 4635 xm,
1828 4573 1895 4629 10
1928 4588 2081 4644 seqq.

212 4625 265 4711 μ
334 4624 416 4711 ἐξ·
444 4626 553 4711 ian...
583 4642 689 4711 μγ,
725 4628 785 4681 ll
813 4644 965 4711 seqq.
1044 4632 1087 4661 ³⁷
1123 4630 1225 4687 lsa.
1254 4650 1379 4700 va,
1406 4636 1474 4690 18
1498 4652 1647 4711 seqq.
1728 4624 1886 4700 “is—tt

451 4626 553 4711 ian...
583 4642 689 4711 μγ,
725 4628 785 4681 ll
813 4644 965 4711 seqq.
1044 4632 1087 4661 ³⁷
1123 4630 1225 4687 lsa.
1254 4650 1379 4700 va,
1406 4636 1474 4690 18
1498 4652 1647 4711 seqq.
1728 4624 1903 4700 “vis—av.

214 4710 289 4763 vi,
328 4694 415 4751 i2.
510 4693 554 4723 ³⁸
583 4699 685 4751 lsa.
716 4714 843 4763 va,
864 4693 954 4759 ΞΓ.

285 4813 399 4889 (62)
443 4812 581 4879 Quia
633 4816 926 4871 ventilabit.
960 4816 1149 4889 (ἐτίθει
1182 4816 1291 4871 τῶν
1318 4819 1634 4885 0'~sonant,
1693 4822 1784 4889 qui
1816 4828 1859 4885 ι)

211 4886 495 4942 uentilauit.

284 4956 398 5030 (63)
455 4954 824 5030 Epulationem
869 4956 1193 5025 signiﬁcant.
1257 4956 1320 5030 In;
1371 4966 1482 5012 vet.
1543 4959 1774 5015 Fenard.

210 5023 338 5083 cod.
371 5023 658 5079 manifesto
697 5023 1016 5079 scribarum
1046 5038 1250 5088 errato.
1280 5028 1420 5082 sicut
1446 5039 1500 5082 et
1528 5030 1581 5084 in
1620 5030 1770 5086 Voss.

214 5099 430 5169 legitur,
464 5095 759 5163 epulatione
780 5096 1079 5165 signiﬁcant
1104 5113 1123 5152 :
1147 5100 1292 5167 quod
1322 5100 1514 5153 merito
1536 5102 1775 5155 correxit

215 5167 358 5222 Fetu-
367 5167 450 5220 rd.

284 5236 400 5307 (δι)
447 5234 645 5288 Plebem
682 5251 870 5307 meum.
903 5233 1085 5292 Nostri
1110 5239 1217 5294 τῶν
1243 5240 1298 5292 0'
1331 5240 1487 5297 codd.
1524 5240 1723 5297 habent
1757 5260 1769 5295 :

209 5319 259 5361 et
286 5306 487 5379 plebem
517 5306 965 5379 rrtaantlcliliam.
1004 5307 1073 5379 Et
1124 5312 1395 5365 exsultobo
1424 5326 1581 5379 super
1616 5311 1776 5365 Jeru-

211 5377 397 5450 salem,
443 5385 491 5427 et
545 5377 763 5450 letabor
806 5391 963 5444 super
994 5378 1191 5443 plebem
1238 5398 1446 5446 means;
1481 5377 1602 5450 quae
1635 5380 1774 5437 forte

210 5448 497 5519 occasione
524 5446 897 5519 _repetitarum
956 5461 1182 5515 vocum,
1240 5449 1441 5519 plebem
1488 5446 1693 5515 meum,
1742 5468 1771 5505 a

210 5516 409 5587 scribis
431 5514 630 5587 omissa
653 5522 798 5587 sunt.
828 5514 1145 5587 Quanquam
1189 5514 1368 5574 tamen
1401 5520 1467 5575 de
1499 5521 1583 5575 bis
1606 5514 1773 5577 etsi-

212 5584 433 5639 milibus
454 5584 588 5637 nihil
615 5585 751 5639 certi
775 5584 1220 5660 aﬂirntari_posse
1243 5600 1426 5657 putem
1450 5607 1466 5643 :
1500 5592 1626 5658 quia
1657 5592 1769 5660 ple-

212 5668 454 5730 rumque
476 5668 541 5707 ex
583 5656 846 5730 memoria
878 5655 1011 5715 citat
1041 5655 1302 5723 lreneus,
1333 5661 1415 5713 vel
1461 5655 1558 5715 eas
1587 5655 1770 5730 sequi-

211 5735 302 5778 tur
335 5724 631 5792 Scriptura:
675 5726 978 5796 versiones,
1021 5739 1113 5783 aut
1140 5730 1474 5800 exemplaria
1509 5747 1629 5801 qua:
1652 5724 1765 5799 j'am

207 5811 318 5851 μου
348 5804 584 5850 exstant.

1920 579 1985 632 Et
2006 580 2199 633 iterum
2228 581 2368 633 idem
2393 580 2507 651 ipse
2530 583 2641 637 ait:
2674 601 2693 634 r
2729 582 2868 639 Ecce
2894 597 2996 655 ego
3018 586 3157 643 facio
3179 586 3487 647 Jerusalem

1918 669 2329 724 exsultationem
2361 682 2417 725 et
2444 671 2655 739 plebem
2684 686 2859 728 meam
2877 674 3024 747 (6i):
3050 676 3217 731 etiam
3252 691 3365 733 non
3399 692 3491 733 suo

1918 761 2093 813 tlietur
2131 760 2182 814 in
2208 775 2271 814 ea
2322 776 2423 815 vox
2457 761 2634 829 ﬂetus,
2660 780 2837 833 neque
2870 778 2971 820 vox
3004 767 3289 833 clamoris.
3312 768 3483 825 etiam

1917 866 2019 905 non
2057 850 2148 906 ﬁet
2208 851 2282 906 ibi
2322 852 2641 907 immaturus
2674 864 2730 908 et
2753 854 2954 923 senior,
2990 858 3079 926 qui
3113 873 3219 913 non
3267 857 3487 927 impleat

1917 951 2125 1010 tempus
2147 957 2325 997 suum.
2356 942 2470 998 Erit
2502 945 2645 999 enim
2667 945 2885 1015 juvenis
2926 964 3197 1005 annorum
3225 960 3483 1022 centum:

1914 1034 2149 1089 moriens
2174 1043 2351 1088 autem
2385 1047 2636 1106 peccator
2659 1046 2875 1093 centum
2905 1053 3199 1104 annorum,
3225 1050 3282 1097 et
3309 1040 3482 1097 male-

1916 1124 2090 1180 dictus
2121 1128 2244 1181 erit.
2280 1126 2349 1180 Et
2383 1127 2733 1183 :edilicabunt
2764 1129 2977 1195 domos,
3010 1142 3065 1186 et
3120 1133 3219 1202 ipsi
3262 1131 3484 1187 inhabi-

1914 1216 2133 1272 tabuat:
2164 1226 2226 1272 et
2252 1217 2575 1287 plamabunt
2608 1218 2814 1285 vineas,
2840 1229 2896 1276 et
2927 1222 3031 1291 ipsi
3070 1218 3483 1281 manducabunt

1911 1309 2117 1363 fructus
2143 1325 2357 1375 earum,
2384 1319 2439 1365 et
2482 1311 2667 1365 vinum
2704 1310 2911 1368 bibent.
2942 1314 3006 1369 Et
3038 1330 3145 1369 non
3176 1315 3276 1383 ipsi
3304 1316 3480 1371 aediﬁ-

1909 1402 2125 1463 cabuut,
2151 1412 2207 1457 et
2234 1402 2326 1457 alii
2374 1403 2787 1473 inhabitabant:
2849 1418 3024 1475 neque
3080 1407 3181 1476 ipsi
3236 1408 3480 1476 pastina-

1908 1494 2061 1560 hunt,
2088 1505 2141 1547 et
2165 1495 2257 1549 alii
2290 1495 2595 1553 comedent.
2630 1494 2942 1552 Secundum
2979 1498 3123 1553 enim
3181 1499 3300 1554 dies
3348 1499 3479 1571 ligni

1909 1585 2028 1639 vita:
2051 1594 2210 1639 erunt
2240 1586 2355 1640 dies
2380 1585 2555 1656 plebis
2585 1587 2639 1642 in
2672 1597 2727 1643 te
2754 1587 2902 1657 (65);
2934 1602 3103 1657 opera
3145 1589 3289 1644 enim
3320 1588 3475 1646 labo-

1909 1694 2024 1731 rum
2054 1692 2239 1734 eorum
2268 1678 2383 1750 (66)
2411 1689 2751 1736 veterascent
2775 1683 2844 1735 ’⁷.
2879 1700 2898 1733 ι

2424 1837 2653 1893 CAPUT
2728 1837 2941 1894 XXXV.

1902 1947 2175 2023 Contendit
2214 1951 2487 2023 superiora
2526 1953 2827 2023 testimonia,
2864 1966 2967 2003 non
2990 1967 3138 2023 posse
3158 1969 3251 2018 per
3272 1953 3472 2023 allego-

1971 2020 2105 2091 riam
2134 2022 2359 2073 debonis
2401 2029 2606 2074 tantum
2636 2022 2929 2074 calonibus
2956 2022 3202 2091 intelligi,
3232 2024 3323 2076 sed
3378 2020 3477 2077 iut-

1968 2088 2158 2157 plenda
2188 2105 2301 2143 esse
2330 2101 2443 2158 post
2486 2094 2765 2144 adventum
2790 2088 3204 2154 Antichristifet
3240 2110 3475 2148 resum-

1969 2160 2185 2233 ctionem
2232 2162 2285 2211 in
2320 2172 2526 2233 terrena
2560 2160 2897 2233 Jerusalem;
2931 2162 3309 2233 prioribusque
3352 2178 3472 2233 pro-

1968 2228 2277 2303 plt_etiis,ea:
2339 2229 2508 2303 Isaia,
2542 2228 2777 2285 Ieremia
2824 2241 2869 2283 et
2916 2228 3143 2287 Joannis
3181 2228 3470 2303 A'pocalypi

1967 2300 2101 2353 alias
2123 2300 2413 2368 subjungit.

1972 2434 2021 2485 i.
2046 2432 2102 2487 Si
2128 2442 2306 2487 autem
2332 2433 2548 2501 quidam
2576 2434 2910 2489 tentaverint
2938 2433 3297 2501 allegoriaare
3326 2436 3467 2501 hac,

1896 2541 2014 2593 qua:
2056 2526 2319 2593 ejusmodi
2357 2536 2501 2589 sunt;
2559 2540 2735 2595 neque
2783 2527 2847 2581 de
2906 2528 3161 2582 omnibus
3208 2536 3472 2598 poterunt

1896 2627 2259 2673 consonantes
2309 2617 2660 2686 sibimetipsis
2703 2616 2955 2682 inveniri,
2988 2627 3041 2671 et
3074 2618 3472 2673 convincentur

1895 2710 1964 2763 ab
1996 2711 2127 2780 ipsis
2156 2710 2482 2765 dictionibus
2539 2709 2937 2775 dilferentibus,
2985 2710 3249 2791 quoniam.
3296 2728 3317 2763 ι
3342 2725 3469 2766 cum

1895 2803 2147 2857 desolata:
2175 2802 2375 2859 fuerint
2404 2803 2655 2858 civitates
2686 2822 2705 2856 ι
2741 2804 3007 2873 gentium,
3049 2820 3067 2854 ι
3100 2813 3157 2858 et
3180 2805 3324 2873 quod
3352 2802 3467 2875 (67)

1895 2904 1999 2943 non
2032 2888 2495 2953 inhabitentur,et
2527 2892 2739 2953 domus,
2770 2906 2836 2946 eo
2865 2893 3011 2962 quod
3065 2908 3171 2945 non
3222 2893 3335 2948 sint
3364 2894 3465 2948 ho—

1896 2982 2102 3045 mines,
2156 2991 2211 3035 et
2263 2981 2669 3050 derelinquetur
2725 2993 2870 3038 terra
2927 2986 3144 3041 deserta
3184 2986 3262 3053 ¹⁸;
3336 3002 3465 3044 ecce

1892 3073 2059 3139 enim,
2085 3092 2104 3125 s
2143 3073 2308 3127 isaias
2357 3076 2452 3138 ait,
2494 3092 2511 3124 ε
2550 3076 2665 3129 dies
2696 3076 2906 3131 Domini
2939 3078 3263 3135 insanabilis
3295 3081 3461 3145 venit,

1894 3162 2073 3217 furore
2100 3174 2149 3217 et
2176 3166 2254 3218 ira
2288 3165 2498 3232 plenus,
2535 3179 2738 3233 ponere
2770 3167 2960 3221 urbem
2993 3178 3153 3225 terra:
3185 3174 3457 3227 desertam

1892 3256 2027 3327 (68),
2054 3266 2436 3327 etpeccatores
2468 3262 2695 3326 perdere
2712 3274 2777 3315 ex
2804 3277 2866 3316 ea
2898 3264 2964 3317 ".
2994 3283 3011 3315 ι
3033 3264 3097 3318 Et
3126 3265 3323 3319 iterum
3352 3268 3461 3321 ait:

1897 3366 1915 3399 ι
1960 3348 2219 3414 Tollatur,
2256 3358 2315 3404 ut
2356 3365 2460 3404 non
2498 3352 2676 3407 videat
2718 3353 2947 3422 gloriam
2986 3356 3200 3409 Domini
3226 3357 3313 3420 ”;
3349 3376 3368 3409 ι
3399 3369 3455 3414 et

1888 3456 2011 3497 cum
2048 3442 2160 3496 haec
2205 3441 2345 3496 facta
2388 3442 2612 3508 fuerint,
2660 3462 2680 3495 ς
2715 3445 3015 3515 eiongabit,
3070 3448 3264 3517 inquit,
3319 3447 3462 3503 Deus

1890 3533 2157 3599 homines,
2186 3543 2240 3589 et
2267 3535 2508 3589 derelicti
2572 3536 3077 3603 multiplicabuntur
3120 3538 3177 3593 in
3214 3550 3361 3595 terra
3388 3538 3455 3594 ⁸⁸.

1892 3626 1955 3679 Et
1978 3627 2325 3680 ardilieabunt
2355 3628 2567 3693 domus,
2596 3639 2651 3682 et
2680 3630 2778 3698 ipsi
2826 3630 3242 3697 inbabitubunt,
3276 3643 3331 3688 et
3360 3646 3461 3701 pa-

1891 3718 2171 3772 stinabunt
2197 3719 2407 3787 vineas,
2435 3730 2488 3773 et
2509 3721 2609 3789 ipsi
2633 3720 3137 3777 manducabunt'h
3166 3722 3290 3779 Hec
3315 3718 3461 3780 enim

1888 3809 1988 3862 alia
2016 3808 2128 3881 (69)
2158 3812 2410 3864 universa
2462 3812 2513 3865 in
2554 3813 3014 3868 resurrectionem
3054 3814 3460 3885 (70)]nstorutn

1889 3902 2005 3956 sine
2030 3902 2399 3957 controversia
2426 3904 2569 3957 dicta
2600 3912 2746 3967 sunt,
2771 3919 2893 3975 quas
2926 3904 2986 3959 fit
3006 3916 3129 3976 post
3161 3907 3456 3963 adventum

1887 3992 2298 4061 Antichristi,ct
2320 3995 2676 4065 perditionem
2710 3995 2952 4050 omnium
2979 3998 3221 4066 gentium
3272 3999 3457 4055 subeo

1887 4088 2292 4151 exsistentiutn,
2326 4088 2377 4141 in
2409 4102 2511 4156 qua
2539 4087 2841 4156 regnabunt
2861 4087 2995 4158 justi
3032 4090 3083 4143 in
3119 4101 3298 4155 terra,
3331 4105 3456 4145 ere-

1886 4191 2100 4236 scentes
2124 4196 2190 4236 ex
2222 4182 2429 4236 visione
2462 4179 2696 4245 Domini,
2731 4189 2785 4235 et
2809 4196 2907 4250 per
2932 4182 3106 4251 ipsum
3142 4192 3458 4237 assuescent

1887 4288 2075 4343 capere
2099 4273 2326 4343 gloriam
2367 4272 2461 4329 Dei
2508 4274 2709 4339 Patris,
2740 4284 2793 4327 et
2836 4288 2957 4329 cum
3008 4275 3217 4329 sanctis
3247 4277 3457 4345 angelis

1886 4369 2357 4422 conversationem
2396 4378 2452 4423 et
2479 4368 2941 4433 communionem,
2968 4377 3024 4421 et
3045 4367 3311 4421 unitatem
3343 4368 3453 4437 spi-

1887 4458 2125 4513 ritalium
2159 4459 2210 4512 in
2232 4472 2397 4529 regno
2422 4460 2673 4528 capient;
2700 4468 2754 4514 et
2791 4458 2911 4513 illos
2939 4472 3077 4526 quos
3104 4458 3366 4513 Dominus
3398 4459 3454 4512 in

2186 4574 2231 4604 ¹⁶
2258 4572 2389 4642 Cap.
2435 4572 2489 4636 8,
2512 4591 2567 4629 n.
2599 4575 2653 4635 '5.

2218 4645 2263 4676 ι’
2293 4642 2393 4698 lsa.
2418 4659 2539 4707 xm,
2570 4644 2622 4697 9.

2813 4572 2858 4603 ³⁸
2887 4572 2988 4626 lsa.
3021 4586 3173 4635 xm,
3200 4570 3255 4637 9;
3286 4584 3452 4633 sun,

2718 4642 2887 4697 “lsa.
2920 4656 3070 4707 xxvi,
3098 4640 3186 4697 10.
3275 4641 3318 4673 ”
3346 4641 3450 4696 ιω.

1959 4822 2072 4891 (65)
2113 4821 2179 4874 In
2228 4832 2294 4875 te.
2344 4821 2516 4876 Forte
2568 4822 2793 4890 scripsit
2847 4823 3117 4891 interpres
3164 4840 3327 4889 mea,
3382 4842 3451 4881 ex

1885 4890 2074 4945 Graeco
2110 4907 2243 4963 pou;
2280 4906 2438 4959 quam
2464 4904 2651 4945 vocem
2683 4893 2823 4947 male
2848 4890 3033 4963 legens
3058 4893 3262 4958 scriba,
3292 4896 3453 4952 tacite

1886 4971 2099 5016 mutare
2134 4963 2307 5027 patuit
2337 4964 2413 5024 in,
2448 4963 2501 5013 in
2527 4972 2596 5015 te.

1954 5030 2067 5103 (66)
2109 5030 2330 5087 Eorum.
2379 5033 2473 5086 Sic
2518 5032 2674 5087 Voss.
2702 5040 2758 5086 et
2788 5031 2954 5088 Grab.
2990 5032 3146 5099 juxta
3178 5029 3344 5091 LXX.
3379 5037 3452 5091 At

1880 5100 2138 5163 Feuard.,
2190 5114 2419 5155 tuorum.

1952 5171 2067 5241 (67)
2108 5172 2178 5224 Et
2202 5174 2361 5240 quod.
2396 5171 2559 5225 Forte
2587 5171 2867 5240 legendum
2889 5188 2949 5225 eo
2976 5171 3152 5241 quod;
3197 5171 3276 5228 sic
3300 5175 3447 5231 enim

1882 5240 2045 5296 habet
2074 5258 2229 5297 sacer
2259 5252 2457 5296 textus.

1952 5311 2064 5382 (68)
2103 5310 2294 5365 Urbem
2328 5321 2484 5382 terra
2522 5313 2804 5382 desertam.
2840 5309 3151 5382 μεμυρω
3187 5311 3447 5370 videtur:

1880 5378 2053 5434 orbem
2097 5394 2253 5436 terra
2303 5381 2605 5447 desertum;
2634 5378 2793 5449 juxta
2827 5378 3015 5436 (ἰτέα
3048 5380 3226 5449 Isaiae,
3262 5383 3449 5438 almu-

1882 5450 2049 5522 μένην
2079 5450 2302 5522 ἐρημοῖ-

1950 5519 2063 5590 (69)
2102 5519 2242 5574 Alia.
2272 5519 2415 5590 Lege
2446 5532 2495 5575 et
2534 5521 2664 5575 alia.

1950 5527 2040 5590 (69
2102 5527 2242 5574 Alia.
2272 5527 2415 5590 Lege
2446 5532 2495 5575 et
2534 5527 2664 5575 alia.

1948 5527 2063 5662 (Ἱοζ
2098 5591 2183 5663 In
2214 5593 2670 5663 resurrectionem.
2717 5591 2809 5647 Sic
2828 5631 2846 5657 ,
2879 5608 2980 5663 pro
3010 5594 3067 5647 in
3096 5595 3445 5649 resurrectio-

1875 5661 1963 5726 ne,
1993 5661 2320 5733 emendavi,
2348 5670 2477 5733 toto,
2504 5672 2761 5717 contextu
2805 5663 2857 5717 id
2882 5661 3229 5719 'neeessario
3258 5673 3446 5733 postu-

1876 5733 2039 5783 Intttc.
2086 5732 2348 5800 Sequitur
2394 5732 2561 5793 enim,
2616 5741 2665 5785 et
2720 5734 3179 5801 perditionem.....
3229 5732 3280 5788 et
3329 5734 3452 5798 illos

1874 5812 2247 5866 exspectantes,
2290 5813 2434 5865 εις..
2478 5818 2601 5870 qua:
2646 5805 2831 5857 omnia
2882 5804 2949 5857 ab
2999 5818 3104 5857 una
3154 5812 3207 5856 et
3257 5802 3451 5859 eadem
