4238 6316
735 365 871 422 1219

1475 359 1533 417 8.
1575 356 1830 414 ΙΒΕΝᾹΞΙ
1869 353 2178 411 EPISCOPI
2212 350 2697 408 LUGDUNENSIS
2735 351 2822 406 ET
2860 350 3214 406 MARTYRIS

3838 353 3976 407 I220

728 500 900 539 carne
931 481 1190 547 inveniet,
1218 477 1598 550 exspectantes
1629 494 1751 535 eum
1787 480 1852 534 de
1891 477 2070 542 cmlis,
2101 484 2155 529 et
2189 488 2311 544 per-
2340 475 2382 530 Α
2417 472 2616 528 virtute
2667 473 2870 542 aliqua,
2921 489 3043 542 qua:
3087 474 3351 528 abscessit
3383 472 3710 540 Pleromat‘e,
3746 448 3802 530 et
3838 476 3978 532 Pru-

731 591 923 645 pessos
964 575 1394 638 tribulationem,
1428 573 1520 642 qui
1546 582 1601 628 et
1642 571 1939 638 effugerint
1985 570 2152 638 iniqui
2191 565 2301 638 (71)

733 682 948 720 manus.
979 666 1079 734 Ipsi
1111 676 1289 718 autem
1319 675 1444 718 sunt
1469 664 1536 718 de
1557 664 1759 732 quibus
1774 665 1848 716 ait
1875 661 2169 731 propheta:
2203 679 2220 710 ι
2250 671 2304 713 et

733 757 982 812 derelicti
1011 755 1511 826 multiplicabuntur
1544 757 1596 809 in
1650 764 1814 808 terra.
1857 773 1877 805 ι
1935 754 1998 807 Ει
2043 762 2306 820 quotquot

731 863 796 901 ex
826 848 1176 903 credentibus
1224 847 1289 900 ad
1322 847 1423 902 hoc
1458 846 1780 915 praeparavit
1823 847 1982 910 Dens,
2010 845 2075 899 ad
2107 844 2303 898 dereli-

733 949 851 992 ctos
876 938 1312 1006 multiplicandos
1331 939 1390 992 in'
1416 949 1582 1000 terra,
1603 945 1654 990 et
1673 936 1783 990 sub
1806 951 1968 1006 regno
1993 945 2302 988 sanctorum

733 1031 873 1094 fieri,
905 1040 960 1085 ct
1001 1032 1310 1085 ministrare
1351 1029 1834 1094 huic‘JeruSalem,
1879 1042 1932 1082 et
1985 1031 2206 1097 regnum
2252 1028 2302 1078 in

732 1136 818 1185 ea,
850 1120 1176 1190 significavit
1214 1120 1478 1175 Jeremias
1531 1122 1814 1190 propheta,
1852 1140 1873 1170 ι
1915 1119 2301 1186 Circumspice,

732 1211 943 1276 dicens,
994 1213 1059 1264 ad
1111 1211 1405 1272 orientem,
1435 1209 1770 1274 Jerusalem,
1813 1221 1866 1263 et
1907 1210 2027 1262 vide
2064 1208 2302 1262 laetitiam

731 1321 852 1373 quae
892 1305 1148 1360 adventat
1189 1305 1297 1359 tibi
1326 1305 1393 1358 ab
1443 1305 1560 1372 ipso
1592 1302 1724 1358 Deo.
1767 1303 1923 1364 Ecce.
1961 1303 2178 1356 venient
2203 1303 2302 1356 filii

733 1396 808 1450 tui
828 1410 967 1468 quos
995 1395 1252 1459 emisisti,
1284 1393 1502 1448 venient
1533 1392 1744 1446 collecti
1766 1390 1875 1462 (1'2)
1898 1393 1963 1443 ab
1978 1391 2190 1445 oriente
2212 1405 2300 1442 us-

728 1503 840 1558 que
871 1488 938 1542 ad
969 1487 1314 1542 occidentem
1348 1489 1518 1540 verbo
1542 1520 1548 1526 ρ
1572 1483 1714 1536 illius
1760 1483 1956 1545 sancti,
2006 1482 2305 1550 gaudentes

731 1595 794 1634 ea
813 1593 934 1649 quae
957 1595 985 1632 a
1016 1577 1352 1631 Deotuoest
1389 1576 1664 1630 claritate.
1691 1573 1927 1637 Exuerc,
1976 1571 2301 1636 Jerusalem,

733 1671 975 1726 habitu‘m
1002 1671 1179 1723 luctus
1211 1676 1264 1722 et
1298 1665 1612 1722 aliiictionis
1639 1677 1767 1729 tute,
1792 1674 1846 1720 et
1869 1666 2108 1720 induere
2136 1665 2301 1719 deco-

635 1759 640 1764 ’
732 1777 846 1817 rem
877 1761 993 1829 ejus
1024 1775 1141 1830 quae
1165 1775 1192 1812 a
1224 1759 1334 1812 Deo
1359 1768 1451 1812 tuo
1491 1765 1576 1812 est
1621 1755 1890 1810 claritatis
1929 1757 1981 1810 in
2015 1767 2302 1810 aeternum:

729 1853 1074 1909 circumdare
1113 1851 1368 1904 amictum
1394 1849 1666 1918 duplicem
1707 1847 1826 1914 ejus
1873 1864 1990 1916 qua:
2018 1863 2045 1901 a
2077 1848 2183 1901 Deo
2218 1857 2306 1901 tuo

729 1945 1301 2016 estjustitimjmpone
1328 1945 1546 1997 mitram
1571 1957 1735 2011 super
1761 1949 1923 2008 caput
1947 1948 2095 1993 tuum
2124 1939 2306 2008 gloria:

728 2049 968 2092 κιαι-ηερ.
991 2036 1133 2090 Deus
1159 2036 1305 2089 enim
1349 2035 1745 2090 demonstrabit
1782 2034 1830 2088 ei
1877 2049 1997 2102 qua:
2042 2033 2141 2087 sub
2167 2031 2306 2086 caelo

729 2135 813 2183 est
875 2130 1144 2182 universa:
1187 2141 1334 2181 tuum
1391 2125 1678 2194 fulgorem.
1734 2126 2032 2180 Vocabitur
2077 2139 2306 2192 namque

730 2235 930 2276 nomen
961 2231 1114 2276 tuum
1143 2221 1210 2274 ab
1240 2222 1356 2289 ipso
1393 2220 1503 2273 Deo
1536 2221 1588 2273 in
1622 2229 1910 2282 aeternum,
1947 2233 2049 2287 pax
2083 2219 2308 2286 justititn

730 2321 784 2366 et
808 2312 995 2382 gloria:
1029 2312 1226 2367 colenti
1279 2313 1411 2367 Deo.
1447 2312 1643 2380 Surge,
1667 2309 1992 2373 Jerusalem,
2043 2320 2108 2363 et
2143 2318 2221 2364 sta
2254 2309 2304 2361 in

730 2403 976 2468 excelso,
1006 2413 1061 2458 et
1094 2404 1457 2472 circumspice
1483 2404 1548 2456 ad
1579 2403 1870 2465 orientem,
1895 2412 1945 2456 et
1984 2401 2105 2456 vide
2145 2401 2307 2455 colle-

731 2505 852 2549 ctos
882 2494 1024 2548 filios
1059 2505 1181 2548 tuos
1226 2511 1255 2547 a
1324 2495 1454 2549 solis
1505 2505 1624 2548 ortu
1661 2510 1828 2561 usque
1853 2494 1918 2546 ad
1968 2491 2306 2548 occidentem

728 2586 900 2645 verbo
938 2586 1083 2641 illius
1115 2590 1314 2654 sancti,
1349 2589 1647 2658 gaudentes
1689 2590 1865 2655 ipsam
1912 2586 2006 2642 Dei
2053 2587 2307 2640 recorda-

734 2677 938 2730 tionem
967 2675 1103 2748 (73).
1144 2677 1380 2732 Profecti
1424 2688 1550 2733 sunt
1600 2679 1744 2730 enim
1769 2692 1796 2729 a
1824 2685 1872 2729 te
1909 2676 2139 2744 pedites,
2182 2675 2306 2727 dum

730 2768 1130 2824 adducerentur
1155 2769 1633 2839 (7l)ahinimicis.
1673 2767 1984 2821 lntroducet
2016 2768 2134 2822 illos
2168 2766 2308 2822 Dens

732 2859 800 2913 ad
815 2869 867 2913 te
880 2867 1126 2926 portatus
1149 2877 1266 2913 cum
1283 2862 1448 2930 gloria
1467 2872 1724 2928 tanquam
1749 2859 1982 2913 thronus
2002 2859 2112 2930 (75)
2131 2859 2302 2927 regni.

731 2950 984 3006 Decrevit
1010 2953 1156 3005 enim
1179 2952 1318 3006 Deus
1343 2963 1400 3006 ut
1424 2953 1737 3006 humilietur
1760 2953 1939 3006 omnis
1960 2966 2112 3004 mons
2135 2951 2309 3003 excel-

730 3057 845 3106 sus,
869 3052 924 3095 et
949 3044 1236 3114 congeries
1261 3054 1498 3107 aeternae,
1543 3054 1596 3096 et
1643 3053 1699 3096 nt
1757 3043 1922 3095 valles
1957 3041 2307 3110 impleantur,

732 3130 801 3185 ad
832 3133 1184 3202 redigendam
1222 3133 1499 3201 planitiem
1545 3143 1721 3197 terrae,
1753 3142 1808 3185 ut
1857 3130 2098 3184 ambulet
2146 3130 2310 3184 Israel

735 3230 852 3274 tute
875 3222 969 3283 Dei
1007 3222 1201 3291 gloria.
1236 3221 1564 3276 Umbracnla
1599 3229 1782 3276 autem
1818 3221 2167 3276 intexuerunt
2212 3223 2310 3276 sil-

733 3328 835 3376 wn,
864 3321 1096 3366 etomne
1125 3313 1324 3382 lignum
1356 3313 1479 3366 boni
1510 3315 1695 3367 odoris
1725 3313 1822 3381 ipsi
1846 3313 2009 3368 Israel
2040 3325 2309 3382 pracepto

732 3403 1094 3473 Dei._Pr:eibit
1123 3407 1267 3458 enim
1287 3405 1429 3469 Deus
1457 3421 1582 3459 cum
1608 3406 1794 3461 laetitia
1823 3408 2022 3461 lumine
2047 3406 2310 3461 claritatis

732 3510 867 3558 sum,
931 3511 1054 3551 cum
1123 3497 1496 3552 misericordia
1549 3509 1605 3552 et
1637 3498 1882 3567 justitia,
1928 3514 2049 3571 qua:
2088 3499 2154 3554 ab
2194 3500 2310 3568 ipso

733 3595 820 3640 est
847 3585 914 3638 ⁸³.
941 3604 961 3638 ι

803 3679 863 3732 2.
898 3676 1236 3733 llaecautem
1271 3680 1396 3732 talia
1424 3679 1677 3734 universa
1709 3696 1815 3734 non
1867 3681 1920 3734 in
1977 3685 2308 3752 snpercmle-

733 3769 908 3832 stibus
935 3778 1161 3838 possunt
1193 3771 1449 3841 intelligi:
1493 3791 1515 3818 ι
1569 3773 1709 3826 Dens
1729 3774 1898 3834 enim,
1939 3776 2037 3836 ait,
2085 3776 2308 3829 demon-

733 3863 930 3918 strabit
954 3863 1001 3916 ei
1023 3879 1143 3932 qua
1177 3865 1278 3917 sub
1328 3864 1472 3919 casio
1515 3874 1618 3928 est,
1654 3868 1926 3920 universae
1956 3877 2103 3920 tuum
2144 3869 2310 3937 fulgo-

737 3969 850 4008 rem
868 3971 916 4018 ,ι
935 3957 1026 4008 sed
1055 3956 1108 4008 in
1128 3957 1274 4024 regni
1300 3958 1663 4026 temporibus,
1698 3968 1950 4011 revocata
1976 3957 2088 4030 (76)
2117 3971 2260 4014 terra
2281 3977 2309 4013 a

734 4047 978 4112 Christo,
1004 4057 1059 4099 et
1083 4047 1415 4103 .remdifieala
1446 4047 1774 4114 Jerusalem,
1803 4054 2094 4106 secundum
2122 4055 2312 4108 chara-

734 4147 936 4194 cterem
963 4140 1076 4212 (77)
1100 4156 1223 4210 quae
1244 4142 1462 4196 sursum
1489 4153 1572 4198 est
1603 4142 1932 4211 Jerusalem,
1989 4147 2055 4200 de
2085 4161 2188 4216 qua
2237 4150 2314 4202 ait

735 4233 1001 4302 propheta
1039 4234 1206 4288 Isaias
1239 4250 1254 4286 :
1296 4255 1315 4287 ι
1352 4236 1488 4290 Ecce
1537 4237 1587 4290 in
1617 4238 1866 4293 manibus
1910 4238 2046 4294 meis
2093 4241 2310 4308 depinxi

737 4339 923 4379 muros
952 4335 1095 4391 tuos,
1149 4335 1205 4380 et
1249 4327 1302 4381 in
1351 4336 1648 4396 conspectu
1695 4344 1816 4384 meo
1846 4345 1906 4384 es
1933 4346 2146 4400 semper
2182 4334 2246 4384 “.
2287 4353 2307 4385 ι

728 4416 1106 4487 EtApostolns
1126 4429 1308 4474 autem
1334 4421 1581 4476 scribens
1606 4422 1673 4474 ad
1690 4421 1913 4477 Galatas
1931 4424 2183 4479 similiter
2208 4425 2309 4479 ait:

2413 566 2554 629 nico;
2583 567 2678 620 sed
2709 567 2775 620 de
2803 565 3106 630 Jerusalem
3161 580 3280 636 quae
3334 568 3385 620 in
3431 568 3677 621 manilius
3704 570 3972 641 descripta

2410 669 2512 711 est.
2563 659 2624 712 Et
2671 661 2844 728 ipSam
2885 659 3306 713 descendentem
3364 660 3415 712 in
3469 661 3787 730 Apocalypsi
3840 664 3978 716 vidit

2409 747 2645 803 Jmnnes
2672 764 2832 817 super
2861 761 3062 803 terram
3101 739 3296 803 novam
3340 750 3405 804 “.
3452 749 3580 806 Post
3625 755 3768 806 enim
3824 757 3976 824 regni

2414 854 2677 912 tempora,
2733 862 2750 895 ι
2788 843 2920 908 vidi,
2955 844 3152 913 inquit,
3179 846 3431 900 thronum
3466 846 3646 901 album
3699 863 3974 916 magnum,

2411 946 2464 988 et
2487 937 2766 990 sedentem
2805 937 2855 989 in
2885 952 2973 998 eo,
3000 938 3156 1007 cujus
3188 953 3216 990 a
3253 937 3388 992 facie
3419 937 3553 1006 fugit
3586 948 3730 994 terra
3773 949 3828 994 et
3866 953 3978 994 cre-

2414 1026 2542 1089 lum,
2571 1036 2625 1079 et
2647 1026 2797 1080 locus
2833 1043 2938 1080 non
2965 1037 3046 1082 est
3080 1029 3160 1081 eis
3186 1027 3252 1080 ³⁷.
3290 1047 3308 1080 ι
3346 1029 3410 1082 Et
3432 1028 3525 1081 illa
3553 1030 3662 1099 jam
3696 1029 3834 1101 (79),
3858 1045 3979 1098 qua:

2412 1129 2538 1173 sunt
2595 1119 2866 1186 generalis
2905 1121 3324 1174 resurrectionis
3394 1132 3448 1173 et
3474 1122 3684 1190 jndicii,
3729 1124 3978 1190 exponit,

2414 1209 2617 1265 vidisse
2645 1213 2831 1266 dicens
2859 1230 2878 1262 ι
2910 1222 3153 1266 mortuos
3189 1228 3410 1284 magnos
3437 1223 3490 1268 et
3515 1214 3773 1268 minores.
3799 1215 3978 1278 Dedit,

2414 1303 2607 1370 inquit,
2641 1318 2790 1357 mare
2821 1318 3084 1368 mortuos,
3115 1319 3249 1373 quos
3279 1307 3329 1360 in
3355 1321 3412 1360 se
3440 1291 3646 1371 habuit,
3673 1317 3727 1361 et
3756 1323 3904 1361 mors
3926 1317 3984 1361 et

2413 1393 2574 1448 inferi
2614 1393 2880 1448 dederunt
2912 1406 3173 1458 mortuos,
3200 1412 3337 1466 quos
3370 1397 3508 1467 apud
3559 1412 3616 1451 se
3647 1398 3979 1458 habuerunt,

2410 1494 2464 1537 et
2496 1484 2616 1538 libri
2644 1485 2888 1551 adaperti
2913 1495 3061 1539 sunt.
3103 1484 3209 1540 Sed
3238 1495 3293 1540 et
3317 1488 3462 1550 vitae,
3509 1487 3607 1552 ait,
3645 1498 3865 1555 apertus
3899 1498 3983 1540 est

2412 1576 2574 1639 liber,
2607 1587 2662 1631 et
2715 1576 2939 1646 jndicati
2981 1589 3107 1632 sunt
3150 1579 3346 1633 mortui
3405 1593 3468 1632 ex
3504 1580 3570 1632 iis
3617 1593 3736 1647 quae
3777 1580 3981 1647 scripta

2409 1677 2566 1723 erant
2620 1669 2674 1721 in
2717 1667 2901 1731 libris,
2945 1671 3243 1723 secundum
3275 1685 3440 1738 opera
3481 1685 3598 1733 sua,
3629 1681 3682 1723 et
3713 1687 3880 1735 mors,
3927 1682 3984 1724 et

2411 1752 2567 1807 inferi
2602 1755 2748 1806 missi
2778 1765 2897 1810 sunt
2935 1757 2987 1809 in
3020 1767 3268 1826 stagnum
3307 1760 3469 1829 ignis,
3499 1761 3789 1813 secundam
3835 1775 3982 1814 mor-

2340 1834 2379 1886 Β
2416 1853 2520 1898 tem
2540 1845 2604 1898 ³⁸.
2635 1864 2652 1897 ι
2679 1844 2790 1900 Iloc
2812 1858 2992 1902 autem
3019 1859 3104 1902 est
3135 1849 3278 1919 quod
3297 1859 3524 1903 vocatur
3546 1853 3812 1920 gehenna,
3837 1852 3983 1920 quod

2417 1937 2670 1992 Dominus
2703 1939 2837 1993 dixit
2869 1941 3042 2006 ignem
3081 1952 3348 1995 :eternum
3384 1942 3449 1996 ³⁹.
3477 1961 3496 1993 ι
3541 1942 3604 1996 Et
3641 1944 3683 1997 si
3727 1943 3866 2012 quis,
3895 1945 3984 1996 in-

2415 2034 2551 2098 quit,
2578 2046 2683 2083 non
2705 2045 2790 2084 ρει
2821 2033 3073 2086 inventus
3097 2036 3148 2086 in
3171 2035 3309 2088 linro
3331 2041 3455 2087 vita:
3485 2034 3746 2105 scriptus,
3779 2037 3988 2089 missus

2414 2132 2496 2175 est
2529 2124 2581 2175 in
2613 2133 2862 2191 stagnum
2895 2124 3032 2192 ignis
3063 2125 3130 2177 ⁸ο.
3170 2143 3188 2176 ι
3235 2127 3297 2179 Ει
3324 2136 3444 2194 post
3497 2127 3612 2180 haec
3644 2127 3759 2180 ait:
3800 2145 3820 2179 ι
3859 2127 3984 2179 Vidi

2414 2216 2610 2292 caelum
2668 2230 2884 2280 novum,
2935 2227 2990 2270 et
3046 2227 3244 2272 terram
3293 2232 3503 2270 novam.
3564 2215 3800 2270 Primum
3839 2217 3986 2270 enim

2416 2305 2612 2359 malum
2641 2316 2694 2360 et
2737 2315 2879 2359 terra
2914 2306 3180 2369 abierunt;
3225 2306 3389 2358 etiam
3429 2318 3576 2357 mare
3608 2317 3713 2356 non
3763 2311 3866 2356 est.
3919 2303 3989 2356 Iit

2418 2398 2694 2452 civitatem
2733 2409 2978 2452 sanctam
3025 2396 3324 2452 Jerusalem
3360 2410 3554 2450 novam
3597 2395 3704 2447 vidi
3759 2394 3994 2447 descen-

2417 2491 2632 2543 dentem
2663 2491 2728 2543 de
2777 2490 2935 2561 cmlo,
2960 2488 3318 2559 praeparatam
3353 2496 3430 2542 nt‘
3452 2503 3704 2558 Sponsam
3738 2498 3988 2541 ornatam

2420 2583 2534 2636 viro
2561 2597 2680 2637 suo.
2714 2583 2777 2636 Et
2798 2585 3002 2644 audivi,
3025 2583 3222 2652 inquit,
3247 2597 3428 2636 vocem
3467 2595 3718 2650 magnam
3745 2583 3810 2636 de
3829 2584 3990 2636 thro-

2419 2691 2486 2728 no
2505 2675 2775 2728 dicentem
2800 2690 2816 2727 :
2846 2675 2986 2729 Ecce
3019 2674 3427 2730 tabernaculum
3462 2674 3555 2729 Dei
3588 2669 3725 2728 eum
3755 2674 3992 2728 homini-

2419 2766 2548 2830 bus,
2595 2778 2647 2821 et
2678 2768 2946 2822 habitabit
2989 2782 3110 2820 cum
3133 2768 3214 2820 eis
3236 2807 3251 2831 ,
3292 2775 3342 2844 et
3376 2767 3476 2836 ipsi
3507 2768 3691 2836 populi
3731 2765 3840 2836 (80)
3871 2751 3992 2832 ejus

2417 2869 2594 2922 erunt,
2633 2870 2688 2912 et
2718 2860 2833 2926 ipse
2878 2861 3018 2913 Deus
3064 2874 3186 2913 cum
3240 2859 3319 2912 eis
3373 2858 3477 2911 erit
3503 2872 3690 2912 eorum
3723 2857 3886 2910 Deus.
3924 2857 3991 2910 Et

2420 2950 2618 3003 delebit
2637 2965 2851 3004 omnem
2888 2949 3188 3020 lacrymam
3217 2951 3284 3003 ab
3307 2952 3480 3004 oculis
3500 2966 3713 3016 eorum,
3734 2962 3789 3004 et
3843 2956 3992 3004 mors

2419 3056 2528 3094 non
2578 3042 2683 3095 erit
2713 3043 2964 3110 amplius,
2993 3058 3098 3098 non
3150 3043 3349 3108 luctus,
3394 3058 3496 3096 non
3546 3042 3778 3106 clamor,
3817 3051 3992 3112 neque

2419 3132 2574 3187 dolor
2621 3131 2849 3187 ulterius
2901 3132 3026 3194 erit,
3075 3135 3203 3203 quia
3249 3135 3421 3201 prima
3466 3135 3807 3188 abierunt“.
3862 3154 3880 3186 ι
3926 3135 3995 3189 Et

2419 3224 2585 3279 Isaias
2617 3231 2800 3278 autem
2828 3227 2927 3280 hoc
2960 3226 3136 3294 ipsum
3159 3227 3235 3279 ait
3265 3245 3276 3280 :
3306 3243 3324 3276 ι
3345 3218 3475 3281 Ἐι-ἰι
3502 3229 3644 3280 enim
3670 3227 3867 3283 ctrlum
3895 3242 3994 3282 no-

2418 3330 2568 3379 vum,
2600 3329 2656 3370 et
2687 3326 2831 3370 terra
2864 3332 3025 3380 nova,
3077 3326 3134 3370 et
3183 3332 3285 3370 non
3322 3329 3485 3372 erunt
3532 3333 3799 3372 memores
3847 3319 3995 3386 prio-

2417 3423 2569 3472 rum,
2623 3418 2798 3477 neque
2845 3409 3102 3464 obveniet
3173 3411 3246 3463 eis
3291 3409 3344 3462 in‘
3403 3425 3530 3474 cor;
3598 3411 3692 3464 sed
3745 3410 3991 3464 laetitiam

2417 3509 2471 3555 et
2501 3500 2922 3555 exsultationem
2977 3501 3252 3554 invenient
3305 3501 3356 3554 in
3406 3503 3550 3556 ea“.
3589 3520 3608 3554 ι
3664 3501 3774 3555 lloc
3811 3512 3991 3556 autem

2417 3605 2501 3650 est
2557 3599 2700 3663 quod
2763 3596 2831 3648 ab
2887 3596 3147 3665 Apostolo
3205 3597 3410 3649 dictum
3466 3605 3596 3648 est:
3653 3617 3668 3646 ι
3745 3595 3995 3650 Ρτεειειὲι

2417 3691 2560 3743 enim
2606 3690 2822 3744 habitus
2853 3690 3009 3759 hujus
3052 3690 3235 3743 mundi
3262 3688 3332 3744 ”.
3359 3709 3377 3740 ι
3425 3688 3686 3742 Similiter
3715 3699 3899 3741 autem
3937 3699 3997 3742 et

2421 3781 2682 3856 Dominus
2718 3782 2834 3835 ait:
2867 3800 2884 3832 ι
2919 3781 3086 3835 Terra
3126 3791 3182 3836 et
3222 3782 3416 3835 caelum
3467 3781 3696 3835 transiet
3725 3779 3793 3834 ‘l'.
3833 3799 3854 3832 ι
3899 3779 3997 3834 His

2421 3875 2602 3942 itaque
2629 3874 3086 3942 prmtercnntibns
3114 3883 3512 3942 superterram,
3535 3859 3724 3928 novam
3750 3875 3998 3942 superio-

2421 3983 2532 4020 rem
2557 3967 2857 4020 Jerusalem
2898 3969 2975 4019 ait
3009 3967 3218 4020 Domini
3268 3967 3565 4036 discipulns
3614 3966 3855 4021 Joannes
3896 3967 3996 4021 de-

2421 4060 2702 4123 scendere,
2717 4059 3168 4128 quemadmodum
3194 4073 3448 4127 sponsam
3469 4068 3716 4112 ornatam
3737 4063 3856 4113 viro
3873 4073 3994 4121 suo;

2418 4152 2606 4206 ethoc
2644 4166 2763 4205 esse
2815 4150 3222 4205 tabernaculum
3273 4149 3390 4213 Dei,
3434 4151 3485 4202 in
3517 4165 3626 4218 quo
3669 4149 3998 4203 inhabitabit

2423 4243 2561 4299 Deus
2590 4260 2712 4297 eum
2741 4244 3077 4298 hominibus.
3103 4243 3273 4312 Iinjus
3302 4240 3610 4306 Jerusalem
3648 4242 3827 4310 imago
3881 4242 3995 4306 illa,

2421 4350 2538 4402 quae
2564 4333 2616 4384 in
2651 4334 2816 4400 priori
2841 4342 2984 4386 terra
3017 4332 3338 4395 Jerusalem,
3384 4334 3434 4386 in
3469 4347 3572 4399 qua
3610 4329 3741 4398 justi
3769 4345 3998 4397 prteme-

2423 4427 2660 4477 ditantur
2681 4423 3106 4492 incorruptclam
3133 4424 3266 4492 (8f),
3286 4433 3339 4475 et
3366 4432 3623 4492 parantur
3647 4422 3696 4474 in
3734 4421 3993 4474 salutem.

741 4526 762 4559 ι
797 4509 891 4562 llla
932 4522 1108 4566 autem
1138 4527 1257 4581 qua:
1295 4528 1512 4568 sursum
1553 4525 1637 4569 est
1658 4513 1956 4570 Jerusalem
2008 4517 2174 4573 libera
2209 4528 2312 4584 est,
2347 4546 2390 4599 υ
2421 4517 2487 4570 Et
2540 4516 2700 4584 hujus
2756 4513 3087 4568 tabernaculi
3133 4524 3317 4583 typum
3384 4514 3597 4582 accepit
3670 4510 3886 4580 Moyses
3943 4511 3994 4562 in

739 4617 860 4670 qua:
905 4614 986 4657 est
1026 4613 1197 4658 mater
1227 4604 1470 4659 omnium
1505 4615 1750 4660 nostrum
1779 4606 1982 4672 "pnon
2016 4623 2082 4662 ex
2108 4610 2315 4680 cogita-

740 4693 1244 4764 tmne(78)erratici
1276 4695 1470 4751 Eonis
1497 4697 1686 4751 dicens
1721 4698 1844 4762 hoc,
1863 4697 2024 4769 336
2049 4715 2223 4766 neque
2245 4705 2312 4758 de

808 4791 853 4822 ⁸³
877 4789 1088 4846 Barncb
1115 4807 1188 4853 tv,
1228 4791 1317 4856 '56,
1357 4802 1413 4847 et
1449 4808 1482 4845 v
1525 4804 1623 4848 tot.
1724 4793 1769 4825 “
1797 4795 1899 4848 lsa.
1928 4810 2078 4860 ιιιι,
2115 4796 2202 4851 l6.

739 4861 784 4892 ³⁸
816 4860 976 4925 Ibid.,
1015 4862 1242 4927 12,15,
1293 4863 1379 4918 14.
1471 4863 1514 4895 ³⁸
1541 4863 1730 4918 Matth.
1779 4880 1906 4928 xxv,
1934 4865 2023 4920 41.

738 4932 824 4983 ⁸³1
856 4932 983 4984 Cor.
1014 4948 1109 4996 vn,
1130 4933 1220 4986 51.
1331 4932 1378 4963 ⁸⁸
1403 4932 1595 4988 Matth.
1629 4950 1776 4990 xxvr.
1810 4935 1901 4988 35.

742 5024 1124 5147 praepositione
1152 5026 1207 5077 in
1239 5034 1524 5094 reguntur,
1553 5035 1607 5078 et
1646 5042 1768 5080 cum
1805 5039 1865 5078 ea
1893 5037 2308 5084 construuntur.

784 5109 911 5147 orro
940 5095 997 5147 in
1027 5096 1245 5147 scribsit
1275 5097 1546 5147 interpres
1585 5110 1684 5147 oro
1714 5098 1879 5147 circa.
1913 5113 2035 5147 eraa
2060 5114 2072 5147 τ
2103 5097 2307 5147 Graec.--

784 5109 911 5178 orro
940 5097 997 5148 in
1027 5097 1245 5163 scripsit
1275 5097 1546 5165 interpres
1585 5110 1684 5163 pro
1714 5098 1879 5164 circa,
1913 5113 2072 5166 erga;
2103 5097 2308 5166 Gram,

967 5233 1164 5307 Iniqui.
1200 5233 1726 5307 SciL,ﬁntichrirl_i.

811 5303 926 5372 (72)
965 5303 1206 5360 Cotlecti.
1241 5307 1330 5360 Sic
1363 5305 1530 5360 Grab.
1556 5321 1624 5360 ex
1653 5305 1807 5361 Voss.
1838 5314 1894 5361 et
1933 5321 2092 5363 sacro
2141 5319 2305 5363 textu.

739 5373 797 5429 In
830 5373 1087 5439 ηυδε-(1.,
1123 5377 1290 5430 electi.

739 5514 774 5566 Δ
812 5443 925 5564 $73)
965 5444 1421 5500 Rccordotionem.
1466 5447 1523 5502 In
1555 5446 1792 5504 Feuard.
1821 5461 2098 5517 corrupte,
2138 5463 2304 5502 recre-

779 5531 808 5566 a
838 5531 1028 5568 tonent.

739 5554 1390 5706 :rlzl‘zrzlducerentur.
1431 5587 1597 5644 Forte
1646 5587 1935 5660 legendum
1983 5591 2302 5644 abduceren-

803 5669 846 5706 Γ.

811 5723 924 5794 (75)
973 5724 1288 5781 Portatur...
1316 5730 1552 5785 thronus.
1587 5727 1776 5784 Grzeca
1805 5727 2038 5785 Baruchi
2069 5739 2265 5784 sonant
2291 5748 2303 5783 :

737 5804 1040 5862 portatus...
1067 5800 1331 5852 thronum.

2340 4805 2382 4836 ⁸⁵
2412 4803 2530 4860 Gal.
2587 4818 2661 4866 tv,
2694 4800 2784 4854 26.

2101 4868 2145 4897 ⁸⁸
2172 4873 2339 4940 Apoc.
2374 4891 2462 4941 xx,
2496 4875 2581 4928 15.

2423 4619 2634 4662 monte:
2659 4618 2712 4661 et
2735 4607 2866 4661 nihil
2901 4609 3238 4676 allegorizari
3266 4616 3461 4676 potest,
3486 4607 3579 4661 sed
3605 4606 3784 4659 omnia
3815 4607 3995 4664 firma.

2420 4718 2475 4762 et
2509 4722 2655 4769 vera,
2705 4716 2757 4758 et
2812 4704 3168 4759 substantiam
3226 4703 3508 4766 habentia,
3553 4701 3620 4754 ad
3676 4699 3995 4752 fruitioncm

2889 4801 2933 4832 ³⁸
2965 4801 3132 4880 Apoc.
3177 4817 3291 4862 χχι,
3339 4801 3393 4852 2.
3422 4870 3462 4880 η
3492 4800 3534 4880 ξ’
3566 4798 3733 4866 Apoc.
3775 4810 3872 4880 x3,

2692 4871 2732 4902 “
2759 4873 2923 4939 Apoc.
2953 4864 3118 4932 κίκι
3160 4886 3314 4940 seqq.
3419 4870 3464 4900 δ’
3494 4870 3596 4924 lsa.
3617 4864 3751 4931 txv,
3788 4866 3878 4928 17,
3908 4864 3992 4918 ts.

2494 5027 2606 5092 (76)
2647 5025 2918 5080 Rrvocnta.
2983 5024 3216 5086 Conjicit
3261 5023 3427 5078 Grab.
3481 5023 3787 5091 legendum,
3835 5042 3993 5084 rem).

2423 5109 2565 5151 vam.
2603 5096 2706 5149 Sed
2740 5113 2842 5150 non
2875 5097 3119 5148 meminit
3145 5095 3255 5160 jam
3295 5095 3554 5148 Irenaeum
3587 5110 3706 5162 sup.
3741 5111 3864 5163 cap.
3902 5103 3992 5158 55,

2424 5184 2478 5219 ιι.
2507 5168 2561 5228 4,
2591 5169 2779 5219 eadem
2810 5182 2960 5229 voce,
2993 5175 3049 5218 et
3071 5168 3260 5217 eodem
3294 5180 3453 5218 sensu
3487 5181 3582 5232 pro
3606 5166 3990 5233 redintegrata,

2422 5253 2515 5291 seu
2545 5240 2608 5289 ad
2636 5239 2927 5302 pristinum
2959 5246 3162 5289 statum
3196 5245 3456 5300 revocata,
3483 5251 3638 5288 usum
3671 5233 3860 5288 fuisse.

2493 5308 2606 5378 (77)
2649 5306 2948 5359 Secundum
2984 5307 3357 5358 characterem.
3414 5306 3468 5359 Id
3519 5317 3642 5370 est,
3690 5309 3990 5363 secundum

2419 5377 2675 5432 formant.
2715 5389 2916 5446 typum,
2949 5387 3056 5429 etc.

2488 5447 2600 5516 (78)
2645 5446 2765 5498 Non
2805 5463 2866 5499 ea:
2909 5447 3242 5517 cogitatione.
3292 5447 3398 5499 Pro
3428 5463 3531 5517 non
3561 5446 3624 5517 de
3651 5449 3993 5517 cogitatione.

2489 5515 2600 5588 (79)
2645 5517 2907 5588 Illnjam.
2933 5515 3292 5588 Jamaddi‘dit
3317 5516 3487 5588 Grab.
3514 5532 3579 5569 ex
3603 5515 3725 5572 cod
3749 5518 3907 5573 Voss.

2490 5585 2600 5658 (80)
2649 5587 2865 5658 Populi.
2895 5587 2969 5658 Ita
3006 5587 3167 5640 etiam
3199 5585 3352 5641 Voss.
3384 5597 3436 5640 et
3461 5587 3627 5642 Grab.
3653 5588 3813 5658 juxta
3842 5590 3993 5646 Gne-

2417 5673 2540 5711 cum
2571 5657 2814 5711 Joannis.
2851 5657 2904 5709 In
2932 5656 3192 5719 Fenard.,
3223 5659 3470 5725 papulas.

2490 5729 2601 5795 (δι)
2648 5725 3092 5780 Ρινίνηιεάὶιαηιιιν
3126 5728 3550 5796 incorruptelam.
3582 5728 3687 5784 Pro
3729 5745 4003 5797 prmeur-

2419 5801 2656 5852 citantur
2685 5798 2752 5849 ad
2783 5797 3210 5866 incorruptclam.
