4238 6316
721 411 860 467 122⁵1

1940 406 1997 460 S.
2035 403 2290 460 ΗῙΕΝΑΞΙ
2325 403 2772 460 FRAGMENTA.

3836 413 3970 470 1238

723 526 1064 595 impietatem
1106 536 1198 577 eos
1241 519 1540 586 conjiciunt
1584 518 1674 587 qui
1723 518 1830 574 illis
1887 521 2289 586 assentiuntur;
2320 522 2397 577 Ai

2287 522 2364 577 ,Α
2394 516 2650 568 ἀσέϐειαν
2710 516 3102 588 περιϐάλλοντα
3156 520 3280 582 τοὺς
3343 519 3696 592 πειθομένους
3747 525 3958 589 αὐτοῖς’

719 620 837 673 haec
878 617 1129 686 dogmata
1174 629 1240 667 ne
1279 613 1496 682 quidem
1530 611 1773 667 haeretici
1809 622 1962 665 extra
1993 613 2291 668 Ecclesiam

720 706 880 776 positi
933 705 1180 775 proferre
1231 716 1468 771 unquam
1509 702 1626 755 ausi
1659 711 1824 766 sunt;
1873 703 1989 757 haec
2042 703 2290 775 dogmata

721 798 797 859 lii.
839 797 927 865 qui
953 805 1078 849 ante
1113 810 1209 850 nos
1239 795 1522 858 exstitere,
1563 794 1895 864 presbyteri,
1924 796 2127 865 quique
2161 810 2290 864 apo-

722 889 984 943 stolorum
1035 888 1285 957 discipuli
1323 887 1493 950 fuere.
1526 889 1750 942 minime
1785 888 1878 943 tibi
1925 887 2289 942 tradiderunt.

721 983 843 1036 Vidi
879 983 1021 1036 enim
1052 993 1125 1046 te,
1166 996 1285 1034 cum
1332 981 1508 1036 adhuc
1542 993 1675 1050 puer
1703 995 1900 1045 essem,
1935 981 1989 1034 in
2032 980 2290 1036 inferiore

721 1077 847 1130 Asia
894 1076 1030 1145 apud
1084 1075 1471 1144 Polycarpum,
1505 1089 1626 1128 eum
1670 1075 1722 1128 in
1761 1076 2118 1142 imperatoria
2170 1073 2289 1147 aula

722 1169 1002 1237 splendide
1038 1182 1251 1237 ageres,
1281 1179 1333 1222 et
1365 1168 1441 1222 illi
1477 1179 1528 1223 te
1560 1169 1794 1237 probare
1829 1167 2127 1224 conareris.
2156 1165 2288 1220 Nam

669 1250 681 1266 ’
723 1277 811 1324 ea,
855 1275 973 1328 qua
1011 1271 1138 1314 tune
1174 1268 1321 1329 gesta
1363 1269 1521 1324 sunt,
1564 1260 1758 1313 melius
1807 1258 2064 1312 memoria
2107 1267 2285 1317 teneo,

723 1366 883 1418 quam
921 1365 1042 1418 qua
1099 1364 1271 1419 nuper
1315 1351 1630 1405 acciderunt
1691 1349 1855 1421 350
1904 1349 2128 1418 (quippe
2168 1363 2286 1416 quze

723 1443 875 1513 pueri
913 1444 1195 1508 discimus,
1231 1443 1392 1497 simul
1427 1457 1546 1496 cum
1583 1442 1770 1495 animo
1800 1442 1915 1509 ipso
1949 1440 2284 1501 coalescunt,

721 1531 879 1601 eique
921 1531 1134 1599 penitus
1174 1531 1499 1601 inhaerent);
1542 1533 1677 1586 adeo
1706 1540 1765 1585 ut
1796 1540 1851 1585 et
1883 1530 2062 1585 locum
2110 1530 2288 1582 dicere

721 1621 950 1689 possim,
984 1621 1033 1673 in
1081 1635 1187 1688 quo
1217 1623 1414 1678 sedens
1445 1624 1639 1676 beatus
1678 1622 2010 1693 Polycarpus
2055 1621 2285 1676 dissere-

720 1715 844 1777 bat,
887 1729 1174 1781 processus
1216 1730 1430 1784 quoque
1465 1714 1580 1781 ejus
1621 1724 1676 1767 et
1724 1715 2019 1781 ingressus,
2053 1715 2286 1783 vitatque

720 1808 938 1858 modum
987 1815 1040 1858 et
1093 1808 1336 1875 corporis
1383 1807 1618 1874 speciem
1647 1846 1662 1869 ,
1713 1820 1995 1861 sermones
2050 1805 2284 1874 denique

2398 611 2569 664 ταῦτα
2597 612 2663 664 τὰ
2692 609 2940 680 δόγματα
2968 611 3087 663 οὐδὲ
3119 613 3164 664 οἱ
3196 611 3298 678 ἔξω
3329 613 3430 684 τῆς
3467 615 3790 688 Ἐκκλησιας
3820 619 3968 689 αἱρε-

2398 704 2537 756 τικοὶ
2581 702 2882 774 ἐτόλμησαν
2932 703 3312 774 ἀποφήνασθαι
3358 723 3518 760 ποτε·
3559 707 3729 760 ταῦτα
3769 709 3837 763 τὰ
3885 709 3965 763 δό-

2398 813 2581 866 γματα
2620 797 2670 848 οἱ
2713 796 2819 868 πρὸ
2857 795 3013 867 ἡμῶν
3047 796 3439 870 πρεσϐύτεροι,
3469 800 3518 852 οἱ
3554 800 3647 853 καὶ
3692 804 3804 865 τοῖς
3835 790 3964 856 ἀπο-

2399 887 2602 950 στόλοις
2657 888 3158 960 συμφοιτήσαντες,
3202 890 3263 941 οὐ
3301 888 3627 960 παρέδωκάν
3675 908 3777 945 σοι.
3813 889 3963 947 Εἶδον

2396 980 2503 1050 γάρ
2532 997 2591 1032 σε
2628 979 2737 1050 (14)
2759 1021 2773 1044 ,
2823 981 2948 1044 παῖς
2980 978 3056 1033 ῶν
3086 979 3197 1045 ἔτι,
3236 981 3294 1034 ὲν
3328 983 3390 1051 τῇ
3432 981 3580 1035 κάτω
3623 983 3775 1055 Ἀσίᾳ
3814 985 3963 1056 παρὰ

2395 1071 2472 1142 τῷ
2502 1070 2859 1142 Πολυκάρπῳ,
2882 1071 3149 1141 λαμπρῶς
3183 1072 3486 1143 πράττοντα
3531 1074 3587 1126 ὲν
3613 1077 3677 1145 τῇ
3714 1075 3962 1146 βασιλικῇ

2397 1162 2552 1234 αὐλῇ,
2581 1163 2673 1216 καὶ
2705 1161 3039 1234 πειρώμενον
3069 1161 3369 1233 εὐδοκιμεῖν
3403 1166 3530 1236 παρ’
3557 1164 3722 1236 αὐτῷ.
3752 1167 3964 1221 Μᾶλλον

2395 1254 2503 1326 γὰρ
2537 1253 2604 1307 τά
2632 1254 2753 1308 τότε
2801 1255 3218 1327 διαμνημονεύω
3252 1255 3360 1309 τῶν
3394 1255 3622 1327 ἔναγχος
3666 1260 3965 1330 γινομένων

2396 1348 2472 1419 (αἱ
2502 1348 2610 1420 γὰρ
2643 1350 2706 1400 ὲκ
2740 1347 2939 1401 παίδων
2977 1348 3256 1420 μαθήσεις,
3288 1348 3642 1415 συναύξουσαι
3685 1353 3749 1422 τῇ
3793 1351 3960 1425 ψυχῇ,

2395 1439 2633 1494 ἑνοῦνται
2686 1440 2876 1512 αύτῇ)·
2912 1439 3049 1493 ὥστε
3087 1458 3153 1512 με
3207 1440 3462 1495 δύνασθαι
3512 1444 3688 1496 εἰπεῖν
3735 1445 3831 1497 καὶ
3874 1446 3963 1500 τὸν

2397 1531 2581 1596 τόπον,
2616 1532 2672 1583 ὲν
2705 1524 2748 1598 ᾧ
2777 1530 3136 1601 καθεξόμενος
3183 1531 3449 1599 διελέγετο
3480 1534 3508 1584 ὁ
3545 1533 3811 1605 μακάριος
3857 1535 3962 1587 Πο-

2393 1619 2694 1692 λύκαρπος,
2731 1621 2825 1672 καὶ
2857 1619 2956 1681 τάς
2988 1620 3568 1691 προόδους(15)αὑτοῦ,
3600 1624 3693 1675 καὶ
3723 1622 3822 1686 τὰς
3855 1625 3965 1677 εἱσ-

2391 1710 2558 1774 όδους,
2607 1711 2697 1763 καὶ
2737 1711 2828 1762 τὸν
2875 1710 3207 1783 χαρακτῆρα
3238 1711 3333 1764 τοῦ
3388 1712 3502 1782 βίου
3528 1750 3543 1773 ,
3600 1711 3694 1764 καὶ
3731 1711 3830 1782 τὴν
3868 1711 3962 1764 τοῦ

3307 1801 3328 1818 ν

2393 1803 2639 1873 σώματος
2674 1800 2849 1863 ἰδέαν,
2886 1802 2981 1854 καὶ
3011 1800 3108 1865 τάς
3151 1801 3412 1869 διαλέξεις
3455 1803 3520 1866 ἃς
3549 1804 3785 1856 ἐποιεῖτο
3829 1803 3963 1874 πρὸς

719 1911 857 1964 quos
885 1892 956 1949 ad
989 1898 1389 1951 multitudinem
1427 1899 1692 1964 habebat;
1725 1907 1779 1952 et
1808 1898 2126 1952 familiarem
2152 1912 2282 1953 con-
2318 1902 2358 1957 Β
2381 1913 2393 1930 ⁸

2318 1895 2442 1957 Βτὸ
2487 1894 2718 1965 πλῆθος,
2777 1895 2871 1947 καὶ
2934 1895 3034 1964 τὴν
3090 1894 3230 1964 μετά
3291 1895 3538 1949 Ἰωάννου
3593 1911 3960 1968 συναναστροέ

719 1989 1059 2042 suetudinem
1113 2005 1232 2057 qua:
1278 1991 1352 2043 illi
1396 2005 1515 2044 cuin
1554 1989 1783 2058 Joanne,
1826 2006 1889 2046 ac
1925 1991 2148 2061 reliquis
2191 1989 2283 2059 qui

719 2081 1007 2135 Dominum
1060 2083 1341 2143 viderant,
1381 2083 1727 2156 intercessit,
1775 2093 1837 2138 ut
1885 2084 2186 2145 narrabat,
2231 2092 2286 2137 et

720 2175 953 2242 qualiter
993 2175 1132 2230 dicta
1181 2189 1368 2228 eorum
1417 2175 1903 2241 commemorabat;
1953 2189 2180 2244 quasque
2219 2173 2283 2227 de

719 2266 946 2321 Domino
990 2281 1056 2320 ex
1109 2267 1237 2336 ipsis
1293 2268 1617 2330 audiverat,
1664 2269 1730 2322 de
1801 2267 2081 2321 miraculis
2140 2266 2284 2320 illius

717 2355 904 2419 etiam,
939 2371 1002 2410 ac
1027 2357 1091 2410 de
1117 2356 1387 2418 doctrina,
1417 2372 1533 2425 qua:
1565 2359 1631 2410 ab
1660 2358 1746 2420 iis,
1772 2358 1864 2426 qui
1898 2355 2130 2411 Verbum
2163 2359 2283 2410 vitm

719 2449 820 2515 ipsi
861 2458 1284 2516 conspexerant,
1315 2456 1604 2516 acceperat
1649 2448 2008 2517 Polycarpus,
2047 2446 2285 2515 qualiter

717 2537 1024 2603 referebat,
1074 2549 1271 2593 cuncta
1328 2539 1625 2607 Scripturis
1682 2553 1941 2594 consona.
1999 2537 2124 2592 Hzec
2169 2538 2280 2606 jam

717 2641 843 2682 tunc
877 2632 1134 2698 temporis
1166 2645 1260 2698 per
1302 2630 1396 2684 Dei
1431 2630 1798 2694 clementiam,
1843 2646 1964 2698 quae
2011 2631 2145 2684 mihi
2185 2632 2284 2685 ob-

717 2723 868 2791 tigit,
916 2721 1155 2775 studiose
1203 2723 1524 2784 audiebam,
1567 2737 1674 2776 non
1726 2722 1779 2775 in
1825 2723 2052 2785 charta,
2085 2721 2180 2776 sed
2227 2722 2280 2776 in

713 2815 878 2868 corde
926 2827 1044 2866 meo
1076 2828 1138 2866 ea
1173 2813 1516 2881 consignans,
1559 2823 1613 2866 et
1647 2828 1866 2881 semper
1904 2828 1999 2882 per
2033 2814 2127 2867 Dei
2163 2829 2282 2884 gra-

715 2905 867 2968 tiam,
891 2915 1080 2958 exacte
1109 2904 1172 2957 e'a
1208 2914 1386 2957 mente
1428 2904 1662 2957 revolvo.
1689 2905 1865 2970 Atque
1906 2905 1957 2956 in
1982 2917 2277 2974 conspectu

713 2996 808 3050 Dei
854 2995 1144 3050 contestari
1181 3008 1433 3063 possum,
1473 2995 1689 3048 beatum
1726 2995 1874 3048 illum
1919 3005 1974 3049 et
2022 2996 2282 3064 apostoli»

712 3107 837 3145 cum
881 3091 1286 3159 presbyterum,
1330 3088 1374 3140 si
1411 3086 1517 3139 tale
1560 3087 1687 3155 quid
1733 3087 2050 3150 audivisset,
2099 3087 2282 3142 excla-

724 3167 999 3236 maturum
1036 3195 1188 3243 sane,
1213 3194 1277 3232 ac
1305 3181 1572 3233 obtut'atis
1597 3179 1818 3232 auribus
1844 3178 1976 3242 suis,
2004 3192 2102 3247 pro
2132 3193 2281 3232 more

2393 1989 2498 2060 φήν
2549 1987 2659 2059 (16)
2694 1989 2768 2052 ὡς
2819 1988 3148 2059 ἀπήγγελλε,
3186 1987 3277 2041 καὶ
3309 1989 3407 2060 τὴν
3456 1989 3593 2062 μετὰ
3623 1991 3730 2044 τῶν
3763 1992 3962 2043 λοιπῶν

2391 2079 2497 2134 τῶν
2531 2079 2850 2149 ἑωρακότων
2897 2080 2984 2132 τὸν
3027 2078 3250 2149 Κύριον,
3292 2080 3386 2132 καὶ
3428 2080 3503 2143 ὡς
3548 2081 3962 2152 ἀπεμνημόνευε

2391 2173 2515 2234 τοὺς
2552 2170 2977 2239 λόγουςαὺτῶν·
3011 2161 3104 2224 καί
3136 2173 3263 2243 περ)¹
3310 2171 3405 2226 τοῦ
3445 2173 3650 2244 Κυρίου
3680 2174 3803 2226 τίνα
3833 2171 3903 2244 ἦν
3927 2173 3962 2226 ἃ

2391 2265 2515 2335 παρ’
2540 2263 2760 2316 ἐκείνων
2787 2264 3035 2334 ἀκηκόει,
3061 2264 3151 2316 καὶ
3180 2263 3308 2332 περὶ
3329 2263 3437 2316 τῶν
3468 2257 3747 2334 δυνάμεων
3777 2266 3959 2329 αὑτοῦ,

2390 2355 2483 2405 καὶ
2535 2352 2791 2423 περὶτῆς
2834 2352 3197 2417 διδασκαλίας,
3349 2354 3497 2426 παρά
3540 2354 3648 2406 τῶν
3683 2356 3962 2408 αὐτοπτῶν

2388 2446 2486 2516 τῆς
2536 2444 2680 2514 ζωῆς
2727 2443 2821 2497 τοῦ
2875 2445 3049 2514 Λόγου
3110 2444 3461 2517 παρειληφὼς
3501 2448 3530 2500 ὁ
3573 2445 3957 2516 Πολύκαρπος,

2389 2537 2694 2607 ἀπήγγελλε
2713 2536 2824 2608 (17)
2849 2538 3024 2591 πάντα
3054 2539 3319 2609 σύμφωνα
3347 2540 3468 2601 ταῖς
3494 2538 3762 2609 Γραφαῖς.
3782 2537 3960 2591 Ταῦτα

2392 2629 2487 2681 καὶ
2522 2628 2642 2681 τότε
2671 2628 2760 2681 διὰ
2789 2628 2849 2680 τὸ
2879 2627 3024 2692 ἔλεος
3053 2628 3147 2682 τοῦ
3195 2627 3328 2682 Θεοῦ
3375 2630 3436 2682 τὸ
3471 2631 3558 2682 ἐπ’
3583 2630 3705 2700 ἐμοὶ
3743 2629 3961 2698 γεγονὸς

2390 2720 2688 2783 σπουδαίως
2719 2721 2936 2791 ἢκουον,
2967 2721 3546 2793 ὑπομνηματιζόμενος
3581 2722 3740 2787 αὐτὰ,
3777 2723 3877 2775 οὐκ
3904 2723 3960 2774 ἐν

2387 2811 2593 2885 χάρτῃ,
2648 2811 2761 2864 ἀλλ’
2801 2815 2858 2865 ἐν
2908 2816 2972 2883 τῇ
3028 2814 3132 2884 ὲμῇ
3185 2815 3410 2884 καρδίᾳο
3457 2815 3549 2866 καὶ
3594 2815 3679 2867 ἀεὶ
3729 2813 3816 2866 διά
3862 2813 3960 2884 τὴν

2387 2904 2546 2975 χάριν
2580 2903 2674 2956 τοῦ
2717 2903 2851 2956 Θεοῦ
2880 2904 3116 2973 γνησίως
3155 2905 3294 2958 αύτά
3345 2905 3807 2976 ἁναμαρυκῶμαι.
3851 2905 3960 2956 Καὶ

2387 2994 2620 3064 δύναμαι
2656 2994 3124 3065 διαμαρτύρασθαι
3171 2995 3476 3067 ἔμπροσθεν
3520 2994 3613 3047 τοῦ
3646 2994 3801 3058 Θεοῦ,
3846 2996 3956 3058 ὅτι,

2388 3087 2442 3139 εἴ
2501 3102 2554 3139 τι
2607 3086 2843 3138 τοιοῦτον
2912 3085 3140 3156 ἀκηκόει
3201 3088 3407 3151 ἐκεῖνος
3450 3089 3478 3139 ὁ
3533 3087 3801 3158 μακάριος
3867 3089 3961 3139 καὶ

2387 3176 2738 3239 ἀποστολικὸς
2791 3176 3193 3248 πρεσϐύτερος,
3247 3179 3559 3249 ἀνακράξας
3607 3179 3675 3232 ἂν
3723 3181 3817 3232 καὶ
3860 3182 3960 3250 ἐμ-

720 3275 990 3329 dicturum
1026 3271 1193 3325 fuisse
1232 3289 1244 3323 :
1279 3270 1440 3334 Deus,
1487 3286 1601 3336 qua:
1631 3286 1711 3322 me
1744 3269 1801 3322 in
1845 3280 2078 3338 tempora
2112 3285 2278 3322 reser-
2312 3262 2356 3318 (ἶ
2388 3288 2394 3316 ι

2312 3262 2356 3318 C
2388 3269 2598 3340 φράξας
2618 3269 2686 3321 τὰ
2709 3263 2824 3321 ὦτα
2857 3268 3023 3348 αὑτοῦ
3043 3269 3156 3341 (18)
3175 3309 3190 3332 ,
3217 3272 3309 3324 καὶ
3342 3271 3482 3324 κατά
3512 3271 3571 3324 τὸ
3598 3271 3825 3342 σύνηθες
3849 3273 3958 3342 (19)

710 3371 868 3430 vasti,
906 3375 962 3418 ut
1006 3366 1114 3417 Iiwc
1151 3362 1497 3416 sustinerem!
1535 3371 1696 3430 atque
1728 3376 1796 3416 ex
1834 3361 1954 3420 loco
1995 3357 2111 3430 ipso
2149 3359 2280 3414 ellu—

711 3461 970 3528 giturum,
1022 3456 1073 3508 in
1118 3469 1223 3523 quo
1257 3455 1453 3507 sedens
1499 3452 1581 3504 vel
1627 3460 1798 3516 stans,
1846 3451 2116 3518 ejusmodi
2164 3467 2280 3507 ser-

713 3564 903 3602 mones
951 3545 1268 3599 audivisset.
1312 3542 1414 3596 Sed
1458 3551 1511 3596 et
1559 3558 1621 3595 es
1669 3541 1911 3611 epistolis
1958 3543 2073 3610 ejus
2113 3541 2166 3595 id
2215 3541 2278 3595 li-

711 3639 875 3708 quido
903 3635 1117 3707 probari
1148 3642 1343 3702 potest,
1373 3648 1510 3702 quas
1539 3635 1654 3687 sive
1679 3632 1747 3688 ad
1777 3633 1984 3695 vicinas
2009 3632 2279 3688 Ecclesias

712 3731 879 3792 misit,
906 3743 997 3783 eas
1025 3725 1380 3787 conﬁrmans,
1407 3725 1520 3778 sive
1545 3725 1609 3777 ad
1637 3724 1902 3793 quosdam
1935 3723 2157 3790 fratres,
2186 3725 2277 3776 ad-

711 3835 940 3875 monens
973 3817 1090 3872 illos
1116 3826 1281 3886 atque
1313 3817 1633 3871 exhortans.

2386 3359 2574 3423 εἰπὼν,
2614 3355 2688 3414 Ὦ
2733 3360 2882 3413 καλὲ
2928 3361 3062 3425 Θεὲ,
3112 3363 3198 3426 εἰς
3251 3362 3416 3428 οἵους
3460 3379 3538 3430 με
3581 3363 3825 3430 καιροὺς
3866 3379 3962 3416 τε-

2385 3451 2677 3519 τήρηκας,
2713 3454 2812 3504 ἵνα
2839 3453 3064 3505 τούτων
3092 3451 3423 3521 ἁνέχωμαιί
3454 3454 3714 3522 πεφεύγοι
3759 3454 3825 3508 ἂν
3866 3455 3961 3508 καὶ

2383 3545 2474 3597 τὸν
2501 3546 2682 3608 τόπον,
2734 3545 2789 3595 ἐν
2922 3543 3280 3615 καθεζόμενος
3329 3544 3361 3615 ἢ
3393 3545 3562 3608 ἑστὼς
3580 3586 3600 3624 ,⁸
3633 3545 3741 3599 τῶν
3771 3545 3961 3601 ,τοιού-

2383 3653 2489 3688 των
2524 3637 2748 3706 ἀκηκόει
2781 3634 2952 3702 λόγων
3000 3635 3131 3705 (20).
3168 3637 3278 3689 Καὶ
3325 3637 3386 3689 ὲκ
3434 3637 3539 3690 τῶν
3576 3638 3872 3692 ἐπιστολῶν
3901 3638 3959 3691 δὲ

2384 3728 2576 3789 αὑτοῦ,
2624 3721 2697 3780 ὧν
2750 3727 3060 3780 ἐπέστειλεν
3117 3729 3233 3798 ἦτοι
3288 3731 3404 3791 ταῖς
3449 3729 3794 3796 γειτνιώσαις
3839 3729 3961 3783 Ἐκ-

2388 3819 2664 3889 κλησίαις,
2710 3818 3072 3888 ἐπιστηρίζων
3123 3818 3375 3889 αύτάς,ἣ
3423 3819 3531 3872 τῶν
3564 3819 3807 3889 ἀδελφῶν
3849 3835 3958 3873 τισι

713 3909 979 3964 νουθετῶν
1021 3910 1214 3971 αὐτοὺς
1257 3909 1351 3961 καὶ
1378 3907 1836 3978 προτρεπόμενος,
1868 3907 2091 3960 δύναται
2126 3910 2525 3980 φανερωθῆναι.

775 4096 1125 4158 Fragmenta...
1156 4091 1259 4152 (21)
1288 4091 1519 4153 Epistolas
1546 4091 1604 4139 ad
1633 4090 1880 4140 Victorem
1901 4105 2079 4201 papailni
2099 4093 2368 4202 Illomanium
2386 4131 2398 4152 ,
2427 4108 2493 4160 ex.
2517 4093 2699 4202 Εέὸερδ.
2727 4094 2816 4141 lib.
2850 4108 2875 4142 v
2900 4093 3106 4152 Histor.,
3139 4106 3244 4155 cap.
3267 4094 3355 4153 2-1,
3383 4099 3436 4143 et
3461 4092 3724 4157 Nicephori
3747 4095 3833 4145 lib.
3852 4109 3898 4145 tv

2084 4168 2146 4202 s.
2184 4168 2270 4202 ecc
2293 4169 2387 4202 εδ..
2413 4169 2517 4202 can.
2608 4193 2618 4202 .

2084 4168 2146 4202 ει.
2184 4168 2387 4214 eccles,
2413 4169 2517 4214 cap.
2544 4168 2618 4203 ou.

781 4241 969 4310 Neque
1009 4241 1156 4296 enim
1202 4241 1268 4295 de
1297 4238 1388 4293 die
1433 4239 1605 4292 solum
1649 4237 2024 4293 controversia
2047 4247 2151 4304 est,
2183 4238 2276 4293 sed

784 4362 896 4434 (14)
932 4358 1111 4434 Εἶδον
1135 4358 1245 4434 γτξρ
1278 4372 1368 4421 σε,
1395 4367 1518 4434 οισι
1547 4357 1623 4434 De
1661 4357 1744 4411 his
1793 4358 1987 4428 legesis
2029 4373 2150 4427 qua:
2200 4359 2279 4413 di-

713 4427 894 4488 ximus
933 4427 1156 4484 ltissert.
1185 4431 1244 4491 ‘2,
1278 4438 1381 4480 art.
1411 4428 1465 4488 1,
1495 4427 1522 4498 §
1551 4429 1572 4480 1
1605 4436 1657 4479 et
1693 4442 1848 4498 seqq.

786 4499 1251 4573 (15)]1ροέδρυς.
1301 4497 1527 4573 Quidam
1581 4497 1866 4573 παρόδους.
1919 4497 1988 4551 At
2043 4500 2280 4573 priorem

714 4566 1001 4628 lectionem
1041 4571 1316 4622 meliorem
1350 4582 1469 4620 esse
1511 4566 1631 4634 jure
1672 4569 1868 4621 merito
1902 4566 2091 4622 censet
2117 4570 2279 4623 Vale-

712 4648 828 4696 sius
874 4643 927 4693 in
982 4639 1143 4702 notis,
1190 4652 1421 4704 eamque
1469 4640 1520 4690 in
1561 4638 2007 4705 interpretatione
2041 4655 2138 4692 sua
2189 4655 2282 4692 ex-

714 4713 976 4782 pressisse
1011 4725 1071 4761 se
1119 4708 1244 4761 dicit
1316 4707 1462 4761 Hanc
1512 4717 1695 4782 taiiien
1744 4707 1917 4782 ipsam
1968 4723 2070 4761 non
2103 4710 2162 4782 in
2202 4710 2281 4761 in—

723 4778 1107 4848 terpt'elatioue
1159 4787 1227 4830 tat
1332 4794 1386 4842 tt,
1414 4778 1525 4848 sed
1556 4785 1608 4829 et
1645 4778 1698 4829 in
1743 4778 1857 4846 ipso
1902 4788 2048 4831 textu
2092 4778 2280 4832 (ξι-,ιιιςο

715 4847 978 4905 ed.1639
1030 4862 1344 4914 expressam
1413 4847 1530 4916 lego
1570 4864 1583 4898 :
1618 4848 1764 4916 adeo
1819 4855 1877 4899 ut
1927 4848 2069 4916 quod
2114 4863 2279 4915 repo-

715 4923 894 4975 suisse
948 4933 1006 4973 se
1060 4927 1243 4971 monet
1294 4915 1565 4977 Grabius,
1611 4915 2278 4982 jamdudumrepositum

717 5003 881 5046 6538'.

789 5059 898 5132 (16)
930 5057 1457 5132 Συνανασζροφῄγ.
1493 5054 1743 5132 Nicep_h.,_
1761 5057 2124 5132 ἀναστροφήν.

789 5126 902 5200 (17)
950 5127 1330 5200 Ἀπήγηξξλλε.
1369 5128 1614 5200 _Nie_epb.,
1639 5126 1958 5200 ἀπήγγειλε.

787 5191 1282 5273 (18)-Ἐμρρἀιις
1319 5197 1409 5273 τὰς
1439 5191 1556 5249 (Bia
1597 5191 1815 5273 αὐτῷ(
1840 5196 1947 5273 _Hi_c
2002 5213 2117 5249 mos
2165 5205 2278 5252 erat

717 5266 939 5347 (Vulcatii
974 5266 1691 5347 observatio_est)‘_veteruiu
1726 5268 2184 5347 Qltristianurum,
2221 5278 2280 5322 ut

717 5335 761 5398 si
802 5343 941 5395 forte
974 5341 1025 5390 in
1057 5335 1308 5389 familiari
1339 5337 1609 5404 colloquio
1641 5338 1862 5405 impium
1897 5338 2134 5406 aliquem
2164 5352 2281 5392 ser-

719 5425 956 5474 monem,
995 5417 1049 5460 et
1085 5422 1113 5459 a
1160 5406 1282 5459 ﬁdei
1319 5406 1601 5460 catholica:
1648 5408 1828 5474 regula
1867 5407 2277 5461 dissentientem

718 5482 1052 5540 ambissent,
1090 5477 1338 5545 protinus
1370 5477 1641 5529 ohttiratis
1687 5478 1910 5531 auribus
1945 5493 2061 5531 sese
2106 5479 2159 5529 in
2197 5476 2280 5530 fu-

719 5569 840 5623 gam
877 5553 1085 5623 da_rent.
1114 5547 1228 5623 Qua
1259 5548 1325 5600 de
1354 5547 1592 5623 remlocus
1633 5548 2280 5623 exstatil_liistris_in__li-

718 5616 816 5676 lim
847 5636 880 5672 ιι
920 5619 1345 5685 Recognttionum
1393 5616 1712 5678 Clementis,
1743 5616 1830 5669 ubi
1862 5618 2045 5670 Simon
2073 5617 2150 5683 ,B.
2182 5617 2280 5672 Pe-

721 5704 807 5748 tro
844 5691 954 5741 ait:
997 5687 1056 5740 Si
1093 5690 1274 5740 dixero
1321 5689 1458 5753 quod
1495 5703 1659 5756 neque
1690 5686 1782 5738 tibi
1828 5703 2143 5751 consonum,
2188 5704 2280 5742 nec

718 5761 870 5830 uulgo
897 5760 1021 5830 huic
1054 5758 1288 5825 imperito
1324 5766 1526 5830 rectum
1548 5757 1864 5830 videtur,_tu
1891 5759 2279 5830 quidemquasi

719 5828 1135 5898 obstupefactus,
1188 5843 1337 5881 aures
1389 5828 1635 5882 continuo
1687 5828 1988 5893 occludens,
2033 5829 2168 5884 velut
2218 5845 2280 5883 us

2460 4239 2533 4290 Οὐ
2568 4238 2678 4312 γὰρ
2714 4238 2873 4308 μόνον
2908 4237 3034 4308 περ)¹
3079 4237 3178 4307 τῆς
3211 4238 3421 4308 ἡμέρας
3611 4240 3758 4295 ἐστὶν
3787 4244 3819 4312 ἡ
3854 4243 3960 4313 ἀμ-

2389 4362 2707 4430 blasphemia
2759 4361 3087 4432 polluantur,
3140 4363 3354 4432 verteris
3396 4362 3452 4415 in
3504 4362 3704 4432 fugam.
3755 4363 3863 4420 Sed
3901 4376 3957 4419 et

2388 4433 2622 4486 lrenaaus
2655 4434 2706 4484 in
2741 4432 2835 4485 lib.
2864 4449 2920 4485 ιιι
2952 4431 3148 4486 Contra
3188 4431 3430 4495 haereses,
3463 4431 3585 4499 cap.
3609 4432 3666 4497 4,
3707 4449 3856 4488 num.
3889 4435 3954 4494 2.

2397 4504 2652 4555 eumdem
2707 4517 2912 4554 morem
2950 4501 3194 4556 declarat
3240 4503 3324 4555 liis
3378 4503 3609 4555 verbis:
3661 4503 3863 4567 Quibus
3911 4507 3956 4559 si

2389 4572 2578 4636 aliquis
2610 4573 3025 4625 .unnuntiiwerit
3074 4587 3175 4634 ea,
3214 4587 3329 4641 quia
3370 4571 3434 4624 ab
3488 4573 3751 4625 hwreticis
3799 4575 3955 4628 adin-

2388 4654 2542 4694 venta
2585 4651 2726 4705 sunt,
2766 4644 2976 4708 propn’o
3006 4657 3243 4694 sermone
3286 4657 3465 4694 eorum
3493 4641 3816 4705 colloquens,
3851 4657 3956 4697 sta-

2387 4714 2478 4762 tim
2520 4711 2884 4763 concludentes
2926 4727 3103 4772 aures,
3165 4712 3322 4779 longo
3365 4711 3573 4780 longius
3616 4711 3848 4831 fugient,
3897 4731 3959 4765 ne

2387 4781 2575 4831 audire
2609 4782 2817 4831 attidem
2854 4782 3166 4831 sustinentes
3219 4781 3572 4831 blasnhemum
3614 4797 3673 4831 co
3699 4781 3951 4831 loauium-

2386 4781 2575 4833 audire
2609 4782 2817 4846 quidem
2854 4782 3166 4850 sustinentes
3181 4781 3572 4850 iblasphemum
3614 4781 3951 4850 colloquium.

2389 4851 2660 4904 Praeterea
2717 4849 3053 4903 Athanasius
3085 4850 3138 4902 in
3170 4849 3408 4918 Epistola
3438 4851 3507 4902 ad
3552 4849 3861 4903 solitarius:
3896 4853 3958 4904 Ὠ

2384 4919 2468 4982 τίς
2507 4919 2743 4991 ἀκούσας
2772 4919 2830 4991 ού
2860 4919 3165 4991 δακρύσειε,
3195 4920 3337 4990 τάχα
3364 4921 3457 4991 και
3477 4919 3576 4991 τὴν
3602 4919 3772 4991 ἀκοὴν
3813 4922 3959 4974 κλεί-

2388 5007 2551 5052 σειεν,
2582 4989 2676 5063 ’ἵνα
2713 4989 2857 5063 μηδὲ,
2878 4990 3062 5063 ἑτέρου
3092 4989 3338 5063 λέγοντος
3369 4989 3658 5063 avexerat;
3697 4989 3955 5063 Hierony-

2387 5074 2508 5113 mus
2563 5059 2797 5128 deuique
2849 5061 2900 5112 in
2956 5059 3088 5113 1th.!
3119 5062 3377 5113 Adversus
3439 5061 3686 5128 Ruﬁnum
3723 5076 3742 5113 .'
3789 5059 3953 5114 Lectis

2388 5145 2549 5197 nuper
2591 5127 2861 5194 Theophili
2893 5145 3041 5196 papie
3081 5131 3338 5198 epistolis,
3376 5131 3428 5182 in
3469 5127 3658 5198 quibus
3705 5129 3949 5199 Origenis

2391 5199 2603 5263 exponit
2635 5215 2859 5259 errores.
2891 5199 3084 5251 dicitur
3114 5201 3384 5253 abiurasse
3416 5215 3571 5252 aures
3605 5216 3753 5265 suas,
3780 5212 3828 5254 et
3867 5217 3962 5254 au-

2386 5279 2580 5324 ctorem
2603 5270 2735 5321 tanti
2756 5269 2880 5320 mali
2897 5269 3044 5321 clara
3067 5286 3241 5323 coram
3260 5270 3496 5322 omnibus
3513 5285 3636 5322 voce
3653 5271 3957 5326 damnasse.

2457 5339 2566 5408 (19)
2601 5339 2762 5391 Κατὰ
2804 5339 2870 5391 τὸ
2896 5339 3174 5405 σύνηθες.
3221 5339 3570 5409 Αὐτῷίῖοόάὶι
3599 5339 3956 5409 Nicephorus.

2460 5407 2570 5480 (‘20)
2616 5409 2739 5530 ζ’ἓῖιν
2765 5411 3110 5462 τοιούτων...
3138 5407 3359 5478 λόγων(
3385 5407 3635 5478 Niceph.,
3657 5407 3750 5463 τὸν
3787 5408 3960 5463 τοιοῦ-

2460 5497 2476 5530 .i
2495 5517 2508 5530 .
2535 5517 2548 5529 .
2575 5518 2588 5530 .
2686 5494 2800 5530 γον.
3646 5510 3649 5512 -

2386 5496 2476 5533 τον
2495 5517 2508 5530 .
2535 5517 2548 5529 .
2575 5518 2588 5530 .
2626 5494 2800 5545 Αογον.
3646 5510 3649 5512 -

2457 5548 2571 5618 (21)
2612 5546 2861 5615 Episton
2907 5549 2975 5601 ad
3013 5548 3298 5604 Victorem.
3332 5550 3408 5604 De
3439 5551 3543 5604 hac
3580 5550 3837 5619 epistola,
3872 5567 3959 5606 es-

2386 5634 2513 5691 que,
2543 5633 2660 5691 qua:
2692 5619 2818 5672 huic
2846 5621 3185 5674 occasionem
3226 5621 3390 5681 dedit,
3425 5623 3798 5691 controversia
3831 5636 3949 5691 quae

2387 5690 2536 5743 inter
2575 5688 2843 5743 Victorem
2881 5705 3069 5756 papam
3103 5701 3156 5743 et
3190 5692 3457 5744 Asiaticos
3511 5689 3799 5758 eﬂ‘erbuit,
3843 5688 3956 5746 fuse

2391 5761 2741 5830 tractavimus
2763 5760 2834 5830 in
2867 5761 3095 5813 Dissert.
3122 5760 3179 5818 9..
3209 5770 3312 5830 art.
3345 5761 3392 5822 1,
3425 5758 3451 5830 §
3480 5760 3547 5813 19
3573 5773 3732 5830 seqq.

2458 5828 2568 5900 (22)
2607 5831 2687 5881 Οὐ
2712 5828 2822 5899 τὰρ
2856 5832 3049 5899 μόνον
3072 5830 3201 5897 περὶ
3249 5829 3359 5899 τῆς
3392 5828 3774 5900 ᾐμέριιςίθίιο.
3817 5832 3954 5888 Ι)ιῶ-
