4238 6316
709 376 847 432 1235

1888 379 1944 436 S.
1991 378 2253 436 ΙΒΕΝᾹΞΙ·
2291 378 2726 437 FRAGMENTA.

3782 382 3912 438 1156

705 492 849 544 enim
907 501 1349 560 corrumpuntur,
1400 503 1583 550 atnon
1616 505 1878 562 pereunt;
1937 507 2081 552 terra
2112 499 2254 550 enim
2289 509 2331 561 Α
2370 515 2379 549 :

2232 514 2254 550 ιι
2289 509 2331 561 Α
2370 515 2562 566 καμεν.
2591 498 2652 550 Εί
2700 497 2804 568 γὰρ
2843 497 2936 550 καὶ
2969 497 3261 567 φθείρεται,
3293 499 3404 552 ἀλλ’
3448 499 3546 553 οὐκ
3587 498 3906 551 ἀπόλλυται·

703 595 892 634 eorum
918 593 1169 651 exceptas
1189 584 1444 654 reliquias
1469 595 1664 650 servat,
1703 587 1872 641 instar
1905 588 2067 656 opimi
2098 588 2255 642 serui-

703 671 790 724 nis
823 688 946 726 cum
980 675 1246 742 Opimiore
1273 686 1416 730 terra
1448 676 1735 732 commisti.
1778 677 1985 732 R’urs-is
2025 679 2101 731 uti
2155 694 2256 732 nu-

700 762 828 816 dum
865 778 1092 833 granum
1146 768 1367 832 seritur,
1402 778 1456 823 et
1503 767 1619 832 Dei,
1672 767 1767 837 qui
1815 769 2040 835 creavit,
2096 769 2252 838 jussu

701 854 1034 919 germinans,
1066 857 1322 909 vestitum
1363 869 1424 908 ac
1458 855 1797 925 splendidum
1846 859 2103 926 resurgit,
2151 859 2247 913 sed

701 943 847 997 haud
885 945 1039 1012 prius
1077 960 1239 1014 quam
1275 956 1546 1004 mortuum
1583 949 1878 1002 resolutum
1914 952 2003 1014 sit,
2040 965 2104 1004 ac
2143 960 2253 1004 ter—

698 1049 776 1088 rae
799 1037 1146 1091 commistum
1186 1053 1200 1088 :
1256 1040 1324 1093 ita
1369 1040 1824 1094 resurrectionem
1863 1043 2111 1110 corporis
2147 1057 2250 1095 non

699 1134 905 1180 temere
935 1128 1280 1183 credidimus.
1315 1129 1514 1182 Verum
1554 1131 1654 1184 etsi
1686 1129 1978 1184 resolvitur
2007 1134 2074 1185 ad
2113 1142 2250 1186 tem-

697 1229 819 1284 pus,
866 1229 1089 1285 pr0pter
1132 1218 1280 1272 illam
1322 1234 1440 1287 quae
1493 1233 1522 1272 a
1569 1219 1836 1289 principio
1894 1221 2015 1286 fuit,
2067 1224 2253 1278 inobe-

695 1307 980 1372 dientiatn,
1037 1309 1093 1362 in
1145 1317 1296 1363 terra:
1331 1311 1480 1365 velut
1518 1309 1834 1367 conliatorio
1875 1315 2250 1380 constituitur,

694 1397 871 1452 denuo
895 1397 1330 1467 reformandum;
1373 1416 1475 1455 non
1507 1403 1609 1456 hoc
1637 1404 2006 1472 corruptibile,
2044 1406 2137 1459 sed
2159 1421 2254 1475 pu-

695 1504 840 1554 rum,
878 1506 976 1544 nec
1010 1493 1240 1562 amplius
1281 1493 1638 1560 corruptibile
1669 1512 1683 1545 :
1716 1495 1861 1548 sicut
1913 1510 2009 1549 sua
2042 1496 2252 1550 unicui-

692 1601 799 1653 que
832 1587 1048 1653 corpori
1099 1585 1278 1638 anima
1329 1585 1672 1648 restituetur,
1705 1598 1758 1640 et
1796 1587 1886 1640 illo
1928 1569 2113 1642 induta
2150 1590 2250 1643 mi-

690 1676 841 1730 nime
868 1676 1089 1745 lugebit,
1128 1678 1218 1730 sed
1246 1676 1517 1730 laetabitur
1549 1694 1683 1746 pura
1707 1693 2051 1749 permanens,
2089 1697 2250 1752 spon-

690 1779 810 1818 sum
836 1765 1039 1833 justum
1076 1778 1129 1819 et
1166 1783 1269 1820 non
1301 1768 1576 1821 inimicum
1603 1772 1892 1836 comitans,
1923 1774 1976 1826 in
2001 1775 2250 1829 omnibus

2365 589 2566 643 τούτων
2592 589 2698 660 γὰρ
2737 590 2804 642 τὰ
2843 590 3066 658 λείψανα
3089 592 3158 662 γῆ
3183 591 3548 662 ὑποδεξαμένη
3582 592 3739 660 τηρεῖ
3762 590 3912 658 δίκην

2365 681 2562 750 σπόρου
2588 682 2929 751 πιαινομένου
2957 683 3048 732 καὶ
3071 681 3146 750 τῷ
3173 681 3273 750 γῆς
3298 681 3654 752 λιπαρωτέρῳ
3678 679 3914 749 συμπλε-

2364 772 2614 841 κομένου.
2637 769 2800 835 Αὖθις
2825 770 3011 842 ὥσπερ
3037 771 3233 833 κόκκος
3260 772 3461 842 γυμνὸς
3497 771 3797 841 σπείρεται,
3827 769 3913 822 καὶ

2366 863 2694 934 κελεύσματι
2768 864 2862 916 τοῦ
2931 863 3425 935 δημιουργήσαντος
3483 861 3616 915 Θεοῦ
3687 861 3910 923 θάλλων,

2361 956 2727 1025 ἠμφιεσμένος
2771 955 2863 1008 κουὶ
2907 953 3112 1018 ἔνδοξος
3141 955 3410 1025 ἐγείρεται
3429 992 3446 1017 ,
3475 954 3535 1006 οὐ
3579 946 3840 1022 πρότερον
3866 953 3913 1003 εί

2366 1045 2440 1115 μὴ
2488 1039 2775 1098 ἀποθανὼν
2811 1043 2973 1115 λυθῇ,
3026 1045 3118 1099 καὶ
3169 1047 3237 1114 γῇ
3285 1047 3563 1113 συμμιγῇ·
3626 1041 3766 1095 ὥστε
3818 1043 3913 1112 τὴν

2362 1135 2658 1189 ἀνάστασιν
2694 1132 2788 1188 τοῦ
2836 1133 3083 1204 σώματος
3118 1135 3176 1186 οὐ
3225 1133 3400 1203 μάτην
3446 1129 3908 1200 πεπιστεύκαμεν.

2372 1225 2507 1278 Ἀλλ’
2532 1227 2578 1277 εί
2619 1224 2711 1276 καὶ
2741 1224 2920 1276 λύεται
2949 1222 3080 1294 πρὸς
3113 1223 3296 1294 καιρὸν
3337 1221 3423 1274 διὰ
3461 1221 3556 1292 τὴν
3607 1220 3700 1275 ἀπ’
3740 1218 3913 1289 ἀρχῆς

2358 1317 2655 1388 γενομένην
2701 1314 3002 1386 παρακοὴν,
3049 1315 3124 1378 ὡς
3170 1317 3247 1378 είς
3283 1315 3639 1385 χωνευτήριον
3677 1313 3775 1383 τῆς
3813 1311 3912 1381 γῆς

2358 1408 2702 1470 καθίσταται,
2755 1407 2912 1460 πάλιν
2957 1406 3521 1476 ἀναπλασθησόμενον,
3567 1405 3626 1456 σὺ
3679 1402 3912 1456 τοιοῦτον

2357 1501 2728 1572 φθειρόμενον,
2777 1498 2912 1552 ἀλλὰ
2966 1498 3224 1569 καθαρὸν,
3268 1498 3363 1551 καὶ
3407 1496 3599 1568 μηκέτι
3627 1494 3914 1566 φθειρόμε-

2355 1610 2472 1645 νον·
2509 1593 2583 1656 ὡς
2611 1592 2825 1661 ἑκάστῳ
2870 1589 3076 1659 σώματι
3125 1592 3157 1660 ὴ
3192 1589 3294 1642 ίδία
3335 1588 3477 1659 ψυχὴ
3504 1587 3910 1658 ἀποδοθήσεται,

2355 1684 2448 1736 καὶ
2475 1682 2630 1735 τοῦτο
2661 1682 2988 1753 ἐνδυσαμένη
3011 1683 3110 1734 οὐκ
3129 1682 3494 1751 άνιαθήσεται,
3520 1679 3654 1732 άλλά
3681 1681 3912 1751 χαρήσε-

2352 1791 2442 1827 ται
2482 1771 2697 1845 καθαρά
2747 1775 3146 1844 παραμείνασα,
3178 1775 3392 1842 νυμφίῳ
3439 1772 3629 1842 δικαίῳ
3673 1769 3914 1824 συνοδεύ-

689 1872 750 1910 se
808 1859 1012 1911 habens
1069 1874 1189 1912 cum
1220 1860 1434 1913 omni...
1492 1859 1736 1930 Recipiet
1791 1878 1894 1916 non
1950 1864 2246 1930 demutata,
2283 1870 2363 1923 Bt

2238 1905 2246 1930 ,
2283 1870 2324 1923 Β
2353 1883 2518 1928 σασα,
2550 1866 2641 1917 καὶ
2679 1866 2750 1934 μὴ
2793 1865 3080 1934 ἐπιϐούλῳ,
3118 1867 3173 1916 ἐν
3207 1865 3372 1916 πᾶσιν
3417 1863 3611 1933 ἔχουσα
3642 1861 3782 1932 μετά
3810 1860 3912 1916 πά-

691 1963 872 2015 neque
943 1950 1302 2003 commotione
1358 1951 1525 2003 animi
1584 1961 1680 2004 aut
1735 1953 1934 2007 morbo
1985 1953 2248 2018 liberata,

686 2056 863 2109 neque
902 2041 1029 2094 item
1078 2039 1314 2109 gloriosa
1359 2042 1581 2109 recipiet
1631 2057 1897 2111 corpora;
1941 2045 2033 2098 sed
2073 2044 2150 2098 uti
2198 2045 2249 2098 in

686 2136 932 2205 peccatis
964 2141 1057 2186 aut
1088 2142 1234 2188 recte
1262 2133 1419 2188 factis
1442 2135 1711 2202 obierint;
1738 2147 1792 2190 et
1813 2136 1990 2204 qualia
2025 2138 2247 2202 fuerint,

687 2228 816 2280 talia
859 2228 913 2282 in
955 2226 1354 2281 resurrectione
1403 2229 1628 2282 induent
1680 2246 1694 2280 :
1751 2238 1806 2283 et
1842 2230 1980 2284 sicut
2036 2232 2088 2284 in
2125 2230 2242 2284 iuli-

685 2321 906 2376 delitate
973 2321 1194 2387 fuerint,
1248 2323 1329 2376 sic
1391 2321 1625 2376 ﬁdeliter
1675 2323 2078 2390 iudicabuntur.

2358 1972 2520 2025 σης...
2572 1954 2908 2024 ἀπολήψεται
2956 1955 3055 2005 οὐκ
3110 1951 3482 2015 ἀλλοιωθέντα,
3537 1952 3657 2004 οὐδὲ
3712 1951 3912 2014 πάθους

2355 2045 2388 2114 ἢ
2433 2044 2588 2097 νόσου
2641 2044 2999 2113 μεταστάντα,
3044 2043 3165 2094 οὐδὲ
3216 2041 3400 2106 ἔνδοξα
3455 2040 3792 2109 ἀπολήψεται
3845 2040 3912 2091 τά

2356 2135 2601 2206 σώματα,
2630 2135 2744 2187 ἀλλ’
2769 2134 2843 2198 ὡς
2892 2136 2949 2187 ἐν
2989 2135 3376 2205 ἁμαρτήμασιν
3424 2131 3456 2202 ἢ
3499 2131 3912 2202 κατορθώμασιν

2353 2227 2678 2279 ἐτελεύτων
2747 2228 2837 2280 καὶ
2899 2229 3056 2280 ὁποῖα
3119 2222 3206 2295 ἦν,
3273 2223 3495 2277 τοιαῦτα
3542 2222 3912 2276 ἀναὸιώσαντα

2351 2318 2730 2372 ὲπενδύσονται
2758 2357 2772 2380 ,
2845 2320 2938 2370 καὶ
2991 2320 3149 2370 ὁποῖα
3207 2319 3262 2370 ἐν
3315 2315 3541 2385 ἀπιστία
3614 2315 3866 2383 γίνωνται
3894 2354 3908 2376 ,

2351 2408 2573 2462 τοιαῦτα
2597 2407 2801 2471 πιστῶς
2833 2408 3197 2478 κριθήσονται.

2249 2526 2287 2579 Χ
2298 2526 2357 2579 ΙΙΙ
2366 2566 2379 2581 .

922 2619 1068 2669 Aliud
1110 2621 1439 2682 fragmentum
1481 2619 1540 2669 ab
1561 2617 1871 2670 0Ecumenio
1887 2619 1938 2666 in
1960 2619 2229 2669 Comment.
2257 2618 2361 2667 adi
2389 2617 2526 2666 Petri
2551 2617 2817 2677 Epistolam
2850 2629 2957 2677 cap.
2980 2631 3046 2674 Ill,
3071 2627 3180 2677 pag.
3217 2613 3326 2674 498,
3352 2614 3641 2676 allegatum.

754 2704 888 2758 Cum
919 2706 1062 2759 enim
1081 2704 1253 2760 Graaci
1282 2721 1471 2760 servos
1505 2705 1931 2760 Christianorum
1970 2705 2020 2755 in
2049 2703 2244 2756 divinis

683 2796 960 2865 mysteriis
991 2797 1312 2850 edoctoram
1347 2797 1859 2866 apprehendissent,
1889 2794 2081 2848 deinde
2136 2795 2242 2846 vim

685 2888 982 2950 inferrent,
1019 2898 1076 2942 ut
1131 2889 1386 2943 videlicet
1428 2903 1689 2942 arcanum
1723 2887 2003 2957 quidpiam
2041 2885 2109 2940 ab
2159 2886 2246 2939 his

685 2979 751 3032 de
773 2978 1096 3033 Christianis
1128 2980 1402 3034 discerent
1448 2999 1460 3032 :
1504 2979 1643 3032 servi
1683 2979 1783 3043 illi,
1828 2995 1933 3032 non
1983 2979 2243 3034 habentes

683 3071 955 3136 quomodo
981 3071 1088 3122 vim
1119 3069 1476 3123 inferentibus
1504 3069 1569 3121 ad
1593 3067 1849 3135 placitum
1871 3067 2242 3136 loquerentur,

682 3169 883 3226 praeter
916 3159 968 3211 id
1002 3161 1144 3228 quod
1177 3175 1207 3211 a
1242 3159 1480 3213 dominis
1496 3160 1802 3224 audierant,
1829 3160 2063 3213 divinam
2096 3173 2244 3212 com-

683 3251 1002 3304 munionem
1031 3265 1151 3304 esse
1182 3251 1504 3318 sanguinem
1533 3259 1587 3303 et
1619 3264 1814 3319 corpus
1847 3249 2087 3314 Christi;
2130 3249 2245 3303 exi-

2423 2702 2760 2772 Χριστιανῶν
2795 2701 2901 2771 γάρ
2941 2699 3049 2770 (45)
3081 2698 3498 2768 κατηχουμένων
3542 2697 3757 2760 δούλους
3790 2697 3910 2749 Ἕλ-

2352 2793 2510 2863 ληνες
2548 2791 2916 2854 συλλαϐόντες,
2948 2788 3068 2844 εἶτα
3103 2789 3290 2859 μαθεῖν
3329 2805 3381 2840 τι
3413 2787 3560 2858 παρά
3586 2788 3788 2840 τούτων
3821 2788 3909 2858 δῆ-

2353 2883 2443 2938 θεν
2479 2884 2784 2956 ἀπόρῤητον
2830 2886 2956 2953 περὶ
3007 2881 3344 2952 Χριστιανῶν
3390 2879 3805 2947 ἀναγκάζοντες,
3861 2881 3906 2932 οἱ

2349 2975 2521 3028 δοῦλοι
2567 2970 2729 3038 οὗτοι,
2779 2973 2852 3047 μὴ
2898 2974 3106 3044 ἔχοντες
3149 2973 3263 3038 πῶς
3303 2974 3362 3026 τὸ
3391 2978 3502 3038 τοῖς
3547 2970 3906 3041 ἀναγκάζουσι

2353 3067 2472 3125 καθ’
2521 3067 2710 3140 ἡδονὴν
2763 3069 2924 3138 ἐρεῖν,
2968 3067 3204 3138 παρόσον
3234 3067 3427 3138 ἤκουον
3469 3064 3576 3118 τῶν
3615 3065 3904 3127 δεσποτῶν,

2350 3161 2449 3232 τὴν
2482 3161 2630 3215 θείαν
2680 3161 2972 3231 μετάληψιν
3000 3157 3134 3230 αἱμα
3165 3162 3256 3213 καὶ
3297 3160 3454 3230 σῶμα
3479 3157 3614 3212 εἶναι
3650 3158 3904 3229 Χριστοῦ,

2353 3257 2505 3310 αὐτοὶ
2567 3256 2880 3325 νομίσαντες
2929 3253 3006 3325 τῷ
3059 3255 3170 3308 ὄντι
3222 3248 3357 3325 αἷμα
3401 3255 3494 3306 καὶ
3535 3255 3710 3324 σάρκα
3750 3251 3902 3314 εἶναι,

682 3339 977 3394 stimantes
995 3339 1117 3409 ipsi,
1142 3339 1285 3408 quod
1310 3355 1437 3395 vere
1461 3340 1682 3409 sanguis
1703 3351 1758 3395 et
1792 3355 1922 3394 caro
1946 3350 2113 3406 esset,
2144 3341 2246 3394 hoc
2276 3338 2321 3400 C
2350 3365 2356 3380 ι

2228 3338 2321 3400 CC
2350 3345 2508 3398 τοῦτο
2554 3345 2763 3412 ἐξεῖπον
2787 3347 2897 3407 τοῖς
2937 3341 3273 3415 ἐκζητοῦσιν.
3325 3346 3386 3397 Ol
3428 3344 3483 3396 δὲ
3532 3343 3786 3405 λαϐόντες
3833 3343 3902 3404 ὼς

685 3439 1090 3506 responderunt
1122 3438 1539 3506 inquirentibus.
1587 3439 1663 3492 Illi
1699 3450 1828 3494 varo
1869 3439 1921 3492 id
1973 3439 2044 3492 ita
2095 3438 2244 3494 acci-

682 3530 923 3598 pientes,
961 3547 1025 3585 ac
1049 3532 1092 3585 si
1118 3532 1298 3599 reipsa
1330 3532 1433 3585 hoc
1464 3542 1815 3599 perageretur
1849 3547 1876 3585 a
1899 3530 2240 3596 Christianis,

683 3620 791 3675 hoc
819 3621 944 3676 aliis
974 3638 1188 3691 quoque
1227 3623 1647 3676 manifestabant
1684 3623 1914 3688 Grzecis,
1947 3633 2001 3677 et
2042 3636 2245 3694 marty-

680 3733 770 3771 res
804 3715 1064 3770 Sanctum
1101 3727 1155 3771 et
1179 3716 1496 3770 Blandiuam
1540 3719 1589 3770 id
1631 3717 1786 3771 fateri
1826 3720 2111 3773 tormentis
2148 3735 2240 3773 co-

680 3808 896 3878 gebant.
949 3807 1156 3872 Quibus
1185 3809 1323 3863 scite
1349 3823 1412 3861 ac
1441 3809 1609 3862 libere
1635 3809 1895 3863 Blandina
1938 3810 2237 3878 respondit,

681 3897 904 3952 dicens:
943 3917 962 3948 ι
991 3896 1270 3962 Quomodo
1320 3904 1434 3951 bace
1484 3898 1716 3966 ferrent,
1747 3900 1838 3966 qui
1894 3899 1965 3953 ob
2023 3913 2238 3953 sacram

681 3989 1133 4042 exercitationem
1187 4005 1253 4043 ne
1299 3992 1575 4044 concessis
1601 3992 1816 4061 quidem
1837 3989 2093 4045 carnibus
2115 4004 2238 4044 ves-

681 4081 925 4135 cuntur?
958 4097 977 4130 ι

2352 3437 2671 3506 αὐτόχρημα
2735 3434 2890 3486 τοῦτο
2948 3433 3216 3488 τελεῖσθαι
3285 3435 3646 3504 Χριστιανοῐς,
3701 3433 3796 3486 καὶ
3844 3431 3903 3501 δὴ

2350 3527 2504 3580 τοῦτο
2546 3531 2656 3590 τοῖς
2694 3526 2871 3590 ἄλλοις
2920 3526 3171 3597 ’Ἓλλησιν
3202 3526 3598 3598 ἐξεπόμπευον,
3645 3527 3739 3580 καὶ
3785 3526 3904 3587 τοὺς

2354 3621 2635 3689 μάρτυρας
2691 3619 2928 3686 Σάγκτον
2982 3619 3074 3670 καὶ
3116 3617 3401 3671 Βλανδίναν
3445 3617 3773 3689 ὁμολογῆσαι
3820 3617 3905 3670 δια

2352 3708 2602 3777 βασάνων
2637 3707 2958 3776 ἠνάγκαζον.
3013 3701 3107 3769 οἷς
3146 3707 3410 3776 εὐστόχως
3454 3707 3711 3761 Βλανδίνα
3739 3710 3903 3779 ἐπαρ-

2355 3801 2669 3872 ρησιόισατο,
2701 3799 2855 3862 «Πῶς
2883 3800 2967 3863 ἂν,
2994 3798 3240 3862 εἰποῦσα,
3267 3799 3471 3852 τούτων
3503 3800 3815 3869 ἀνάσχοιντο
3857 3801 3901 3851 οι

2352 3892 2483 3962 μηδέ
2557 3893 2663 3945 τῶν
2741 3892 3039 3961 ἐφειμένων
3102 3891 3277 3960 κρεῶν
3351 3891 3417 3944 δι’
3482 3890 3712 3963 ἄσκησιν
3776 3893 3902 3945 ἀπο»

2348 3984 2596 4046 λαύοντες
2615 4001 2626 4048 ;
2665 4004 2680 4034 ι

2233 4169 2368 4224 XIV.

679 4264 825 4314 Aliud
848 4263 1022 4313 Irenaai
1049 4265 1373 4325 fragmentum
1396 4264 1455 4313 ab
1479 4266 1734 4313 Anastasio
1758 4263 1944 4325 Sinaita
1987 4264 2288 4325 allegatum,
2314 4260 2400 4308 lib.
2451 4274 2495 4325 x_
2517 4261 2904 4325 Anagng‘icarum
2949 4261 3425 4325 contemplationum
3464 4264 3513 4310 in
3546 4261 3896 4325 Hexaemeron

744 4333 859 4374 tom.
900 4327 960 4376 IX
982 4321 1302 4376 Bibliotheca
1350 4326 1447 4376 PP.
1486 4328 1603 4374 edit.
1630 4325 1854 4388 Lugdun.
1885 4324 2024 4385 1677,
2055 4321 2184 4374 nunc
2222 4324 2431 4386 primum
2465 4321 2632 4370 Graece
2667 4323 2852 4369 editum
2877 4335 2905 4370 e
2934 4324 3039 4371 cod.
3069 4321 3160 4372 ms;
3196 4324 3315 4372 2253
3366 4322 3678 4373 bibliotheca
3701 4324 3897 4375 Colber-

744 4389 878 4436 tiu-aa.

739 4457 1012 4522 'Etadixit
1061 4486 1264 4535 serpens
1303 4469 1512 4521 mulieri
1543 4487 1559 4523 :
1589 4467 1698 4522 Cur
1743 4469 1882 4522 dixit
1924 4464 2102 4523 Deus:
2158 4467 2241 4523 Ne
2272 4472 2316 4525 D

2223 4486 2241 4522 ε
2272 4472 2316 4525 D
2417 4463 2527 4516 Kal
2564 4459 2730 4517 εἶπεν
2765 4468 2796 4518 ὀ
2825 4465 2958 4534 ὄφις
3007 4466 3082 4534 τῇ
3113 4467 3350 4534 γυναικί
3402 4465 3540 4537 (46)·
3583 4471 3649 4523 Tl
3689 4467 3776 4520 ὅτι
3821 4469 3897 4521 εἶ-

687 4562 1132 4616 manducaveritis
1171 4577 1234 4613 ea:
1280 4563 1421 4614 omni
1479 4561 1620 4629 ligno
1647 4562 1932 4628 paradisi?
1991 4560 2058 4613 Et
2105 4560 2240 4613 dixit

682 4650 874 4702 mulier
907 4652 1135 4718 serpenti
1165 4667 1183 4705 :
1219 4650 1303 4704 Ea:
1333 4653 1473 4704 omni
1504 4652 1666 4720 ligno,
1692 4661 1798 4705 etc.
1832 4650 1899 4704 Et
1932 4652 2076 4705 erilis
2105 4653 2240 4706 sicut

678 4743 1012 4806 dii,scientes
1037 4741 1224 4795 bonum
1248 4753 1293 4795 et
1311 4745 1507 4795 malum
1522 4745 1585 4798 ⁵³.
1613 4742 1710 4796 Hic
1736 4743 1952 4812 quidem
1979 4758 2237 4799 sensuum

679 4832 927 4900 pelagus,
955 4832 1357 4901 obscurumque
1381 4833 1723 4896 barathrum,
1751 4835 1894 4902 quod
1926 4848 2114 4887 eorum
2146 4835 2238 4902 qui

675 4923 786 4990 jam
817 4924 1169 4992 traiecerunt,
1202 4925 1537 4979 intellectum
1579 4927 1826 4989 excedat,
1853 4927 2005 4980 nobis
2042 4941 2238 4995 propo-

678 5015 842 5067 situm
867 5029 1008 5078 esse,
1044 5025 1287 5070 nostrum
1333 5032 1439 5070 non
1472 5027 1554 5071 est
1585 5018 1768 5072 dicere
1805 5035 1819 5070 :
1855 5018 1907 5071 id
1939 5019 2081 5072 enim
2127 5017 2239 5071 cla-

678 5117 796 5161 mat
821 5110 1100 5177 proposita
1136 5109 1222 5163 hic
1252 5110 1446 5164 oratio.
1474 5108 1623 5163 Hanc
1650 5110 1744 5178 qui
1771 5109 2028 5163 historice
2062 5112 2236 5178 potinc

677 5214 840 5268 quam
855 5201 1198 5268 spiritaliter,
1214 5199 1376 5272 3M
1391 5200 1926 5269 verbisinhmrentes,
1950 5201 2236 5269 accipiunt,

680 5292 868 5345 nescio
892 5307 996 5360 qua
1031 5294 1239 5347 ratione
1279 5293 1462 5347 lrenmi
1505 5293 1770 5347 adversus
1799 5307 1893 5346 eos
1919 5303 2237 5362 argumenta

681 5383 896 5436 solvere
943 5383 1182 5440 valeant.
1216 5382 1350 5437 Nam
1403 5385 1539 5439 dicit
1588 5386 1850 5438 adversus
1900 5384 2239 5451 impurorum

677 5476 1000 5543 Ophitarum
1030 5476 1471 5530 bzeresiarchiam
1493 5476 1780 5530 decertans
1811 5494 1826 5529 :
1861 5475 1964 5542 Qui
2000 5475 2113 5529 ﬁeri
2144 5489 2240 5543 po-

753 5632 798 5662 ”
835 5637 972 5688 Gen.
1008 5649 1090 5697 ιιι,
1119 5635 1142 5688 1
1175 5649 1326 5704 seqq.

750 5768 871 5874 (43⁸2)
901 5769 1268 5892 Χρῖιῦτιανῶι·
1319 5767 1445 5838 γάρ.
1502 5767 1575 5822 De
1610 5766 1692 5820 his
1719 5763 1940 5820 consule
1997 5767 2091 5823 fit.
2131 5765 2246 5821 Dis-

750 5853 811 5891 rt.
843 5876 893 5892 ...
930 5843 957 5892 ξ
1007 5845 1019 5880 i
1063 5880 1074 5892 .

677 5853 811 5893 sm.
839 5845 893 5904 τι,
930 5845 957 5907 ς
990 5845 1074 5893 tit).

2349 4570 2462 4610 πεν
2494 4560 2526 4610 ό
2555 4557 2718 4622 Θεὸς,
2753 4577 2769 4607 ι
2795 4561 2874 4610 Οὐ
2897 4556 2982 4626 μὴ
3016 4558 3239 4628 φάγητε
3281 4557 3398 4612 ἀπὸ
3447 4559 3668 4625 παντὸς
3715 4560 3900 4625 ξύλου

2347 4647 2451 4702 τοῦ
2493 4648 2562 4701 ἐν
2604 4647 2684 4713 τῷ
2720 4648 3092 4716 παραδείσῳ;
3127 4669 3144 4699 ι
3175 4650 3284 4702 Kal
3340 4649 3506 4702 εἶπεν
3541 4651 3579 4717 ἠ
3622 4650 3774 4719 γυνὴ
3825 4648 3900 4716 τῷ

2349 4741 2509 4808 ὄφει·
2565 4739 2695 4792 Ἀπὸ
2754 4741 2976 4805 παντὸς
3010 4741 3197 4804 ξύλου
3248 4759 3300 4794 κ.
3352 4759 3399 4794 τ.
3440 4741 3491 4797 λ.
3536 4744 3643 4796 Kal
3690 4745 3902 4798 ἐσεσθε

2346 4833 2425 4898 ὼς
2467 4832 2586 4886 θεοὶ
2620 4833 3010 4903 γινώσκοντες
3056 4834 3243 4886 καλὸν
3291 4835 3386 4888 καὶ
3441 4836 3723 4902 πονηρόν.
3786 4836 3902 4888 Ὀτι

2352 4926 2447 4995 μὲν
2517 4926 2749 4994 πέλαγος
2819 4929 2947 4996 ἡμῖν
3012 4926 3240 4979 ἐνταῦθα
3309 4928 3400 4980 καὶ
3455 4927 3613 4997 βυθὸς
3674 4929 3899 4998 ἀφανὴς,

2349 5018 2490 5088 ὑπὲρ
2533 5018 2660 5079 τοὺς
2698 5018 2797 5087 ἤδη
2841 5017 3348 5088 διαπεραιωθέντας,
3388 5019 3671 5090 πρόκειται
3697 5022 3901 5091 νοημά-

2347 5125 2474 5170 των,
2534 5109 2630 5177 οὐχ
2676 5107 2832 5177 ἡμῶν
2875 5108 2934 5159 τὸ
2975 5107 3182 5174 λέγειν·
3229 5108 3409 5161 αὐτόθι
3464 5108 3572 5180 γὰρ
3613 5110 3645 5180 ἠ
3692 5109 3902 5181 λέξιςή

2347 5200 2680 5270 προκειμένη
2735 5198 2892 5251 τοῦτο
2937 5199 3050 5268 βοᾷ.
3102 5200 3201 5252 Ἢν
3244 5201 3291 5252 οἱ
3339 5201 3622 5270 ἱστορικῶς
3672 5203 3766 5254 καὶ
3831 5202 3903 5272 μὴ

2351 5292 2546 5362 μᾶλλον
2599 5292 2979 5362 πνευματικῶς
3049 5290 3474 5359 ἐκλαμϐάνοντες
3498 5333 3513 5357 ,
3566 5292 3700 5346 ἀλλὰ
3761 5295 3902 5361 λεξι-

2347 5385 2659 5457 τηροῦντες,
2708 5386 2806 5436 οὐκ
2843 5381 2959 5436 οῖδα
2990 5385 3135 5445 ὅπως
3179 5383 3277 5445 τὰς
3319 5384 3422 5436 ὑπὸ
3455 5385 3744 5456 Είρηναίου
3771 5388 3903 5459 πρὸς

2349 5477 2542 5539 αὐτοὺς
2609 5476 2897 5545 προτάσεις
2957 5472 3280 5526 ἐπιλύονται.
3338 5474 3535 5527 Φάσκει
3596 5476 3706 5548 γάρ
3767 5477 3904 5531 κατὰ

2427 5767 2537 5848 ςιδ)
2573 5769 2677 5846 Kal
2702 5765 2867 5824 εἶπεν
2893 5775 2923 5826 ό
2946 5773 3075 5842 ὄφις
3114 5771 3182 5843 τῇ
3207 5776 3458 5844 γυναικί.
3486 5777 3623 5848 Lege
3649 5781 3902 5848 praevisa:

2355 5838 2813 5897 Admonitionem.
