4238 6316
302 354 443 409 l257
1492 346 1547 403 S.
1595 343 1852 401 lRENAEl
1893 340 2339 398 FRAGMENTA.
3403 338 3542 394 l338

300 469 401 538 τῆς
444 464 553 519 τῶν
610 468 821 538 μιαρῶν
870 464 1099 535 Ὀφιτῶν
1164 465 1543 537 αἰρεσιαρχίας
1591 462 1869 533 ὁπλιζόμε-
1897 464 1944 522 Α

1866 491 1869 500 ι
1897 464 1944 522 Α
1978 472 2102 526 test,
2134 471 2197 517 ut
2225 468 2533 531 serpentem
2564 470 2757 512 natura
2791 466 2997 511 mutum
3019 465 3073 511 et
3099 456 3326 512 rationis
3347 472 3540 526 exper-

294 535 384 620 νος
407 573 420 586 ’
462 556 588 620 Πῶς
614 535 851 612 ἠδυνατόν
892 560 982 611 τὸν
1025 558 1181 627 φύσει
1211 535 1401 626 άλογον
1444 559 1538 611 καὶ
1570 557 1729 609 ἄνουν
1760 554 1864 607 ὑπὸ

1976 565 2083 609 tem
2117 570 2151 607 a
2180 554 2288 608 Deo
2314 561 2578 615 creatum,
2602 560 2658 602 et
2681 548 2897 604 ratione
2924 558 2981 604 et
3005 549 3259 617 loquendi
3286 548 3543 603 facultate

291 644 430 697 Θεοῦ
478 645 769 714 γενόμενον
815 645 937 715 ὄφιν
991 646 1201 714 λογικὸν
1249 647 1342 697 καὶ
1390 644 1615 713 λαλητὺν
1650 645 1860 704 simi»);

1970 645 2253 714 prteditum
2283 642 2570 697 dicamus?
2606 640 2661 695 Si
2700 641 2919 708 quidem
2972 656 2999 694 a
3054 656 3112 695 se
3162 641 3280 710 ipso
3302 640 3411 694 vim
3445 641 3541 693 ha-

288 734 356 786 Εἰ
405 734 525 805 μὲν·
562 734 933 805 αὐτουργικῶς
982 735 1158 804 ἑαυτῷ
1211 734 1301 787 τὸν
1362 734 1517 802 λόγον
1546 772 1559 794 ,
1617 734 1707 785 καὶ
1769 731 1863 800 τὴν

1970 737 2084 791 buit
2111 735 2386 803 loquendi,
2428 734 2795 800 discernendi,
2840 732 3201 802 intelligendi,
3231 742 3287 785 ct
3316 746 3543 801 respon-

287 824 577 897 διάκρισιν,
607 826 700 878 καὶ
748 827 846 897 τὴν
888 825 1121 890 σύνεσιν,
1157 828 1247 880 καὶ
1280 828 1570 898 ἀπόκρισιν
1601 826 1708 879 τῶν
1758 825 1862 878 ὑπὸ

1969 827 2126 882 dendi
2166 827 2232 879 iis
2279 839 2400 895 quae
2457 841 2485 877 a
2522 824 2749 877 muliere
2799 823 3127 878 dicebantur
3175 839 3189 874 :
3231 824 3368 876 nihil
3407 838 3538 893 ergo

284 916 389 987 τῆς
411 917 663 983 γυναικὸς
688 916 996 987 λεγομένων
1028 919 1298 990 ἐχρήσατο
1317 936 1329 949 ·
1376 919 1483 991 ἄρα
1516 915 1606 971 οὖν
1630 920 1722 972 καὶ
1756 920 1860 981 πᾶς

289 1006 416 1076 ὄφςς
459 1006 615 1060 τοῦτο
666 1010 837 1062 ποιεῖν
878 1009 937 1062 οὑ
990 1008 1282 1063 κεκώλυτο.
1344 1010 1406 1063 Εἰ
1452 1010 1509 1062 δὲ
1547 1009 1706 1062 πάλιν
1752 1010 1857 1080 φή-

285 1114 440 1152 σουσι
477 1100 617 1151 κατὰ
658 1099 806 1153 θείαν
835 1100 1027 1173 βουλὴν
1068 1105 1161 1155 καὶ
1195 1104 1507 1174 οἰκονομίαν
1542 1104 1855 1175 ἀνθρωπίνῃ

283 1192 437 1260 φωνῇ
504 1194 569 1263 τῇ
627 1191 741 1262 Εόᾳ
796 1192 983 1247 τοῦτον
1040 1196 1541 1267 προσφθέγγεσθαι,
1592 1196 1682 1249 τὸν
1725 1196 1855 1249 Θεὸν

282 1280 469 1331 ἑστῶσι
498 1282 597 1351 τῆς
636 1282 909 1352 ἁμαρτίας
954 1283 1142 1336 αἴτιον.
1200 1284 1337 1337 Ἀλλ’
1368 1285 1488 1337 οὐδὲ
1516 1284 1595 1354 τῷ
1635 1283 1855 1354 πονηρῷ

278 1370 491 1441 δαίμονι
542 1371 658 1437 ἐξὸν
692 1374 755 1425 ὲκ
796 1373 888 1425 τοῦ
949 1374 1023 1445 μὴ
1072 1375 1223 1439 ὄντος
1261 1378 1341 1439 εἰς
1395 1378 1455 1429 τὸ
1490 1372 1627 1429 εἶναι
1678 1376 1854 1445 ἀλόγῳ

287 1459 448 1529 φύσει
498 1461 653 1529 λόγον
716 1464 1078 1536 χαρίσασθαι·
1126 1467 1247 1519 ἐπεὶ
1297 1469 1356 1520 οὐ
1414 1467 1682 1520 παύσαιτό
1723 1482 1852 1517 ποτε

278 1556 417 1628 πρὸς
452 1560 667 1629 ἀπάτην
705 1558 771 1611 δι’
803 1559 999 1628 ὄφεων,
1034 1563 1127 1615 καὶ
1175 1563 1400 1634 Θηρίων,
1451 1566 1543 1616 καὶ
1589 1564 1851 1618 πετεινῶν

273 1649 388 1709 τοῖς
416 1646 723 1717 ἀνθρώποις
756 1648 1133 1719 διαλεγόμενος
1164 1652 1256 1705 καί
1300 1652 1534 1705 πλανῶν.
1579 1654 1746 1706 Πόθεν
1771 1655 1847 1715 δὲ,

1967 917 2357 987 prohibuisset,
2386 915 2679 985 quominus
2712 927 2937 982 serpens
2977 913 3204 983 quilibet
3232 914 3333 968 hoc
3363 914 3539 983 ipsum

1966 1018 2180 1079 ageret.
2212 1007 2268 1061 Si
2310 1018 2491 1061 autem
2550 1004 2955 1073 responderint,
3018 1006 3111 1059 Dei
3156 1005 3438 1059 voluntate
3482 1017 3541 1060 et

1965 1099 2371 1167 dispensatione
2396 1098 2538 1151 hunc
2567 1097 2803 1150 humana
2842 1110 2974 1150 voce
3004 1095 3169 1149 Evam
3208 1096 3373 1151 fuisse
3405 1097 3539 1151 allo-

1964 1199 2187 1245 cutum:
2236 1190 2345 1258 jam
2378 1190 2545 1244 Deum
2593 1188 2930 1244 constituunt
2982 1199 3260 1243 auctorem
3305 1190 3534 1258 peccati.

1963 1281 2067 1336 Sed
2094 1296 2267 1351 neque
2300 1282 2564 1351 possibile
2590 1289 2709 1335 erat
2740 1281 2880 1333 malo
2912 1280 3165 1345 daemoni,
3186 1282 3234 1336 ei
3266 1280 3537 1349 loquelam

1963 1374 2253 1443 impertiri,
2285 1375 2374 1444 qui
2402 1382 2594 1427 natura
2627 1384 2807 1427 mutus
2848 1380 2987 1437 erat,
3020 1383 3080 1426 ut
3104 1373 3155 1426 id
3191 1382 3335 1427 esset
3376 1373 3526 1443 quod

1961 1476 2117 1520 antea
2145 1480 2248 1519 non
2281 1474 2401 1519 erat
2438 1481 2453 1521 :
2488 1465 2689 1535 alioqui
2742 1480 2847 1519 non
2882 1466 3148 1529 desiisset,
3195 1474 3253 1517 ut
3288 1464 3536 1519 homines

1961 1557 2013 1610 in
2032 1572 2274 1611 errorem
2304 1558 2617 1617 induceret.
2644 1571 2807 1625 Opera
2833 1565 3170 1624 serpentum,
3199 1564 3253 1609 et
3272 1554 3531 1621 ferarum,

1958 1658 2012 1701 et
2042 1647 2324 1702 volucrum
2361 1663 2485 1701 cum
2518 1649 2585 1702 iis
2612 1649 2816 1702 habere
2843 1661 3176 1709 sermonem,
3205 1661 3407 1716 eosque
3439 1648 3537 1702 cir-

276 1738 367 1789 καὶ
426 1736 612 1810 θηρίον
661 1738 755 1803 ὢν,
807 1741 1005 1809 ἢκουσε
1050 1743 1150 1811 τῆς
1196 1743 1412 1814 ἐντολῆς
1440 1746 1537 1815 τῆς
1568 1744 1672 1797 ὑπὸ
1714 1745 1846 1796 Θεοῦ

1957 1741 2347 1793 cumscribere.
2380 1738 2530 1793 Unde
2559 1754 2685 1793 vero
2725 1739 2817 1806 qui
2850 1738 2963 1791 fera
2990 1750 3129 1803 erat,
3162 1739 3367 1792 audivit
3399 1754 3529 1807 pra:-

274 1828 351 1899 τῷ
389 1829 680 1901 ἀνθρώπῳ,
739 1834 832 1884 καὶ
880 1834 1045 1903 μόνῳ,
1100 1835 1378 1903 μυστικῶς
1418 1834 1682 1906 δοθείσης,
1727 1837 1849 1906 μηδ’
1886 1826 1925 1877 Β

1886 1826 1925 1877 Β
1956 1840 2173 1899 ceptum
2219 1830 2449 1896 homini,
2478 1830 2633 1898 eique
2668 1829 2766 1882 soli
2807 1838 3022 1882 secreto
3055 1829 3268 1892 datum,
3312 1846 3379 1883 ne
3414 1832 3531 1897 ipsa

275 1923 449 1993 αὐτῆς
502 1921 601 1993 τῆς
636 1924 893 1990 γυναικὸς
936 1924 1095 1977 τοῦτο
1148 1925 1457 1998 μαθούσης;
1506 1926 1605 1979 Διὰ
1664 1928 1717 1979 τί
1775 1929 1848 1999 μὴ

1955 1924 2175 1991 quidem
2212 1923 2427 1976 conscia
2464 1921 2734 1975 muliere?
2768 1918 2878 1973 Cur
2908 1934 3018 1973 non
3047 1921 3319 1975 hominem
3353 1925 3530 1990 potius

272 2014 474 2083 μᾶλλον
502 2013 579 2083 τῷ
607 2014 897 2087 ἀνθρώπῳ,
930 2018 1022 2069 καὶ
1051 2017 1111 2068 οὐ
1144 2020 1206 2088 τῇ
1237 2019 1473 2085 γυναικὶ,
1509 2019 1845 2091 προσέϐαλε;

275 2104 388 2158 Κᾶν
427 2106 501 2175 μὴ
546 2106 655 2177 (47)
688 2106 869 2177 εἴπῃς,
912 2107 988 2171 ὡς
1033 2107 1431 2181 ἀσθενεστέρας
1456 2110 1660 2182 ταύτης
1686 2111 1845 2164 κατέ-

266 2197 461 2269 δραμε·
485 2198 788 2252 τούναντίον
817 2200 1272 2271 άνδρειοτέρα,ὡς
1295 2202 1484 2273 βοηθὸς
1516 2202 1607 2255 τοῦ
1641 2202 1847 2276 ἀνθρὼ-

272 2303 373 2340 me
412 2288 585 2358 ἐφάνη
615 2290 672 2341 ὲν
702 2290 770 2360 τῇ
806 2289 1115 2360 παραϐάσει
1153 2291 1252 2361 τῆς
1287 2291 1523 2364 ἐντολῆς.
1560 2292 1703 2365 Αὕτη
1739 2293 1846 2365 γάρ

270 2378 362 2430 καὶ
394 2378 641 2450 άνταίρει
676 2374 811 2452 μόνη
846 2379 923 2451 τῷ
950 2380 1089 2450 ὄφει,
1126 2382 1217 2435 καὶ
1253 2384 1391 2454 μετά
1436 2401 1577 2448 τινος
1606 2386 1845 2449 στάσεως

268 2468 359 2521 καὶ
389 2469 717 2538 φιλονεικίας
759 2472 1357 2545 καταπανουργηθεῖσα,
1391 2475 1485 2529 τοῦ
1522 2474 1677 2543 ξύλου
1714 2476 1845 2544 ἐφα-

269 2578 397 2630 τεν·
456 2564 484 2614 ὁ
515 2562 570 2615 δὲ
613 2562 783 2635 Ἀδὰμ
814 2564 965 2617 οὐδὲν
1008 2563 1143 2641 ὅλως
1178 2567 1573 2639 μαχεσάμενος,
1622 2568 1654 2638 ἢ
1699 2569 1845 2621 ἀντι-

269 2650 442 2719 λέξεις,
497 2651 593 2705 τοῦ
641 2652 856 2724 καρποῦ
891 2640 1204 2726 μετειλήφει
1262 2656 1505 2721 δοθέντος
1544 2640 1702 2729 παρὰ
1746 2658 1843 2727 τῆς

267 2743 521 2810 γυναικός
556 2760 568 2772 ·
632 2744 770 2815 ὅπερ
794 2746 1077 2810 ἀσθενείας
1108 2748 1406 2812 παντελοῦς
1426 2752 1519 2803 καὶ
1537 2750 1653 2812 νοὸς
1684 2750 1844 2803 ἀνάν-

264 2833 389 2904 δρου
424 2835 570 2886 ἐστὶν
607 2836 898 2904 ἀπόδειξις.
942 2840 1006 2893 Ἠ
1051 2840 1148 2909 μὲν
1182 2840 1289 2912 γὰρ
1330 2840 1485 2912 γυνὴ,
1522 2842 1625 2893 ὑπὸ
1652 2841 1841 2911 δαίμο-

264 2940 351 2987 νος
380 2926 899 2993 ηταπαλαισθείσα,
939 2932 1256 3003 συγγνωστὴ
1298 2932 1563 3003 ὑπάρχει·
1610 2936 1637 2986 ὁ
1667 2934 1724 2986 δὲ
1766 2935 1843 2985 Ἀ-

263 3016 394 3087 δὰμ,
431 3019 506 3083 ὡς
539 3020 645 3073 ὑπὸ
666 3023 922 3090 γυναικὸς
960 3023 1214 3094 ἡττηθεὶς
1243 3024 1625 3094 άσύγγνωστος
1667 3024 1839 3088 ἔσται,

264 3107 338 3172 ὡς
370 3106 813 3183 αὑτοπροσώπως
845 3114 942 3187 τὴν
958 3114 1177 3188 ἐντολὴν
1202 3117 1366 3181 αὐτὸς
1388 3118 1492 3171 ὑπὸ
1519 3116 1651 3172 Θεοῦ
1685 3135 1843 3189 κομι-

1955 2030 2250 2085 aggressus
2272 2025 2535 2082 estquam
2559 2011 2883 2066 mulierem?
2906 2011 2960 2065 Si
2981 2011 3185 2066 dixeris
3214 2015 3368 2078 mihi,
3392 2015 3531 2069 hanc

1956 2118 2216 2175 tanquam
2278 2106 2693 2161 imbecilliorem
2759 2112 3129 2173 oppugnatam
3200 2110 3226 2165 ;“
3279 2110 3526 2176 quinimo

1953 2194 2166 2261 fortior,
2185 2206 2370 2266 utpote
2388 2198 2702 2252 auxiliatrix
2724 2198 2983 2263 hominis,
3002 2199 3251 2267 apparuit
3267 2199 3320 2251 in
3348 2210 3528 2253 trans-

1952 2289 2232 2357 gressione
2276 2290 2551 2358 praecepti.
2581 2289 2704 2344 Ηίεο
2743 2291 2887 2345 enim
2922 2291 3035 2345 sola
3075 2291 3276 2346 restitit
3303 2305 3529 2359 serpen-

1956 2380 2036 2449 ti;
2089 2390 2145 2436 et
2180 2381 2271 2435 ubi
2301 2381 2618 2449 aliquandiu
2657 2385 2978 2451 restitisset,
3013 2383 3524 2453 contendissetque,

1953 2473 2077 2528 dolo
2111 2474 2489 2529 circumventa
2541 2490 2571 2529 e
2608 2475 2739 2547 ligni
2776 2477 2958 2533 fructu
3014 2477 3255 2533 comedit
3310 2478 3527 2533 :Adam

1954 2580 2081 2619 vero
2115 2567 2261 2621 nullo
2290 2580 2513 2635 prorsus
2538 2566 2675 2621 inito
2698 2570 3025 2633 certamine,
3053 2568 3193 2623 haud
3224 2583 3529 2639 repugnan-

1951 2668 2033 2712 ter
2073 2669 2385 2727 porrectum
2439 2676 2467 2714 a
2505 2660 2734 2713 muliere
2780 2659 3019 2715 fructum
3071 2660 3317 2728 accepit;
3376 2661 3524 2730 quod

1951 2766 2175 2804 summae
2221 2741 2619 2827 imbecillith
2648 2762 2704 2807 et
2744 2752 2925 2818 animi,
2960 2751 3197 2805 imbellis
3229 2760 3527 2821 argumen-

1954 2852 2065 2895 tum
2099 2852 2205 2897 est.
2237 2843 2301 2895 Et
2331 2855 2479 2896 certe
2506 2843 2704 2896 mulier
2741 2859 2769 2896 a
2802 2845 3050 2897 daemone
3089 2852 3384 2911 prostrata,
3431 2858 3526 2896 ve-

1954 2936 2041 2987 nia
2066 2934 2229 3001 digna
2264 2933 2366 2987 luit
2396 2952 2411 2999 ;
2452 2933 2599 2987 nulla
2640 2946 2773 2987 vero
2806 2935 2999 3003 dignus
3033 2936 3228 2999 Adam,
3270 2945 3329 2988 ut
3360 2937 3453 3004 qui
3492 2951 3524 2989 a

1952 3024 2180 3078 muliere
2212 3034 2504 3093 superatus
2531 3025 2623 3079 sit.
2671 3021 2905 3093 lpsemet
2936 3026 3083 3078 enim
3126 3036 3460 3095 praeceptum
3491 3044 3525 3081 ιι

1952 3116 2061 3169 Deo
2091 3125 2381 3184 acceperat
2425 3133 2440 3172 :
2475 3116 2670 3169 mulier
2706 3127 2883 3167 autem
2923 3115 3242 3169 mandatum
3298 3115 3524 3170 audiens

265 3201 525 3271 σάμενοςο
549 3180 619 3275 -ή
664 3205 762 3275 μὲν
800 3180 910 3277 γὰρ
960 3180 1144 3278 γυνὴ(
1168 3212 1261 3262 καὶ
1294 3211 1423 3279 παρ’
1462 3208 1623 3263 αὑτοῦ
1672 3180 1839 3282 Ἀδάμ
1868 3180 1914 3238 C

1868 3180 1914 3238 α
1951 3209 2017 3261 ab
2050 3180 2275 3270 Adamo,
2309 3207 2659 3276 contempsit,
2700 3207 2779 3259 vel
2832 3206 2979 3275 quod
3027 3207 3247 3275 dignam
3286 3221 3393 3260 non
3426 3206 3523 3259 ha-

263 3292 359 3362 τῆς
392 3293 610 3364 ἐντολῆς
655 3296 953 3361 ἀκούσασα,
1002 3300 1468 3372 εὐκαταφρόνητος
1510 3302 1755 3368 διέκειτο,
1805 3304 1837 3373 ἢ

263 3383 338 3447 ὡς
372 3385 443 3456 μὴ
474 3384 765 3451 ἀξιωθεῖσα
792 3391 883 3443 τὸν
912 3391 1042 3445 Θεὸν
1072 3393 1361 3466 καὶταύτῃ
1394 3394 1642 3464 λαλῆσαι,
1678 3395 1710 3467 ἢ
1748 3399 1839 3451 καὶ

261 3475 335 3538 ὼς
360 3476 687 3541 διστάζονσα
719 3481 849 3545 τσως
877 3484 969 3543 καὶ
1000 3484 1290 3554 νομίζουσα
1311 3484 1519 3538 οἴκοθεν
1551 3488 1645 3539 τὸν.
1670 3488 1837 3560 Ἀδὰμ

261 3568 357 3638 τὴν
384 3570 606 3642 ἐντολὴν
644 3572 779 3644 αὐτῇ
808 3573 1045 3645 δοθῆναι.
1096 3576 1239 3647 Πρὸς
1297 3578 1493 3649 ἑαυτὴν
1532 3578 1837 3643 ἰδιάζουσαν

262 3652 415 3730 εόρεν
446 3662 475 3712 ὀ
503 3661 646 3729 ὄφις,
674 3662 760 3715 ἴνα
793 3664 991 3737 δυνηθῇ
1023 3667 1143 3718 κατ’
1176 3665 1308 3718 ἰδίαν
1340 3667 1477 3737 αὐτῇ
1508 3671 1838 3741 προσομιλῆ-

263 3766 367 3803 σαι.
419 3750 733 3806 Ἐσθίουσαν
766 3754 823 3807 δὲ
853 3756 1018 3825 αὐτὴν
1050 3758 1114 3809 ἐκ
1142 3756 1251 3808 τῶν
1287 3756 1458 3822 ξύλων
1487 3756 1631 3823 ἰδὼν,
1667 3777 1835 3831 προσ-

261 3843 451 3897 έϐαλλε
497 3846 596 3915 τὴν
632 3846 833 3915 βρῶσιν
872 3848 963 3902 τοῦ
1002 3848 1177 3913 ξύλου,
1212 3851 1244 3921 ἢ
1286 3850 1359 3921 μὴ
1395 3850 1695 3905 ἐσθίουσαν.
1727 3855 1837 3907 Καὶ

259 3936 307 3986 εἰ
342 3935 441 4002 μὲν
472 3935 780 4002 ἐσθίουσαν,
816 3939 1101 4009 πρόδηλον,
1137 3942 1220 3992 ὃτι
1260 3943 1353 3993 καί
1380 3944 1437 3993 ὲν
1481 3942 1703 4012 φθαρτῷ
1733 3942 1835 3995 σώ-

263 4042 390 4095 ματι
424 4022 589 4080 οὖσαν
609 4046 621 4058 ·
647 4027 778 4083 Πᾶν
802 4030 911 4100 τὰρ
946 4030 1011 4082 τὸ
1052 4034 1139 4095 εἰς
1170 4030 1237 4083 τὸ
1281 4033 1473 4101 στόμα
1497 4035 1835 4103 εἰσερχόμε-

259 4134 366 4170 νον
389 4122 477 4183 εἰς
512 4118 829 4187 ἀφεδρῶνα
851 4120 1040 4189 χωρεῖ.
1061 4123 1124 4176 Εἰ
1157 4116 1247 4175 οῦν
1283 4122 1515 4193 φθαρτὴ,
1548 4125 1831 4196 πρόδηλον,

258 4210 335 4262 ὄτι
383 4211 475 4263 καὶ
516 4211 706 4282 θνητή.
754 4213 816 4265 Εἰ
868 4212 923 4265 δὲ
974 4212 1162 4284 θνητὴ,
1215 4215 1398 4267 οὐκέτι
1448 4216 1679 4286 κατάρα,
1714 4219 1834 4272 οῦδὲ

258 4302 529 4369 ἀπόφασις
562 4300 628 4372 ἦν
652 4304 855 4375 ἐκείνη,
894 4306 925 4375 ἡ
955 4305 1239 4372 φάσκουσα
1273 4307 1407 4377 πρὸς
1433 4308 1521 4359 τὸν
1550 4309 1832 4381 ἄνθρωπον

259 4392 405 4462 φωνὴ
435 4393 595 4458 Θεοῦ,
630 4395 709 4447 ὄτι
744 4395 819 4465 γῆ
852 4392 1028 4449 εἶκαὶ
1061 4398 1149 4462 εἰς
1176 4396 1293 4466 γῆν
1324 4398 1659 4467 ἁπελεύσῃ,
1688 4401 1830 4454 καθὰ

1949 3301 2155 3354 buisset
2205 3301 2368 3365 Deus,
2414 3316 2577 3368 quam
2618 3298 2988 3366 alloqueretur
3040 3299 3193 3366 ipse;
3234 3300 3319 3352 vel
3367 3297 3523 3368 quod

1948 3392 2243 3456 dubitaret,
2300 3393 2409 3445 imo
2452 3390 2594 3446 forte
2666 3392 3031 3455 existimaret,
3081 3392 3250 3444 Adam
3297 3392 3523 3460 proprio

1947 3492 2094 3537 motu
2144 3493 2473 3552 praeceptum
2530 3483 2632 3537 sibi
2683 3484 3027 3552 imposuisse.
3106 3482 3351 3551 Cumque
3404 3481 3518 3536 sola

1946 3590 2189 3629 seorsum
2238 3585 2446 3645 ageret,
2486 3577 2627 3630 hanc
2664 3591 2889 3645 serpens
2920 3575 3147 3641 invenit,
3196 3576 3267 3626 ita
3306 3583 3362 3627 ut
3395 3590 3520 3643 pos-

1946 3679 2030 3722 set
2059 3671 2314 3737 privatim
2341 3686 2462 3723 cum
2493 3685 2556 3724 ea
2590 3670 2963 3725 confabulari.
2994 3670 3163 3725 Porro
3179 3671 3257 3725 vel
3283 3687 3313 3723 e
3350 3670 3519 3737 ligno-

1947 3776 2067 3814 rum
2126 3760 2389 3814 l'ructibus
2438 3761 2811 3813 comedentem
2857 3762 3087 3824 videns,
3140 3761 3271 3829 ligni
3326 3758 3516 3831 (vetiti)

1946 3852 2441 3918 fructum'objecit,
2475 3851 2557 3904 vel
2591 3866 2696 3904 non
2731 3853 3127 3905 comedentem.
3180 3850 3245 3903 Et
3298 3852 3342 3905 si
3396 3851 3520 3919 qui-

1942 3944 2064 3997 dem
2097 3944 2498 4003 cometlentem.
2538 3943 2678 3995 haud
2723 3942 2948 3995 dubium
3001 3943 3299 4010 quinetiam
3330 3957 3521 3996 corru-

1942 4036 2115 4106 ptioni
2170 4034 2391 4088 obnoxii
2439 4034 2686 4100 corporis
2742 4033 3061 4101 participem
3107 4033 3323 4087 :Omne
3377 4035 3516 4086 enim

1941 4127 2158 4197 quodin
2199 4144 2253 4179 os
2293 4126 2608 4193 ingreditur,
2654 4128 2707 4177 in
2756 4140 3015 4177 secessum
3048 4128 3155 4177 abit
3199 4127 3265 4177 ⁵ο.
3296 4126 3352 4178 Si
3381 4140 3518 4194 ergo

1942 4220 2277 4290 corruptioni
2305 4219 2563 4283 obnoxia,
2598 4218 2947 4271 manifestum
2979 4220 3106 4287 quia
3149 4230 3202 4272 et
3243 4218 3422 4271 morti.
3456 4217 3515 4271 Si

1941 4329 2073 4368 vero
2102 4316 2262 4368 morti
2312 4315 2571 4375 obnoxia,
2606 4314 2715 4381 iam
2753 4329 2857 4367 non
2890 4314 3219 4373 exsecratio,
3254 4325 3353 4365 nec
3385 4326 3513 4363 sen—

1943 4408 2109 4461 tentia
2156 4417 2275 4461 erat
2326 4422 2429 4460 vox
2480 4406 2571 4459 illa
2620 4408 2737 4469 Dei,
2766 4422 2869 4475 qua
2903 4405 3042 4459 dixit
3073 4404 3277 4457 homini
3306 4420 3318 4457 :
3349 4402 3513 4455 Terra

258 4485 367 4554 ἔχει
403 4486 435 4555 ἡ
485 4484 595 4537 τῶν
642 4486 984 4557 πραγμάτων
1022 4486 1266 4557 ἀλήθεια.
1318 4490 1380 4541 Εἰ
1424 4489 1480 4542 δὲ
1530 4490 1689 4542 πάλιν
1732 4491 1830 4541 οὐκ
1866 4534 1909 4588 D

1866 4534 1909 4588 Ι)
1938 4518 2011 4564 es,
2037 4510 2083 4551 et
2116 4500 2168 4551 in
2216 4508 2411 4551 terram
2446 4502 2717 4551 reverteris
2750 4500 2789 4530 ⁶¹
2814 4539 2829 4563 ,
2873 4507 2931 4551 ut.
2977 4514 3037 4551 se
3088 4498 3252 4550 habet
3307 4496 3512 4548 veritas

257 4574 540 4635 ἐσθίουσαν
579 4578 609 4628 ὁ
646 4575 767 4644 ὄφις
816 4576 913 4648 τὴν
954 4582 1189 4645 γυναῖκα
1242 4580 1533 4644 ἐθεάσατο,
1590 4582 1705 4646 πῶς
1754 4587 1831 4646 εἰς

259 4665 461 4737 βρῶσιν
491 4668 771 4738 μετήγαγε
792 4669 891 4740 τὴν
920 4671 1175 4723 οὐδέποτε
1218 4672 1527 4740 φαγοῦσαν;
1583 4675 1676 4737 Τίς
1709 4675 1764 4727 δὲ
1803 4679 1831 4728 ὁ

261 4756 506 4825 μηνύσας
536 4759 626 4810 καὶ
654 4759 825 4830 τούτῳ
859 4759 938 4830 τῷ
967 4766 1195 4834 φονευτῇ
1225 4764 1547 4835 παλαμναίῳ
1586 4767 1725 4834 ὄφει,
1755 4768 1830 4831 ὡς

257 4850 353 4901 οὐκ
399 4851 483 4912 εἰς
524 4853 700 4920 πέρας
742 4851 935 4925 ἔλθῃή
978 4856 1117 4927 πρὸς
1168 4857 1362 4920 αὐτοὺς
1412 4859 1475 4910 ἐκ
1515 4859 1649 4911 Θεοῦ
1703 4862 1830 4931 περὶ

259 4940 489 4995 θανάτου
521 4943 813 5012 ἀπόφασις,
857 4948 1134 5011 εἰπόντος·
1179 4942 1260 5020 ⁷ῌ
1288 4948 1340 5001 δ’
1376 4950 1451 5002 ἂν
1490 4952 1675 5020 ᾑμέρᾳ
1714 4952 1827 5021 φά-

256 5049 415 5098 γητε,
442 5036 676 5098 θανάτῳ
701 5038 1084 5103 ἀποθανεῐτε;
1128 5041 1239 5093 Καὶ
1279 5042 1339 5093 οὐ
1393 5043 1569 5113 μόνον,
1603 5044 1717 5097 ἀλλ’
1744 5046 1827 5098 ὅτι

260 5124 351 5174 σὺν
395 5127 459 5193 τῇ
514 5124 749 5197 άθρηξίᾳ
789 5127 897 5199 (48)
920 5130 1014 5183 καὶ
1043 5131 1247 5185 τούτων
1276 5133 1735 5205 διανοιχθήσονται
1776 5136 1827 5187 0i

256 5213 545 5285 ὀφθαλμοὶ,
590 5218 637 5268 οί
679 5217 739 5269 τὸ
781 5220 909 5290 πρὶν
936 5219 1327 5288 ἀῦλεποῦντες;
1378 5226 1441 5293 τῇ
1497 5224 1552 5276 δὲ
1597 5224 1825 5295 λεγομέ-

256 5321 319 5375 νῃ
348 5305 599 5371 διανοίξει
643 5308 740 5379 τὴν
776 5309 976 5364 εἴσοδον
1028 5311 1105 5381 τῷ
1152 5312 1365 5383 θανάτῳ
1407 5316 1750 5385 ποιήσαντες.

1940 4611 2145 4648 rerum.
2178 4595 2329 4661 Quod
2358 4595 2403 4649 si
2448 4608 2637 4647 rursus
2679 4608 2786 4647 non
2821 4594 3195 4648 comedentem
3228 4590 3511 4644 mulierem

1939 4688 2074 4741 vidit
2104 4703 2357 4755 serpens,
2388 4690 2663 4756 quomodo
2712 4689 2778 4741 ad
2826 4686 3220 4741 comedendum
3272 4684 3511 4745 induxit,

1938 4793 2060 4845 qua:
2116 4794 2393 4846 nunquam
2441 4778 2797 4832 comederat?
2834 4777 2967 4842 Quis
3018 4786 3203 4829 autem
3246 4774 3513 4827 indicavit

1938 4874 2066 4928 huic
2108 4872 2394 4927 homicidae
2418 4871 2687 4927 scelerato
2716 4871 2981 4947 serpenti,
3017 4870 3229 4925 exitum
3263 4882 3368 4919 non
3407 4868 3508 4918 ha-

1938 4965 2174 5017 bituram
2202 4979 2342 5025 eam,
2386 4979 2551 5032 quam
2585 4964 2636 5015 in
2666 4977 2759 5016 eos
2790 4964 3007 5025 tulerat,
3057 4961 3253 5015 mortis
3285 4970 3507 5012 senten-

1938 5058 2066 5110 tiam
2100 5058 2256 5119 Deus,
2299 5058 2486 5110 dicens
2517 5075 2529 5111 :
2557 5056 2676 5120 Qua
2722 5058 2807 5108 die
2837 5054 3312 5115 manducaveritis,
3344 5059 3509 5103 morte

1938 5149 2236 5201 moriemini
2252 5146 2336 5199 "1’
2359 5144 2467 5198 Nec
2488 5148 2542 5202 id
2574 5149 2862 5211 duntaxat,
2896 5148 2990 5200 sed
3025 5146 3191 5198 etiam
3222 5144 3364 5211 quod
3398 5142 3505 5194 im-

1937 5241 2191 5295 mortales
2232 5238 2381 5302 facti,
2414 5255 2601 5293 eorum
2655 5239 2936 5309 aperiendi
2972 5247 3155 5293 essent
3197 5236 3345 5291 oculi
3370 5276 3383 5299 ,
3415 5235 3505 5303 qui

1935 5331 2087 5401 prius
2139 5343 2244 5382 non
2295 5331 2589 5385 videbant?
2654 5332 2809 5385 Dicta
2844 5344 2973 5385 vero
3013 5329 3298 5384 oculorum
3346 5340 3504 5395 aper-

1936 5426 2085 5479 tione
2122 5422 2331 5477 aditum
2357 5423 2522 5477 morti
2551 5422 2819 5477 fecerunt.

329 5528 593 5584 “Matth.
636 5545 727 5593 xv,
781 5531 868 5589 l7.
944 5534 987 5564 “
1017 5532 1156 5588 Gen.
1190 5550 1275 5602 In,
1316 5536 1398 5590 l9.
1476 5538 1521 5569 “
1553 5537 1690 5594 Gen.
1748 5558 1805 5609 ιι,
1851 5546 1942 5601 l7.

323 5643 433 5719 (ἓῖ)
470 5644 596 5719 Κᾶν
626 5644 735 5719 μή·
766 5644 893 5719 Lys.
931 5648 1031 5701 κάν
1062 5666 1171 5719 μοι.

1935 5659 2025 5724 qui
2085 5660 2185 5712 hos
2230 5657 2509 5712 Anastasii
2569 5656 2738 5711 libros
2794 5659 2846 5712 in
2883 5657 3137 5713 Latinum
3202 5673 3504 5712 sermonem

346 5713 434 5799 ιβ)
472 5715 761 5799 Ἀθρῃξίᾳ-
796 5713 1515 5799 Bﬁrbaravox,_quam_sola
1536 5726 1819 5799 peperisse
1930 5713 2211 5783 transtulit
2250 5746 2263 5782 :
2314 5728 2475 5783 vertit
2519 5730 2684 5793 enim,
2719 5744 2835 5783 cum
2888 5746 2946 5783 eo
2978 5732 3117 5799 quod
3165 5742 3330 5787 marte
3360 5745 3505 5781 tma-

258 5781 464 5859 videtur
493 5781 800 5859 scribarum
836 5787 1130 5859 imperitia.
1176 5781 1489 5859 Lugendum
1526 5781 1815 5859 ἀθανασία.

262 5850 532 5920 Quidpiam
567 5855 748 5910 simile
798 5850 990 5927 legisse
1023 5859 1236 5915 videtur
1259 5850 1343 5916 "in
1390 5879 1488 5919 suo
1540 5866 1727 5920 codice
1767 5850 1811 5919 is

1930 5799 2075 5853 bunt.
