4238 6316
792 327 935 386 ωδ

2005 321 2064 378 S.
2101 317 2352 374 IIlENxEI
2393 315 2830 371 FRAGMENTA.

3878 307 4017 363 ιω

790 442 950 496 aliam
976 439 1324 496 scortatiunis
1350 439 1525 507 legem
1551 435 1861 502 instituens,
1896 435 1984 490 hic
2016 450 2122 490 non
2151 435 2262 506 jam
2291 443 2349 488 ut
2379 444 2424 498 Α
2451 449 2464 483 a

2345 475 2349 487 .
2379 444 2424 498 Α
2451 431 2732 483 κατέναντι
2756 430 2918 499 νόμου
2955 426 3064 496 (66)
3116 425 3284 490 Θεοῦ,
3313 425 3498 498 ιἕτερον
3551 424 3804 497 πορνείας
3853 423 4019 495 νόμον

786 532 1071 600 propheta,
1098 530 1194 588 sed
1224 542 1281 585 ut
1313 530 1561 586 hariolus
1592 529 1948 598 reputabitur.
1976 528 2076 594 Qui
2107 527 2249 582 enim
2296 528 2346 580 in

793 620 886 676 Dei
908 622 1164 676 mandato
1192 638 1296 678 non
1317 621 1708 692 perseveravit,
1736 621 1953 691 dignam
1988 619 2136 690 pravi
2166 619 2348 674 consi-

788 711 844 766 lii
874 712 960 768 sui
982 712 1286 768 mercedem
1315 711 1536 783 recepit.

2459 523 2703 585 ίστάνων,
2728 516 2880 583 οὗτος
2900 520 3078 574 οὐκέτι
3129 519 3202 580 ὼς
3231 518 3530 588 προφήτης,
3563 517 3677 570 ἀλλ’
3710 515 3784 579 ὡς
3827 514 4018 584 μάντις

2457 612 2850 683 λογισθήσεται.
2881 611 2970 680 Μὴ
2998 609 3260 681 ἐμμείνας
3288 607 3397 679 γὰρ
3427 611 3493 678 τῇ
3529 607 3619 662 τοὖ
3646 606 3780 659 Θεοῦ
3807 603 4015 675 ἐντολῇ.

2458 706 2604 770 ἄξιον
2671 705 2768 775 τῆς
2841 701 3004 756 αὑτοῦ
3075 700 3484 771 κακομηχανίας
3551 697 3870 753 ἀντελάϐετο
3932 714 4020 768 μι-

2458 795 2600 848 σθόν.

2317 887 2505 945 XXVI.

861 979 1010 1037 Scito
1031 995 1246 1037 omnem
1270 981 1543 1038 hominem
1575 990 1943 1047 autvacuum,
1991 988 2083 1034 aut
2131 981 2348 1052 plenum

786 1089 929 1132 esse.
958 1073 1185 1130 Nam-si
1234 1074 1502 1144 Spiritum
1552 1084 1803 1131 sanctum
1834 1088 1938 1127 non
1994 1073 2187 1140 habet;
2241 1089 2348 1129 non

787 1166 954 1221 habet
980 1165 1259 1222 Creatoris
1280 1165 1552 1233 notitiam,
1583 1179 1690 1220 non
1716 1163 1920 1232 recepit
1941 1162 2124 1219 Jesum
2164 1164 2348 1222 Chris-

789 1269 904 1313 tum
929 1259 1123 1324 vitam,
1150 1258 1326 1314 nescit
1354 1258 1567 1314 Patrem
1602 1258 1693 1327 qui
1724 1257 1776 1311 in
1825 1255 1980 1311 caelis
2018 1265 2105 1312 est
2141 1275 2154 1311 :
2191 1257 2237 1311 si
2277 1272 2346 1313 ex

788 1349 1003 1404 ratione
1051 1364 1160 1404 nou
1187 1348 1342 1417 vivit,
1373 1364 1442 1403 ex
1498 1347 1633 1419 legis
1680 1346 1919 1403 caelestis
1971 1336 2184 1408 norma,
2241 1361 2345 1400 non

789 1449 1096 1509 temperans
1152 1448 1253 1503 est.
1285 1437 1549 1505 justitiam
1602 1454 1708 1494 non
1767 1438 1898 1495 colit
1931 1454 1945 1492 :
1982 1438 2105 1492 talis
2145 1453 2352 1493 vacuus

787 1538 891 1584 est.
921 1529 1017 1585 Sin
1046 1539 1226 1585 autem
1257 1530 1426 1585 Deum
1453 1530 1621 1599 capit,
1660 1530 1753 1598 qui
1787 1530 1866 1584 ait
1899 1547 1913 1584 :
1941 1527 2257 1582 Inhabitabo
2296 1529 2352 1582 in

787 1621 864 1675 eis
891 1630 940 1675 et
970 1619 1328 1689 inambulatio,
1355 1633 1406 1677 et
1450 1638 1541 1678 ero
1567 1621 1675 1677 illis
1708 1621 1851 1677 Deus
1875 1621 1955 1687 ";
2002 1621 2088 1677 hic
2124 1636 2230 1678 non
2262 1637 2353 1675 va—

788 1723 921 1766 cuus
948 1720 1050 1776 est.
1087 1713 1183 1768 sed
1211 1711 1421 1784 plenus.

2532 980 2692 1044 Ἴσθι,
2720 981 2799 1033 ὅτι
2832 981 2938 1044 πᾶς
2964 978 3074 1050 (67)
3096 977 3376 1050 ἄνθρωπος
3403 978 3436 1050 ἢ
3467 977 3618 1041 κενὸς
3657 979 3804 1031 ἐστὶν
3832 977 3866 1047 ἢ
3891 976 4022 1047 πλή-

2455 1087 2577 1141 ρης.
2609 1071 2671 1123 E!
2718 1069 2814 1140 μὲν
2843 1070 2949 1140 γὰρ
2984 1070 3085 1121 οὐκ
3132 1068 3240 1139 ἔχει
3271 1070 3423 1137 ἅγιον
3470 1067 3709 1139 Πνεῦμα,
3764 1069 3864 1118 οὐκ
3907 1064 4019 1135 ἔχει

2451 1160 2651 1230 γνῶσιν
2711 1160 2803 1212 τοῦ
2862 1160 3189 1223 κτίσαντος,
3237 1160 3297 1212 ού
3357 1158 3684 1229 παρεδέξατο
3730 1158 3830 1227 τὴν
3876 1156 4020 1226 ζωὴν

2465 1253 2669 1324 Ἰησοῦν
2700 1253 2789 1306 τὸν
2817 1253 3071 1324 Χριστὸν,
3101 1254 3198 1305 οὐκ
3225 1249 3333 1306 οἶδε
3353 1252 3442 1305 τὸν
3462 1252 3678 1321 Πατέρα
3706 1250 3794 1304 τὸν
3822 1252 3878 1303 ὲν
3908 1251 4022 1311 τοῖς

2453 1349 2700 1420 οὐρανοῖς
2721 1364 2732 1377 °
2765 1349 2813 1400 εί
2831 1346 2892 1399 ού
2928 1345 3034 1417 βιοῖ
3053 1345 3194 1399 κατὰ
3237 1345 3326 1398 τὸν
3349 1344 3523 1412 λόγον,
3553 1343 3692 1396 κατὰ
3721 1344 3882 1412 νόμον
3930 1343 4022 1395 τὸν

2455 1438 2722 1510 οὐράνιον,
2750 1437 2811 1491 οὐ
2843 1440 3135 1509 σωφρονεῖ,
3179 1436 3238 1488 ού
3281 1436 3683 1506 δικαιοπραγεῖ·
3716 1437 3745 1487 ὁ
3783 1435 4023 1500 τοιοῦτος

2459 1527 2612 1590 κενός
2655 1528 2821 1578 ἐστιν.
2884 1526 2945 1580 Ei
2997 1526 3053 1578 δὲ
3102 1525 3382 1596 κεχώρηκε
3430 1526 3517 1578 τὸν
3568 1527 3789 1579 είπόντα
3846 1527 3977 1581 Θεὸν
4002 1569 4020 1593 ,

2473 1620 2791 1690 Ἐνοικήσω
2842 1621 2910 1672 ἐν
2963 1619 3165 1684 αὐτοῖς
3216 1618 3314 1671 καὶ
3360 1617 3812 1688 ἑμπεριπιιτήσω
3846 1659 3860 1682 ,
3905 1621 4021 1685 ,καὶ

2455 1712 2667 1779 ἔσομαι
2713 1710 2916 1777 αὐτοῖς
2970 1710 3145 1777 Θεὸς,
3174 1703 3325 1774 οὗτος
3348 1710 3472 1782 ξοὺκ
3519 1709 3632 1762 ἐστι
3686 1711 3860 1776 κενὸς,
3889 1711 4025 1764 ἀλλὰ

2457 1802 2692 1874 πλήρης.

2317 1890 2530 1948 XXVII.

786 1975 933 2028 Aliud
958 1977 1130 2029 lreusel
1151 1979 1502 2043 fragmentum,
1527 1994 1593 2031 ex
1625 1995 1714 2031 ms.
1741 1981 2061 2032 bibliotheca
2103 1983 2272 2044 Regia:
2317 1983 2502 2093 Gaiana
2527 1986 2578 2032 in
2603 1984 2783 2033 librum
2826 1984 3072 2043 Iudicum,
3095 1983 3201 2032 cod.
3247 1983 3383 2042 1888,
3407 1983 3494 2032 fol.
3522 1982 3632 2043 528,
3660 1993 3791 2029 nunc
3812 1983 4023 2042 primum

2452 2059 2550 2093 um.

2452 2059 2550 2093 um.

857 2123 998 2178 Puer
1028 2122 1231 2193 itaque,
1261 2129 1352 2195 qui
1380 2140 1537 2181 manu
1565 2129 1793 2198 regebat
1824 2127 2169 2194 Samsonem,
2208 2144 2347 2198 pra:-
2381 2139 2422 2194 B
2522 2130 2531 2147 '

2381 2139 2422 2194 Β
2522 2129 2594 2181 Τὸ
2626 2129 2723 2199 μὲν
2771 2124 2862 2181 οὖν
2906 2128 3207 2198 παιδάριον,
3237 2128 3606 2199 χειραγωγοῦν
3630 2130 3719 2181 τὸν
3764 2127 4022 2206 Σαμψὼν,

787 2215 1120 2285 signiﬁcabit
1149 2214 1410 2272 Joannem
1452 2217 1751 2286 Baptistam
1777 2261 1792 2284 ,
1837 2221 1928 2289 qui
1962 2221 2159 2290 populo
2192 2219 2350 2274 (idem

786 2308 841 2361 in
877 2308 1153 2363 Christum
1180 2308 1439 2364 ostendit.
1474 2307 1676 2363 Domus
1697 2320 1897 2373 autem,
1929 2310 1980 2362 in
2007 2323 2169 2377 quam
2223 2324 2352 2365 con-

787 2407 1075 2462 venerant,
1133 2399 1394 2453 mundum
1431 2399 1727 2468 significat,
1771 2402 1823 2455 in
1873 2415 1982 2469 quo
2035 2401 2353 2456 habitabant

786 2487 1105 2559 alienigenae
1128 2498 1182 2544 et
1219 2490 1464 2544 inlldeles
1516 2502 1730 2559 gentes,
1766 2506 1886 2560 quae
1914 2491 2071 2545 idolis
2125 2492 2236 2545 suis
2267 2506 2353 2545 sa-

787 2579 1104 2634 criﬁcabant
1141 2602 1154 2636 :
1203 2580 1324 2635 duze
1354 2596 1484 2636 vero
1519 2582 1788 2636 columnae
1815 2623 1828 2644 ,
1865 2582 1973 2637 duo
2005 2581 2350 2637 Testamenta

787 2681 937 2727 sunt.
981 2671 1135 2739 Quod
1194 2685 1324 2742 ergo
1381 2673 1609 2727 Samson
1667 2674 1934 2728 columnis
1991 2675 2348 2738 adniteretur,

787 2773 1168 2831 argumentum
1231 2774 1317 2818 est
1402 2765 1660 2834 populum
1731 2763 1983 2819 edoctum
2066 2765 2352 2835 agnovisse

785 2849 986 2908 Christi
1035 2851 1375 2924 mysterium.

2457 2219 2937 2290 προτυπωθήσεται
2974 2222 3052 2282 εἰς
3093 2220 3342 2288 Ἰωάννην
3394 2219 3484 2271 τὸν
3534 2220 3861 2289 Βαπτιστὴν,
3901 2224 4024 2276 ὲπι-

2455 2310 2731 2364 δεικνύντα
2757 2310 2834 2382 τῷ
2854 2311 2967 2383 λαῷ
2983 2311 3082 2382 τὴν
3102 2314 3181 2375 είς
3210 2313 3437 2383 Χριστὸν
3467 2313 3664 2369 πίστιν,
3693 2315 3751 2367 '0
3775 2315 3830 2367 δὲ
3855 2311 4023 2385 οἶκος,

2454 2404 2534 2464 είς
2560 2403 2618 2455 ὃν
2642 2399 2780 2473 ἦσαν
2828 2404 3168 2474 συνηγμένοι,
3195 2405 3512 2473 σημαίνεται
3537 2402 3673 2459 εἶναι
3721 2409 3750 2460 ὁ
3800 2406 4022 2477 κόσμος,

2457 2496 2514 2547 ὲν
2541 2487 2584 2561 ᾧ
2629 2494 2864 2564 κατῴκει
2887 2495 2954 2547 τὰ
2977 2494 3246 2564 ἀλλόφυλα
3290 2494 3412 2565 ἔθνη
3442 2498 3533 2548 καὶ
3574 2497 3800 2559 ἄπιστα,
3839 2498 4026 2552 θυσιά-

2459 2586 2616 2650 ζοντα
2642 2589 2755 2647 τοῖς
2787 2585 3022 2649 εἰδώλοις
3047 2586 3256 2640 αὐτῶν·
3291 2589 3339 2639 oi
3371 2588 3425 2640 δὲ
3471 2587 3562 2640 δύο
3603 2588 3780 2649 στύλοι
3831 2591 3888 2642 αἱ
3933 2590 4027 2645 δύο

2457 2675 2736 2746 Διαθῆκαι.
2765 2677 2836 2729 Τὸ
2887 2672 2978 2729 οῦν
3029 2677 3475 2747 ὲπαναπαυθῆναι
3524 2678 3614 2731 τὸν
3646 2680 3879 2750 Σαμψὼν
3933 2681 4027 2733 ἐπὶ

2455 2767 2580 2828 τοὺς
2608 2766 2827 2831 στύλους
2848 2807 2860 2830 ,
2891 2769 2980 2819 τὸν
3009 2767 3321 2837 διδαχθέντα
3347 2768 3472 2822 λαὸν
3510 2769 3801 2840 ἐπιγνῶναι
3834 2772 3895 2825 τὸ
3933 2771 4023 2826 τοῦ

2459 2858 2696 2927 Χριστοῦ
2725 2861 3037 2930 μυστήριον.

2293 2968 2530 3028 XXVIII.

903 3057 1062 3132 347
1106 3064 1254 3118 Aliud
1295 3067 1473 3116 Irenael
1502 3068 1853 3129 fragmentum,
1895 3079 1960 3115 ex
1996 3080 2087 3116 ms.
2114 3065 2425 3117 bibliothecas
2445 3070 2577 3133 Regi;

2108 3142 2238 3178 nunc
2259 3131 2469 3191 primum
2495 3135 2576 3182 edi

2227 3068 2425 3117 iolhectn
2445 3070 2615 3133 Hegias
2656 3074 2836 3125 Catena
2868 3076 2917 3124 in
2943 3074 3092 3125 libros
3129 3076 3339 3137 Regum,
3374 3079 3480 3126 cod.
3507 3078 3648 3138 2M3,
3671 3078 3754 3128 fol.
3795 3078 3901 3137 149,

2227 3142 2238 3178 :
2259 3131 2469 3191 primum
2495 3135 2703 3184 editum.

861 3232 1008 3288 Dixit
1038 3246 1210 3288 autem
1240 3234 1394 3288 homo
1423 3233 1562 3287 Dei:
1595 3232 1692 3288 Ubi
1723 3234 1949 3288 cecidit?
1980 3233 2047 3288 At
2079 3235 2168 3289 ille
2206 3253 2350 3290 mon-
2384 3242 2425 3298 C
2527 3269 2535 3291 Α

2384 3242 2425 3298 C
2527 3240 2634 3293 Καὶ
2678 3241 2846 3295 εἶπεν
2885 3245 2917 3295 ὀ
2958 3241 3263 3310 ἄνθρωπος
3294 3245 3398 3298 τοῦ
3439 3245 3615 3299 Θεοῦ·
3657 3245 3779 3298 Ποῦ
3812 3245 3994 3298 ἔπεσε
4005 3262 4024 3308 ;

788 3328 968 3380 strauit
993 3327 1040 3380 ei
1067 3326 1262 3380 locum.
1293 3325 1543 3380 Praecidit
1570 3341 1690 3395 ergo
1719 3325 1942 3395 lignum,
1966 3335 2012 3380 et
2045 3327 2186 3379 misit
2209 3327 2357 3390 illuc,

792 3418 1089 3494 natagvitque
1119 3418 1320 3486 ferrum
1349 3418 1421 3471 ".
1457 3417 1608 3484 Quod
1645 3418 1855 3488 signum
1889 3428 2022 3478 erat,
2062 3418 2268 3474 animas
2305 3419 2355 3472 in

791 3510 1022 3564 sublime
1054 3509 1218 3563 latum
1268 3510 1332 3565 iri
1383 3526 1477 3579 per
1527 3509 1750 3580 lignum,
1783 3525 1947 3579 super
1993 3513 2134 3577 quod
2165 3523 2360 3576 passus

790 3610 874 3656 est
905 3602 968 3666 is,
1016 3602 1106 3671 qui
1148 3616 1362 3656 sursum
1407 3590 1548 3657 ferre
1593 3610 1771 3670 potest
1818 3602 2029 3654 animas
2077 3616 2358 3656 ascensum

788 3693 906 3762 ejus
934 3703 1245 3762 sequentes.
1296 3692 1460 3762 Cujus
1497 3693 1661 3747 etiam
1707 3693 1784 3747 rei
1826 3701 2204 3762 argumentum
2237 3691 2360 3760 fuit,

790 3783 934 3851 quod
986 3784 1326 3853 regrediente
1382 3792 1570 3839 sancta
1623 3782 1824 3838 Christi
1884 3783 2104 3847 anima,
2167 3784 2360 3837 anima:

792 3873 978 3942 plures
1024 3875 1185 3929 simul
1236 3875 1603 3939 ascenderint,
1651 3884 1708 3929 et
1764 3874 1818 3928 in
1871 3872 2189 3943 corporibus
2233 3873 2361 3928 visae

793 3965 921 4020 sint.
953 3963 1416 4033 Quemadmodum
1444 3967 1589 4020 enim
1621 3965 1854 4036 lignum,
1882 3967 2024 4034 quod
2057 3966 2226 4020 levius
2253 3976 2355 4032 est,

792 4056 1099 4110 demersum
1147 4056 1254 4124 est,
1291 4055 1498 4112 ferrum
1532 4041 1845 4126 vero,‘quud
1892 4059 2110 4126 gravius
2131 4068 2230 4122 est,
2265 4076 2359 4113 su-

791 4148 1101 4215 peruatavit
1127 4166 1144 4201 :
1175 4148 1254 4204 sic
1292 4163 1356 4203 ea
1386 4149 1632 4203 unitione
1663 4148 2001 4219 h'ypostatica
2038 4159 2200 4220 atque
2227 4151 2360 4220 phy-

794 4238 930 4301 sica,
957 4250 1064 4305 qua
1097 4236 1334 4292 Verbum
1365 4237 1459 4292 Dei
1492 4236 1642 4290 carni
1686 4236 2030 4304 conjunctum
2063 4249 2186 4303 est;
2218 4241 2359 4309 quod

793 4341 960 4398 grave
1000 4335 1071 4383 et‘
1097 4335 1372 4383 terrenum
1412 4339 1550 4393 erat,
1580 4343 1610 4382 a
1647 4329 1827 4387 divina
1855 4336 2058 4383 natura
2101 4332 2153 4385 in
2193 4333 2362 4388 caelos

796 4417 1163 4491 assumptum,
1211 4420 1672 4478 immortalitatem
1726 4430 1851 4491 post
1906 4425 2359 4480 resurrectionem

794 4521 1142 4566 consecutum
1163 4520 1265 4567 εει.

2460 3332 2569 3384 Καὶ
2602 3331 2830 3397 ἔδειξεν
2848 3332 3006 3398 αὐτῷ
3033 3333 3140 3386 τὸν
3161 3336 3346 3387 τόπον
3364 3353 3379 3367 ο
3404 3337 3497 3389 καὶ
3526 3336 3813 3390 ἁπέκνισε
3838 3337 4026 3400 ξύλον

2459 3421 2555 3473 καὶ
2607 3420 2848 3490 aperti-er
2894 3421 3033 3486 ἐκεῖ,
3083 3422 3178 3475 καὶ
3225 3422 3570 3476 ἐπεπόλασε
3622 3423 3686 3475 τὸ
3734 3422 4020 3490 σιδήριον.

2461 3513 2635 3585 Ὅπερ
2664 3508 2729 3584 ἦν
2769 3516 2991 3584 σημεῖον
3026 3513 3314 3582 ἀναγωγῆς
3362 3513 3542 3583 ψυχῶν
3591 3502 3675 3567 διὰ
3723 3514 3901 3579 ξύλου,
3941 3514 4023 3584 ἐφ’

2457 3598 2518 3657 οῦ
2550 3601 2810 3655 πέπονθεν
2843 3605 2870 3654 ό
2899 3601 3073 3671 ψυχὰς
3117 3602 3335 3668 ἀνάγειν
3364 3601 3675 3671 δυνάμενος,
3707 3601 4026 3655 ἀκολουθού-

2460 3711 2557 3758 σας
2597 3693 2772 3764 ἀνόδῳ
2804 3694 2870 3762 τῇ
2899 3692 3112 3745 ἑαυτοῦ.
3167 3687 3239 3745 Οῦ
3283 3691 3375 3745 καὶ
3415 3694 3588 3745 ἐκεῖνο
3627 3691 3932 3764 γνώρισμα,
3966 3691 4025 3746 τὸ

2461 3785 2722 3854 ἀνασῆναι
2752 3783 2926 3854 ψυχὰς
2954 3782 3172 3846 πολλὰς,
3203 3783 3296 3836 καὶ
3333 3785 3390 3837 ὲν
3431 3785 3543 3846 τοῖς
3588 3781 3830 3852 σώμασιν
3859 3782 4022 3853 ὀφθῆ-

2458 3892 2566 3940 ναι,
2600 3875 2714 3944 ἅμα
2755 3878 2820 3945 τῇ
2860 3873 3071 3945 καθόδῳ
3107 3875 3204 3945 τῆς
3246 3875 3405 3942 ἁγίας
3433 3873 3609 3945 ψυχῆς
3647 3872 3902 3944 Χριστοῦ.
3943 3874 4025 3935 Ὠς

2459 3967 2566 4038 γὰρ
2601 3967 2661 4019 τὸ
2699 3966 3028 4035 κουφότατον
3075 3964 3227 4031 ξύλον
3267 3963 3590 4036 ὑποϐρύχιον
3618 3965 3858 4034 γέγονεν,
3904 3965 3932 4016 ὁ
3971 3964 4026 4016 δὲ

2463 4060 2760 4131 βαρύτατος
2791 4060 3089 4113 ἐπεπόλασε
3119 4058 3333 4130 σίδηρος
3351 4076 3363 4088 ·
3395 4057 3532 4111 οὕτω
3559 4057 3651 4111 τοῦ
3679 4058 3812 4110 Θεοῦ
3855 4059 4026 4126 Λόγου

2460 4149 2667 4214 ὲνώσει,
2715 4153 2778 4221 τῇ
2834 4148 2954 4202 καθ’
3008 4150 3302 4202 ὑπόστασιν
3348 4149 3571 4216 φυσικῇ,
3634 4145 3918 4207 ὲνωθέντος
3962 4147 4024 4216 τῇ

2464 4242 2644 4313 σαρκὶ,
2689 4241 2749 4293 τὸ
2801 4240 2936 4311 βαρὺ
2993 4241 3085 4293 καὶ
3127 4238 3321 4306 γεῶδες
3358 4239 3458 4290 ὑπὸ
3499 4239 3597 4308 τῆς
3631 4237 3780 4299 θείας
3816 4235 4026 4306 φύσεως

2461 4336 2542 4396 εἰς
2583 4333 2840 4403 οὐρανοὺς
2882 4332 3151 4403 ἀνελήφθη
3185 4331 3323 4401 μετὰ
3357 4329 3456 4401 τὴν
3479 4328 3772 4398 ,ἀνάστασιν
3817 4326 4026 4397 ἀφθαρ-

2461 4423 2661 4477 τισθέν.

2318 4607 2501 4663 XXIX.

2318 4608 2357 4661 Χ
2412 4608 2501 4663 IX.

1230 4691 1342 4744 Duo
1364 4694 1536 4745 [renuat
1558 4693 1706 4753 dicta,
1736 4706 1766 4744 e
1797 4692 1987 4743 Posslni
2009 4695 2190 4746 Catena
2219 4608 2419 4747 Patrufn
2455 4699 2502 4746 in
2536 4696 2812 4744 Mattheum
2835 4695 2882 4743 in
2906 4707 3007 4757 cap.
3037 4711 3049 4742 l
3078 4703 3130 4743 et
3162 4707 3229 4753 ill,
3252 4708 3361 4756 pag.
3385 4696 3414 4742 5
3438 4701 3490 4743 et
3512 4693 3589 4742 59.

867 4772 1217 4844 Evangellum
1279 4779 1575 4833 secundum
1643 4776 1957 4834 Matthzeum
2020 4782 2087 4835 ad
2143 4779 2358 4838 Iudaeos
2393 4786 2434 4840 Ι)
2534 4784 2541 4800 ’

2353 4786 2434 4840 ιι)
2534 4782 2604 4834 Τὸ
2659 4779 2796 4833 κατὰ
2861 4778 3135 4832 Ματθαῖον
3185 4778 3508 4847 Εὐαγγέλιον
3558 4779 3694 4847 πρὸς
3750 4775 4027 4841 Ἰουδαίους

795 4869 1057 4938 scriptum
1085 4877 1194 4924 est.
1242 4867 1309 4924 Hi
1355 4871 1498 4925 enim
1543 4870 1800 4938 majorem
1838 4871 1890 4926 in
1926 4872 2142 4928 modum
2172 4875 2358 4943 cupie-

794 4960 927 5016 bant
951 4974 1020 5015 ex
1055 4961 1262 5016 semine
1293 4960 1463 5016 David
1502 4961 1776 5017 Christum”
1814 4963 2046 5018 Ostendi.
2076 4964 2358 5022 Matthaeus

795 5065 951 5115 vero,
983 5050 1076 5119 qui
1100 5051 1312 5119 eadem,
1340 5066 1443 5108 nec
1477 5051 1773 5109 remissiori
1804 5067 1966 5122 quam
1995 5053 2118 5124 ipsi,
2147 5056 2358 5125 cupidi-

799 5149 912 5195 tate
964 5148 1262 5208 teneretur,
1334 5143 1483 5198 omnl
1546 5142 1753 5198 ratione
1809 5131 2091 5200 contendit
2144 5145 2357 5213 plenam

797 5230 933 5302 ipsis
958 5231 1119 5287 ﬁdem
1150 5231 1352 5301 facere,
1390 5234 1531 5302 quod
1560 5233 1813 5292 Christus
1850 5237 1920 5292 sit
1947 5251 1978 5291 e
2018 5239 2227 5291 semine
2258 5238 2361 5292 Da-

796 5323 1276 5406 vidis:propte'rea
1307 5340 1338 5381 a
1364 5324 1566 5383 Christi
1594 5327 1907 5400 genealogis
1940 5328 2156 5382 initium
2187 5331 2357 5386 duxit.

872 5453 921 5487 "
952 5453 1127 5511 Levit.
1166 5469 1317 5525 nu,
1350 5459 1439 5516 12.
1518 5457 1563 5490 ⁷⁸
1585 5456 1651 5512 ιγ
1679 5457 1812 5530 Reg.
1840 5472 1918 5521 vt,
1951 5457 2002 5513 6.

873 5588 983 5665 (σθ)
1005 5591 1222 5665 Νόρου.
1250 5589 1366 5665 Sic
1390 5592 1564 5665 prima
1614 5591 1814 5649 Catena
1863 5593 2054 5650 melius
2088 5608 2250 5665 quam
2280 5607 2366 5648 se-

804 5660 983 5732 cauda
1007 5669 1062 5715 et
1083 5660 1459 5732 Combeﬂsitts,
1497 5662 1698 5732 νόμων.

872 5728 987 5804 (117)
1029 5732 1203 5798 Ἴσα,
1230 5730 1337 5786 -ὄτι
1387 5731 1523 5798 πᾶς.
1564 5728 1681 5790 Iloc
1719 5733 2083 5806 fragmentum
2116 5735 2170 5790 in
2219 5734 2361 5790 nulla

2466 4870 2703 4942 ὲγράφησ
2729 4860 2872 4921 οῦτοι
2897 4867 3003 4938 γὰρ
3027 4865 3330 4937 ἐπεθύμουν
3372 4868 3510 4919 πάνυ
3543 4865 3742 4936 σφόδρα
3768 4866 3832 4917 ἐκ
3867 4864 4030 4935 σπέρ-

2471 4978 2635 5032 ματος
2667 4959 2828 5012 Δαὸὶδ
2854 4959 3102 5030 Χριστόν.
3138 4959 3194 5011 '0
3231 4958 3284 5010 δὲ
3320 4958 3611 5025 Ματθαϊος,
3653 4957 3744 5009 καὶ⁵
3781 4955 3860 5008 ἔτι
3897 4955 4030 5027 μᾶλ-

2466 5054 2555 5108 λον
2587 5050 2941 5124 σφοδροτέραν
2983 5050 3118 5120 ἔχων
3151 5050 3248 5119 τὴν
3278 5046 3526 5119 τοιαύτην
3559 5046 3870 5116 ἐπιθυμίαν,
3897 5064 4028 5099 παν-

2465 5144 2623 5204 τοίως
2647 5142 2870 5196 ἕσπευδε
2899 5141 3265 5212 πληροφορίαν
3293 5139 3548 5211 παρέχειν
3589 5138 3791 5200 αὐτοῖς,
3828 5137 3903 5200 ὼς
3946 5136 4026 5206 εἴη

2464 5239 2529 5290 ὲκ
2548 5236 2856 5306 σπέρματος
2879 5233 3040 5286 Δαϐὶδ
3068 5236 3095 5285 ὁ
3120 5232 3348 5304 Χριστὸς
3365 5249 3376 5261 ·
3399 5232 3477 5284 διὸ
3505 5233 3597 5285 καὶ
3625 5230 3732 5284 ἀπὸ
3754 5230 3850 5300 τῆς
3882 5228 4027 5297 γενέ-

2470 5350 2605 5397 σεως
2641 5330 2802 5385 αὐτοῦ
2829 5329 3049 5402 ἤρξατο.

2473 5611 2535 5648 ex
2583 5596 2765 5650 citatis
2808 5595 3024 5651 Catenis
3059 5595 3297 5651 occurrit
3333 5595 3486 5651 mihi.
3539 5594 3692 5652 Unde
3736 5596 4028 5664 sumpserit

2473 5665 2833 5723 Combeiisius
2876 5683 2982 5722 non
3023 5667 3168 5722 novi.
