4238 6316
215 329 356 385 Η.ιὸ

1422 325 1481 380 S.
1524 322 1781 380 ιΙιΕΜΕι
1811 317 2255 378 FRAGMENTA.

3323 310 3459 367 1218

1738 439 1906 496 XXX.

297 541 360 596 Ἡ
383 542 561 610 ἀξίνη
599 541 747 608 πρὸς
785 543 891 608 ιὴν
916 539 1106 608 ῥίζαν,
1141 539 1303 609 φησί’
1351 539 1630 607 διεγείρων
1652 536 1786 608 πρὸς
1815 543 1863 600 Α
1961 540 1971 586 .‘

1785 557 1786 561 π
1815 543 1863 600 Α
1961 532 2170 587 Securis
2218 531 2287 585 ad
2337 531 2562 584 radicem
2586 530 2654 594 ⁷⁸,
2685 527 2782 594 ait,
2822 527 3064 582 excitans
3104 524 3167 578 ad
3200 523 3459 594 cognitio-

211 633 513 703 ἐπίγνωσιν
548 633 648 703 τῆς
677 633 951 703 ἀληθείας,
983 633 1075 686 καί
1098 631 1176 702 τῷ
1203 630 1353 701 φόϐῳ
1381 630 1673 700 καθαίρων,
1699 627 1791 681 καὶ

1786 664 1791 678 ,
1898 642 2018 680 nem
2059 625 2324 685 veritatis,
2353 631 2408 677 et
2438 630 2581 676 metu
2617 622 2834 675 incusso
2863 635 3122 691 purgans,
3153 629 3460 689 parensque

210 725 651 799 παρασκευάζων
676 727 883 798 καρπὸν
906 725 1110 797 ὦριμον
1131 724 1335 794 φέρειν.

1898 720 1965 772 ad
1999 716 2277 772 ferendum
2308 717 2541 771 fructum
2569 724 2858 768 maturum.

1733 827 1924 884 XXXI.

306 926 313 932 ’
364 930 514 980 Aliud
558 927 737 979 lrenei
760 928 1104 990 fragmentum,
1131 939 1194 975 ex
1225 940 1310 975 ms.
1343 919 1980 1033 ὺίὴιίοιὴεεῗέἶὲεεὲιξόεξέίὲε

1629 919 2061 1033 ῗξῖἶρεὶωόεξδὲεηι
2085 922 2138 970 in
2161 919 2362 979 Lucam,
2384 917 2494 967 cod.
2535 916 2675 978 1879,
2706 916 2793 966 fol.
2820 915 2930 978 159,
2952 929 3084 966 nunc
3105 916 3303 965 demum

1653 997 1800 1032 .raece
1827 997 1857 1031 e
1915 990 1933 1029 ἱ
1969 996 2033 1029 m.

288 1073 393 1126 Ἴδε
429 1073 622 1136 κόκκος
650 1071 759 1144 (68)
804 1071 1072 1134 σινάπεως
1101 1071 1188 1125 διὰ
1233 1070 1548 1143 παραϐολῆς
1583 1069 1789 1122 δεικνύ-

212 1181 378 1234 μενος
427 1166 517 1217 καὶ
569 1164 722 1233 λόγον
775 1163 1100 1232 ὲνουράνιον,
1157 1162 1468 1233 σπέρματος
1521 1160 1673 1231 δίκην
1729 1161 1786 1212 ὲν

211 1256 424 1325 κόσμῳ,
457 1256 529 1317 ὡς
565 1257 639 1308 ὲν·
664 1254 839 1327 ἀγρῷ,
878 1255 1253 1324 σπειρόμενον,
1284 1253 1498 1322 ἔχοντος
1525 1254 1580 1306 ὲν
1610 1249 1786 1321 ἑαυτῷ

206 1347 272 1399 τὸ
326 1348 589 1419 πυρικαὲς
640 1348 731 1401 καὶ
777 1347 1046 1418 αὐστηρὸν
1097 1346 1195 1416 τῆς
1239 1345 1536 1416 δυνάμεως.
1579 1345 1787 1415 Κριτὴς

207 1437 321 1508 γὰρ
367 1437 459 1490 τοῦ
511 1440 707 1500 παντὸς
763 1437 964 1507 κόσμου
1009 1435 1370 1506 ὲκηρύσσετοο
1411 1430 1563 1496 οὗτος
1608 1436 1665 1487 ὲν
1717 1437 1781 1505 τῇ

208 1527 410 1598 καρδίᾳ,
447 1529 544 1600 τῆς
577 1527 694 1597 γῆς,
730 1529 786 1581 ὲν
833 1527 1042 1599 χώματι
1084 1525 1326 1597 κρυεεὶς,
1374 1527 1465 1579 καὶ
1504 1525 1784 1596 τριημέρῳ

211 1618 468 1687 μέγιστον
541 1619 751 1690 δένδρον
798 1619 1078 1689 γενηθεὶς,
1130 1617 1358 1683 ἐξέτεινε
1416 1619 1540 1680 τοὺς
1589 1615 1780 1670 ἑαυτοῦ

207 1709 435 1773 κλάδους
468 1713 545 1774 είς
569 1712 637 1765 τὰ
671 1711 874 1782 πέρατα
916 1711 1016 1780 τῆς
1045 1711 1164 1778 γῆς.
1204 1711 1295 1762 Ἐκ
1340 1710 1527 1764 τούτου
1577 1710 1783 1782 προκύ-

202 1798 409 1868 ψαντες
435 1801 482 1851 oi
516 1798 718 1853 δώδεκα
749 1801 1059 1863 ἀπόστολοι,
1090 1800 1272 1852 κλάδοι
1299 1798 1485 1871 ὡραῖοι
1516 1802 1608 1853 καὶ
1632 1800 1786 1852 εὐθα-

204 1890 319 1953 λεῖς
367 1890 716 1960 γενηθέντες,
774 1891 946 1962 σκέπη
1011 1891 1344 1962 ἐγενήθησαν
1390 1893 1501 1954 τοῖς
1553 1890 1777 1956 ἔθνεσιν,

199 1982 281 2044 ὼς
321 1986 580 2045 πετεινοῖς
617 1982 863 2052 ούρανοῦ,
893 1983 985 2050 ὑφ’
1028 1975 1102 2035 ὧν
1136 1981 1343 2036 κλάδων
1389 1981 1782 2046 σκεπασθέντες

201 2075 256 2126 oi.
283 2073 503 2138 πάντες,
528 2076 601 2138 ὡς
639 2075 799 2145 ὅρνεα
840 2073 942 2126 ὑπὸ
970 2073 1162 2128 καλιὰν
1194 2072 1531 2136 συνελθόντα,
1561 2073 1784 2144 μετέλα-

203 2164 302 2219 6ον
326 2166 425 2236 τῆς
451 2166 508 2230 ἐξ
543 2166 721 2219 αὐτῶν
753 2164 1156 2236 προερχομένης
1190 2163 1446 2234 ἐδωδίμου
1493 2165 1586 2218 καὶ
1621 2166 1780 2218 ἐπου-

207 2257 393 2329 ρανίου
425 2259 648 2329 τροφῆς.

1966 1066 2099 1121 Vide
2134 1074 2315 1121 autem
2352 1077 2448 1131 per
2488 1077 2714 1131 granum
2757 1062 3006 1131 sinapeos
3038 1060 3082 1091 "
3113 1060 3166 1114 in
3199 1058 3458 1128 parabola

1893 1156 2192 1226 signiﬁcari
2242 1166 2296 1211 et
2341 1154 2620 1209 cmlestem
2666 1153 2992 1217 doctrinam,
3025 1152 3076 1205 in
3106 1153 3205 1204 hoc
3233 1154 3452 1218 mundo,

1895 1257 2149 1315 tanquam
2180 1247 2232 1300 in
2261 1260 2414 1316 agro,
2435 1245 2606 1299 instar
2634 1243 2857 1300 seminis
2881 1252 3077 1306 satam,
3108 1242 3212 1295 vim
3242 1243 3452 1312 igneam

1893 1347 2056 1406 atque
2082 1347 2349 1393 austeram
2391 1337 2445 1390 in
2487 1350 2546 1391 se
2591 1334 2867 1388 habentis.
2890 1331 3082 1387 Totius
3104 1333 3246 1387 enim
3271 1334 3454 1408 mundi

1886 1429 2054 1498 judex
2100 1429 2493 1482 annuntiatur:
2525 1429 2617 1495 qui
2655 1425 2710 1478 in
2751 1426 2912 1480 corde
2943 1433 3121 1488 terrm,
3162 1424 3213 1477 in
3252 1424 3456 1477 tumulo

1892 1520 2218 1582 occultatus,
2251 1517 2417 1573 tridui
2444 1517 2621 1587 spatio
2663 1518 2713 1569 in
2748 1517 3036 1568 maximam
3080 1517 3325 1568 arborem
3361 1529 3457 1568 ex-

1889 1610 2080 1673 crevit,
2111 1623 2291 1663 ramos
2339 1623 2466 1662 suos
2517 1605 2582 1659 ad
2637 1615 2909 1660 extremos
2959 1614 3116 1658 terra:
3160 1605 3292 1658 lines
3331 1619 3455 1672 pro-

1891 1700 2140 1755 tendens.
2181 1699 2253 1752 Ex
2295 1699 2387 1752 illo
2415 1697 2839 1767 propullnlantes
2877 1697 3154 1752 duodecim
3202 1697 3451 1766 apostoli,

1891 1790 2024 1844 rami
2077 1789 2250 1844 ﬂoridi
2305 1800 2463 1860 atque
2510 1792 2707 1844 uberes
2758 1787 2919 1854 facti,
2972 1789 3244 1858 gentibus,
3299 1791 3453 1857 quasi

1887 1881 2195 1937 volucribus
2241 1882 2385 1950 εαξη,
2430 1891 2642 1950 tegmen
2686 1881 3009 1950 praebuere:
3049 1881 3242 1950 quibus
3288 1881 3455 1935 ramis

1887 1987 2076 2027 omnes
2129 1975 2471 2042 obumbrati,
2537 1985 2791 2046 tanquam
2849 1973 3098 2029 volucres
3157 1972 3211 2026 in
3269 1971 3452 2026 nidum

1888 2065 2222 2132 congregati,
2270 2064 2404 2132 eius,
2456 2082 2615 2136 quem
2681 2067 3052 2137 proferebant,
3102 2063 3335 2130 succosi,
3388 2078 3453 2118 ac

1887 2153 2127 2208 calcatis
2155 2154 2259 2209 cibi
2291 2155 2589 2227 participes
2621 2166 2750 2212 sunt
2778 2154 2928 2212 lacti.

1722 2367 1940 2425 XXXII.

286 2462 436 2512 Aliud
460 2461 632 2510 Irenaai
658 2460 1000 2524 fragmentum,
1029 2474 1090 2509 ex
1114 2473 1205 2509 ms.
1227 2459 1540 2509 bibliotheca:
1563 2459 1734 2520 Regia}
1757 2461 1939 2510 Catena
1961 2461 2012 2508 in
2034 2458 2231 2520 Lucam,
2258 2460 2367 2510 cod.
2389 2460 2532 2522 2440,
2551 2459 2638 2510 fol.
2661 2459 2741 2516 30.
2763 2472 2896 2509 nunc
2918 2459 3131 2522 primum
3155 2458 3357 2540 editum.

274 2544 384 2596 Νῦν
411 2544 486 2608 δὲ,
509 2543 708 2611 ὥσπερ
734 2544 829 2596 διὰ
866 2542 974 2611 τῆς
1013 2541 1319 2612 παρακοῆς
1361 2542 1466 2595 τοῦ
1505 2542 1640 2609 ἐνὸς
1677 2544 1780 2597 ἀν·
1811 2552 1854 2605 Β

1776 2552 1854 2605 ιΒ
1953 2542 2070 2597 Jam
2121 2558 2271 2608 vero,
2321 2544 2458 2598 sicut
2503 2559 2595 2610 per
2643 2545 3043 2598 inobedientiam
3084 2543 3238 2596 unius
3283 2542 3450 2595 Itami-

197 2634 455 2702 θρώπου,
484 2633 577 2690 τοῦ
619 2633 844 2706 πρώτως
878 2636 940 2686 ἐκ
971 2635 1071 2705 γῆς
1110 2635 1439 2705 ἀνεργάστου
1471 2635 1782 2706 πεπλασμέ-

197 2744 318 2793 νου,
352 2727 680 2796 ἁμαρτωλοὶ
725 2724 1108 2792 κατέστησαν
1155 2721 1209 2779 οὶ
1256 2726 1491 2791 πολλοὶ,
1523 2722 1618 2781 ’καὶ
1648 2727 1781 2780 ἀπέ-

195 2817 362 2871 ϐαλον
389 2817 486 2890 τὴν
516 2818 658 2889 ζωήν
677 2836 690 2848 ·
723 2817 907 2882 οὕτως
953 2818 1056 2870 ἔδει
1101 2816 1194 2870 καὶ
1239 2816 1312 2869 δι’
1339 2818 1613 2888 ὑπακοῆς
1639 2819 1776 2886 ἐνὸς

191 2909 530 2976 ἀνθρώπου,
561 2909 653 2964 τοῦ
699 2911 926 2980 πρώτως
952 2913 1014 2963 ὲκ
1051 2909 1325 2981 Παρθένου
1353 2911 1770 2981 γεγεννημένου,

192 3000 579 3070 δικαιωθῆναι
625 3002 891 3069 πολλοὺς
908 3043 922 3068 ,
969 3004 1063 3056 καὶ
1111 3003 1404 3059 ἀπολαϐεῖν
1460 3002 1557 3076 τὴν
1599 3022 1773 3075 σωτη-

196 3093 343 3164 ρίαν.

1888 2635 1992 2700 nis,
2027 2635 2116 2704 qui
2148 2636 2384 2703 primum
2433 2649 2498 2689 ex
2550 2635 2666 2688 rudi
2725 2645 2866 2689 terra
2899 2633 3161 2688 formatus
3197 2642 3301 2698 est,
3337 2651 3452 2702 pec-

1888 2735 2086 2779 catores
2119 2725 2389 2792 constituti
2429 2736 2549 2779 sunt
2584 2726 2756 2792 multi,
2800 2735 2858 2780 et
2896 2726 3057 2779 vitam
3103 2721 3400 2793 amiserunt
3432 2743 3447 2778 :

1885 2815 1961 2867 sic
1990 2817 2276 2885 oportebat
2305 2826 2362 2870 et
2389 2834 2480 2886 per
2508 2817 2857 2871 obeditionem
2897 2816 3051 2870 unius
3078 2795 3322 2880 Ιιοηιὶηίέ,
3356 2815 3449 2884 qui

1881 2907 2114 2974 primum
2144 2923 2211 2961 ex
2242 2907 2458 2978 Virgine
2483 2910 2695 2975 genitus
2716 2917 2816 2977 est,
2841 2910 3015 2978 justas
3039 2909 3284 2962 constitui
3310 2908 3449 2962 mul-

1881 3005 1961 3050 tos
1989 2997 2057 3062 ⁷³,
2089 3010 2144 3053 et
2169 3001 2416 3068 accipere
2444 2989 2694 3054 salutem.

1711 3190 1951 3248 XXXIII.

811 3279 1054 3340 'Pericope
1071 3279 1295 3340 quaedam
1312 3279 1510 3341 Irenaei,
1531 3293 1560 3329 e
1583 3284 1690 3332 cod.
1722 3283 1784 3332 6L
1824 3287 2043 3349 theolog.
2067 3287 2384 3338 bibliotheca
2408 3288 2820 3339 Vindobonensts.

276 3363 536 3436 Ἰώσηπός
574 3382 754 3435 φησιν,
790 3368 871 3418 ὅτι
914 3367 1073 3437 ἡνίκα
1106 3369 1164 3419 ὲν
1198 3367 1485 3437 βασιλείοις
1516 3369 1772 3442 ἐτρέφετο

192 3457 455 3528 Μωῦσῆς,
491 3459 789 3527 στρατηγὸς
836 3460 1231 3529 χειροτονηθεὶς
1268 3462 1410 3515 κατὰ
1445 3461 1553 3514 τῶν
1593 3461 1773 3515 Αἰθιό-

193 3570 334 3619 πων,
360 3554 454 3606 καὶ
485 3556 730 3625 νικήσας,
755 3555 989 3627 ἠγάγετο
1020 3555 1118 3626 τὴν
1146 3554 1239 3607 τοῦ
1269 3555 1531 3625 βασιλέως
1563 3559 1769 3610 ἐκείνου

193 3645 498 3719 θυγατέραο
527 3648 754 3716 ἐπείπερ
795 3648 941 3718 πόθῳ
973 3647 1050 3718 τῷ
1090 3647 1225 3718 πρὸς
1261 3649 1425 3714 αὐτὸν
1455 3650 1770 3720 προδίδωσιν

193 3738 344 3809 αὐτῷ
372 3739 470 3810 τὴν
503 3739 674 3791 πόλιν.

264 3827 329 3878 Τί
361 3828 577 3897 δήποτε,
611 3828 719 3881 τῶν
765 3827 858 3881 δύο
904 3828 1350 3900 λοιδορησάντων,
1391 3832 1569 3902 ἐκείνη
1615 3831 1768 3895 δίκας

191 3918 369 3988 ᾐτήθη
403 3919 536 3988 μόνη
559 3937 572 3982 ;
602 3920 842 3992 Πρῶτον,
875 3921 1060 3991 ἐπειδὴ
1087 3920 1270 3991 μεῖζον
1294 3919 1361 3993 ἦν
1388 3923 1483 3992 τῆς
1511 3925 1765 3992 γυναικὸς

190 4011 252 4064 τὸ
290 4009 695 4082 πλημμέλημαι
720 4010 796 4081 τῷ
845 4011 1034 4082 ἄρρενι
1063 4011 1172 4083 γὰρ
1214 4013 1308 4065 καὶ
1343 4016 1375 4084 ἡ
1411 4014 1568 4082 φύσις
1604 3999 1698 4068 καὶ
1738 4019 1766 4069 ὁ

190 4103 352 4173 νόμος
381 4104 663 4157 ὑποτάττει
687 4103 747 4156 τὸ
777 4103 911 4173 θῆλυ
935 4121 948 4134 ⁸
987 4104 1082 4173 ἥτε
1111 4101 1223 4175 εῐχέ
1243 4122 1363 4158 τινα
1395 4109 1616 4178 μετρίαν
1648 4125 1767 4176 συγ-

191 4193 415 4264 γνώμην
459 4196 486 4246 ὁ
527 4191 753 4266 ’Δαρὼν,
787 4193 861 4257 ὡς
903 4194 982 4265 τῷ
1024 4195 1200 4266 χρόνῳ
1236 4197 1619 4268 πρεσϐύτερος,
1673 4201 1765 4250 καὶ

187 4287 266 4350 ὡς
295 4285 700 4357 ἀρχιερωσύνης
744 4283 1059 4356 ἠξιωμένος.
1094 4289 1238 4361 Πρὸς
1280 4290 1338 4342 δὲ
1387 4289 1612 4354 τούτοις,
1645 4292 1766 4344 επεὶ

189 4379 494 4450 ἀκάθαρτος
539 4381 567 4431 ὀ
609 4379 804 4451 λεπρὸς
853 4380 1030 4433 ἐδόκει
1076 4377 1212 4434 εἶναι
1233 4381 1398 4434 ⁸κατὰ
1449 4383 1539 4434 τὸν
1582 4385 1761 4453 νόμον,

193 4469 319 4542 ῥίζα
351 4469 406 4522 δὲ
440 4467 548 4522 τῶν
592 4469 778 4541 ἱερέων
831 4471 925 4522 καὶ
971 4471 1174 4542 κρηπὶς
1207 4466 1273 4540 ἦν
1319 4473 1347 4524 ὁ
1386 4471 1628 4543 Ἀαρών·
1679 4473 1764 4525 ἵνα

194 4558 268 4628 μὴ
305 4559 384 4620 είς
409 4555 552 4610 ἅπαν
583 4557 740 4629 διασῇ
775 4557 834 4611 τὺ
863 4558 1014 4626 γένος
1044 4561 1104 4612 τὺ
1128 4559 1346 4624 ὄνειδος,
1376 4562 1476 4633 τὴν
1518 4563 1640 4632 ἴσην
1666 4564 1764 4616 οὐκ

189 4648 470 4718 ἐπήγαγεν
498 4647 643 4717 αὐτῷ
670 4649 957 4720 τιμωρίαν,
988 4649 1122 4703 ἀλλὰ
1147 4651 1234 4704 διὰ
1266 4653 1360 4722 τῆς
1381 4652 1610 4723 ἀδελφῆς
1639 4655 1762 4723 ἐφό-

189 4736 355 4800 ϐησεν
382 4735 515 4805 ὁμοῦ
557 4753 616 4788 τε
658 4737 752 4790 καὶ
789 4737 1127 4792 ἐπαίδευσεν.
1158 4740 1313 4793 Οὕτω
1358 4741 1464 4813 γὰρ
1499 4744 1660 4796 αὐτὸν
1705 4744 1763 4797 τὸ

188 4823 361 4887 πάθος
400 4824 638 4892 ἠνίασεν,
671 4826 753 4878 ὅτι
795 4826 1017 4899 πρώτης
1061 4829 1217 4882 τοῦτο
1251 4830 1566 4903 δεξαμένης,
1606 4833 1764 4898 αὐτὸς

187 4915 280 4967 τὸν
319 4913 642 4984 ἠδικημένον
695 4916 966 4970 ἱκέτευσεν
1023 4919 1177 4972 λῦσαι
1234 4924 1300 4993 τῇ
1357 4924 1622 4996 πρεσϐείᾳ
1665 4927 1762 4997 τὴν

189 5005 494 5076 συμφοράν.
537 5007 595 5059 Ὀ
622 5007 677 5059 δὲ
709 5010 809 5061 οὐκ
840 5009 1127 5080 ἠμέλησεν,
1162 5013 1274 5064 ἀλλ’
1304 5015 1499 5068 αὐτίκα
1524 5017 1620 5088 τὴν
1650 5020 1762 5072 ἱκε-

184 5117 252 5169 τη
264 5100 383 5170 ρίαν
411 5100 797 5171 προσήνεγκεν.
818 5098 948 5154 Εἶτα
969 5104 996 5154 ὁ
1025 5104 1400 5177 φιλάνθρωπος
1421 5109 1620 5180 Κύριος
1655 5112 1762 5164 ἐδί-

185 5191 363 5256 δαξεν,
395 5191 469 5254 ὡς
498 5192 557 5243 οὐ
591 5192 1048 5258 καταδικαστικῶς
1082 5198 1279 5266 αὐτὴν,
1311 5199 1445 5253 ἀλλὰ
1489 5203 1763 5275 πατρικῶς

186 5282 522 5336 ἐπαίδευσεν.
552 5282 695 5353 Ἔφη
722 5285 827 5356 γάρ
848 5301 860 5314 ·
893 5289 962 5339 El
990 5291 1022 5340 ό
1049 5288 1242 5357 πατὴρ
1279 5291 1469 5359 αὐτῆς
1501 5294 1764 5363 ἐμπαίων

183 5374 508 5428 ἐνέπαισεν
531 5377 617 5441 εὶς
643 5375 711 5428 τὸ
737 5377 1057 5444 πρόσωπον
1081 5380 1293 5451 αὐτῆς,
1331 5385 1441 5438 οὐκ
1467 5385 1760 5455 ἐντραπή-

268 5549 315 5580 ⁷⁶
341 5547 530 5603 Mattlt.
563 5565 644 5615 tu,
677 5547 762 5604 10.
837 5550 882 5581 ⁷⁷
915 5550 1046 5610 Luc.
1081 5571 1198 5623 xm,
1229 5557 1315 5612 19.
1392 5559 1437 5590 ⁷³
1461 5556 1691 5628 Rom.v,
1721 5561 1807 5617 i9.

1949 3374 2212 3445 Josepbus
2247 3377 2323 3430 ait
2353 3377 2420 3442 τ’,
2453 3378 2594 3446 quod
2627 3377 2843 3446 quando
2878 3377 2931 3430 in
2967 3375 3131 3448 regali
3164 3380 3284 3430 aula
3315 3377 3448 3431 edu-

1879 3467 2104 3520 cabatur
2151 3466 2407 3536 Moyses,
2445 3468 2546 3519 dnx
2600 3467 2874 3519 exercitus
2923 3476 3112 3520 contra
3162 3464 3447 3534 Etliiopes

1879 3559 2101 3621 electus,
2133 3569 2189 3613 et
2221 3560 2393 3612 victor
2442 3557 2699 3620 evadens,
2726 3555 2890 3609 tiliam
2937 3556 3080 3626 regis
3125 3555 3270 3610 illius
3313 3571 3447 3611 uxo-

1876 3663 1989 3703 rem
2019 3651 2234 3704 duxerit
2264 3669 2276 3702 :
2311 3650 2574 3718 siquidem
2608 3663 2677 3701 ex
2711 3662 2899 3704 amore
2936 3662 3064 3719 erga
3107 3650 3281 3717 ipsum
3315 3650 3446 3704 civi-

1880 3750 2042 3794 tatem
2076 3744 2123 3795 ei
2165 3743 2478 3795 tradiderat.

1943 3831 2108 3901 348
2119 3831 2228 3885 Cur
2242 3832 2479 3894 demum,
2496 3842 2618 3882 eum
2639 3828 2797 3882 ambo
2841 3829 3018 3883 Aaron
3038 3838 3084 3883 et
3105 3828 3303 3900 Maria)
3321 3846 3447 3898 pro-

1874 3924 1972 3977 bro
2002 3923 2308 3976 aﬂ'ecissent
2340 3920 2643 3990 (Magum),
2676 3922 2793 3975 haec
2822 3921 2934 3975 sola
2965 3935 3157 3991 parnas
3185 3921 3333 3976 dedit
3357 3921 3446 3975 ὀἳ

1871 4017 2109 4071 Primum
2131 4017 2254 4085 quia
2277 4016 2448 4084 majus
2464 4024 2582 4068 erat
2603 4013 2850 4069 mulieris
2866 4015 3122 4070 delictum
3143 4032 3156 4067 :
3177 4013 3376 4084 quippe
3393 4027 3447 4069 et

1874 4116 2086 4173 natura,
2114 4116 2170 4162 et
2196 4106 2282 4162 lex
2314 4105 2568 4161 feminam
2592 4105 2728 4159 mari
2750 4105 2989 4176 subiicit.
3014 4107 3122 4161 Aut
3144 4107 3441 4162 faciliorem

1872 4198 2079 4251 veniam
2127 4199 2429 4266 accipiebat
2464 4198 2671 4264 Aaron,
2718 4198 2868 4253 velut
2909 4207 3072 4252 aetate
3117 4198 3442 4266 provectior,

1872 4298 1924 4342 et
1957 4289 2248 4356 pontiﬁcali
2278 4289 2545 4355 dignitate
2587 4298 2835 4345 ornatus.
2870 4289 3074 4344 Praater
3106 4290 3241 4355 hare,
3265 4305 3442 4360 quan-

1872 4380 2158 4450 doquidem
2189 4382 2432 4450 leprosus
2457 4381 2612 4450 juxta
2647 4383 2816 4451 legem
2845 4396 2942 4451 pro
2973 4382 3250 4436 immundo
3273 4382 3443 4436 habe-

1871 4465 2063 4535 batur;
2092 4472 2143 4525 in
2172 4471 2388 4526 Aarone
2413 4483 2594 4526 autem
2625 4473 2776 4526 radix
2816 4481 2872 4526 et
2903 4471 3313 4526 fundamentum
3349 4486 3443 4526 sa-

1870 4560 2097 4614 cerdotii
2151 4562 2312 4616 situm
2363 4572 2482 4617 erat
2517 4580 2530 4614 :
2568 4577 2635 4616 ne
2684 4564 2942 4632 probrum
2992 4563 3137 4617 istud
3181 4563 3236 4616 in
3282 4578 3443 4618 omne

1871 4649 2245 4721 (sacerdotum)
2281 4666 2451 4720 genus
2485 4651 2764 4715 transiret,
2795 4648 2981 4721 (Deus)
3015 4649 3165 4704 illum
3194 4650 3336 4704 haud
3371 4652 3443 4704 si-

1872 4738 1984 4794 mili
2014 4739 2190 4794 aﬂ'ecit
2234 4757 2413 4811 paena,
2447 4743 2539 4797 sed
2580 4758 2677 4812 per
2725 4756 2967 4799 Sororem
3007 4755 3128 4796 eum
3165 4752 3438 4812 perterre—

1871 4831 1998 4886 i'ecit
2027 4834 2226 4900 pariter
2263 4849 2327 4887 ac
2368 4836 2675 4905 castigavit.
2705 4835 2782 4889 ita
2819 4835 2962 4889 enim
3000 4835 3065 4888 de
3091 4848 3263 4902 ,puana
3297 4831 3442 4905 (lla-

1873 4921 1986 4995 riae)
2041 4925 2210 4979 doluit
2243 4942 2257 4978 :
2290 4927 2577 4992 siquidem,
2627 4944 2749 4980 cum
2796 4939 2914 4982 eam
2965 4926 3140 4995 prima
3180 4926 3440 4991 dedisset,

1873 5017 1984 5086 ipse
2017 5017 2210 5087 injuria
2249 5019 2491 5073 allectum
2541 5017 2821 5091 (Moysem)
2855 5017 3085 5088 rogavit,
3117 5027 3176 5072 ut
3220 5033 3316 5072 sua
3359 5020 3441 5072 in-

1875 5113 2201 5165 tercessione
2247 5111 2446 5165 malum
2494 5111 2736 5180 pelleret.
2797 5110 2914 5178 Ipse
2955 5124 3102 5163 vero-
3136 5106 3288 5181 (rem)
3333 5125 3440 5163 non

1872 5205 2127 5274 neglexit,
2155 5206 2244 5259 sed
2282 5205 2463 5259 statim
2497 5203 2920 5274 supplicationes
2945 5201 3104 5258 fudit.
3142 5201 3295 5258 Unde
3330 5202 3438 5257 Do-

1869 5297 2048 5350 minus
2094 5297 2369 5352 hominum
2416 5311 2605 5350 amans
2652 5293 2970 5360 declaravit,
3017 5295 3158 5363 quod
3201 5308 3307 5348 non
3357 5311 3440 5350 se-

1870 5387 1986 5442 veri
2014 5387 2235 5457 judicis,
2268 5390 2362 5443 sed
2391 5387 2566 5442 Patris
2599 5387 2770 5443 instar
2796 5401 2916 5442 eam
2948 5384 3317 5455 castigaverit.
3352 5385 3445 5441 Ait

1885 5563 1929 5594 ⁷³
1971 5561 2090 5619 Lib.
2122 5563 2380 5631 nAntiq.,
2406 5577 2525 5632 cap.
2555 5563 2613 5618 5.
2687 5562 2733 5594 '°
2779 5560 2939 5617 Num.
2980 5575 3078 5625 xu,
3135 5561 3157 5615 l
3210 5573 3370 5629 seqq.

259 5772 372 5845 (68)
415 5772 524 5830 τιδε
566 5776 800 5842 κόκκος.
846 5775 956 5832 Hoc
1005 5776 1359 5847 fragmentum
1383 5775 1496 5846 jam
1543 5777 1729 5835 Latine
1771 5780 2010 5839 ediderat
2035 5780 2328 5840 Corderius
2355 5784 2406 5839 in
2449 5784 2672 5842 Catena.
