4238 6316
278 361 420 418 ιεοε

1487 345 1909 404 FRAGMENTA
1946 342 2304 399 GNOSTICA.

3396 335 3417 387 1
3428 334 3529 386 266

466 477 901 556 Fragmentum
934 473 1082 534 libri
1110 489 1290 532 XXIII.
1319 505 1392 515 —-
1423 471 1529 530 Ea:
1559 467 1888 530 Clementis
1911 464 2330 525 Alexandrini
2352 465 2736 524 Stromatum
2772 457 2879 519 lib.
2908 475 2994 531 tv,
3026 474 3178 535 pag.
3207 456 3345 516 506.

351 598 659 668 Βασιλείδης
692 599 747 650 δὲ
782 599 839 650 ὲν
872 597 948 666 τῷ
984 595 1211 664 εἰκοστῷ
1243 593 1409 664 τρίτῳ
1444 594 1552 644 τῶν
1609 591 1853 659 Ἑξηγη-
1884 597 1928 650 Α

1884 597 1928 650 Α
2027 590 2290 644 Basilides
2316 599 2498 641 autem
2541 589 2598 641 in
2642 585 2898 640 vicesimo
2931 584 3095 638 tertio
3129 582 3527 651 Erregetieorum

269 691 478 756 τικῶγ,
514 693 640 760 περὶ
672 689 780 742 τῶν
829 688 966 741 κατὰ
999 687 1059 740 τὸ
1113 686 1407 757 μαρτύριον
1441 683 1815 753 κολαζομένων
1836 722 1850 744 ,

269 784 466 846 αὐταῖς
497 781 671 847 λέξεσι
704 781 828 834 τάδε
864 780 994 850 ἔχει’
1040 799 1057 829 ι
1082 779 1226 847 Φημὶ
1257 775 1366 847 γὰρ
1387 777 1466 840 τὸ,
1502 776 1685 829 ὀπόσοι
1721 775 1854 827 ὑπο-

268 875 531 927 πίπτουσι
564 877 680 935 ταῖς
712 873 1030 941 λεγομέναις
1064 870 1305 939 θλίψεσιν
1333 909 1345 930 ,
1383 870 1502 938 ἦτοι
1539 866 1853 938 ἡμαρτηκό-

267 985 366 1030 τες
413 970 467 1019 ὲν
514 968 691 1030 ἄλλοις
753 965 1102 1027 λανθάνοντες
1154 963 1522 1032 πταίσμασιν,
1574 963 1652 1023 εἰς
1697 958 1855 1011 τοῦτο

267 1059 496 1124 ἄγονται
516 1059 574 1110 τὸ
595 1057 794 1125 ἀγαθὸν
814 1056 1136 1126 χρηστότητι
1158 1053 1250 1106 τοῦ
1272 1053 1624 1125 περιάγοντος
1644 1069 1656 1080 ·
1680 1050 1811 1104 ἄλλα
1835 1049 1851 1080 ¹

266 1147 334 1211 ἐξ
370 1146 539 1200 ἄλλων
573 1149 738 1210 ὄντως
774 1144 1154 1214 ἐγκαλούμενοι
1177 1185 1190 1206 ,
1240 1146 1326 1197 ἵνα
1366 1143 1438 1214 μὴ
1472 1143 1546 1207 ὡς
1575 1141 1852 1195 κατάδικοι

266 1237 372 1288 ἐπὶ
417 1239 602 1299 κακοῖς
647 1234 1090 1306 ὁμολογουμένοις
1127 1234 1359 1287 πάθωσι’
1403 1233 1533 1303 μηδὲ
1584 1231 1855 1301 λοιδορού-

275 1345 431 1393 μενοι
465 1327 539 1390 ὼς
571 1327 599 1378 ὁ
637 1326 819 1397 μοιχὸς
851 1326 883 1397 ἢ
919 1329 946 1382 ὁ
995 1326 1186 1394 φονεὺς
1213 1365 1226 1389 ,
1263 1325 1376 1377 ἀλλ’
1426 1325 1506 1376 ὅτι
1541 1321 1854 1393 Χριστιανοὶ

267 1417 596 1485 πεφυκὼεςθ
619 1418 754 1488 ὅπερ
778 1417 972 1479 αὐτοὺς
996 1417 1391 1487 τοαρηγορήσει,
1422 1416 1440 1445 ³
1467 1414 1598 1484 μηδὲ
1623 1413 1856 1484 πάσχειν

264 1507 465 1561 δοκεῖν.
502 1509 621 1561 Κᾶν
658 1510 731 1579 μὴ
779 1508 1114 1580 ἡμαρτηκὼς
1146 1509 1190 1561 δ’
1226 1509 1362 1571 ὅλως
1395 1526 1482 1571 τις
1534 1509 1625 1560 ἐπὶ
1656 1507 1716 1559 τδ
1750 1525 1853 1560 πα-

264 1599 382 1650 θεῖν
430 1599 687 1670 γένηται,
745 1601 968 1652 σπάνιον
1020 1601 1158 1671 μὲν,
1213 1599 1326 1653 ἀλλ’
1375 1600 1494 1652 οὐδὲ
1527 1592 1681 1662 οὗτος
1733 1601 1849 1652 κατ²

264 1691 558 1759 ἐπιϐουλὴν
591 1691 871 1760 δυνάμεως
904 1709 955 1743 τι
991 1690 1257 1754 πείσεται,
1295 1689 1430 1744 ἀλλὰ
1466 1692 1743 1756 πείσεται,
1773 1691 1848 1754 ὡς

267 1780 474 1849 ἔπασχε
502 1782 594 1833 καὶ
612 1781 671 1833 τὸ
713 1783 903 1852 νήπιον
935 1781 995 1832 τὸ
1039 1780 1226 1833 δοκοῦν
1270 1782 1367 1849 οὑχ
1403 1781 1798 1851 ἡμαρτηκέναι.
1825 1801 1843 1831 ι

265 1866 385 1922 Εἶθ’
420 1872 653 1935 ὑποϐὰς,
691 1873 848 1926 πάλιν
885 1872 1165 1942 ἐπιφέρει·
1207 1892 1224 1922 ι
1259 1874 1344 1935 Ὠς
1380 1869 1544 1925 οὖντὸ
1582 1875 1771 1944 νήπιον
1787 1875 1845 1926 οὐ

264 1965 715 2034 προημαρτηκὸς,
752 1965 782 2034 ἢ
811 1965 1050 2036 ἐνεργῶς
1081 1966 1176 2034 μὲν
1201 1965 1297 2034 οὐχ
1327 1967 1644 2036 ἡμαρτηκὺς
1669 1966 1840 2031 οὐδὲν,

263 2054 326 2104 ὲν
363 2055 535 2123 ὲαυτῲ
571 2033 670 2124 [τῷ
708 2054 750 2126 ³]
775 2033 842 2107 δὲ
967 2033 1295 2125 ἁμαρτῆσαιγ
1319 2033 1477 2124 siml,
1525 2033 1662 2108 ἐπὰν
1713 2059 1850 2109 ὑπο-

263 2144 438 2216 ϐληθῇ
581 2145 789 2210 παθεῖν,
829 2145 1194 2217 εὖεργετεῖταί
1226 2163 1286 2197 τε
1311 2189 1324 2210 ,
1364 2146 1532 2199 πολλὰ
1565 2147 1842 2218 ηρδαῖνον

261 2233 516 2288 δύσκολαο
564 2236 760 2288 οὑτωσλ⁵
791 2235 891 2305 δὴ,
926 2235 1026 2288 κᾶν
1060 2235 1262 2297 τέλειος
1310 2234 1475 2303 μηδὲν
1506 2235 1845 2306 ἡμαρτηκὼς

263 2323 412 2394 ἔργῳ
437 2325 591 2394 τύχῃ,
615 2324 866 2396 πάσχῃιᾶ
888 2326 978 2376 καὶ
999 2324 1166 2396 πάθῃ,
1181 2323 1344 2375 ταύτὸ
1367 2323 1562 2377 ἔπαθεν
1587 2323 1841 2395 ἐμφερῶς

260 2415 345 2484 τῷ
376 2416 570 2486 νηπίῳο
599 2416 735 2485 ἔχων
765 2416 860 2484 μὲν
887 2418 944 2468 ὲν
968 2415 1143 2486 ἑαυτῷ
1167 2416 1227 2467 τὸ
1255 2416 1646 2486 ἁμαρτητικὸν,
1676 2417 1842 2486 ἀφορ-

264 2507 373 2576 μὴν
406 2507 462 2560 δὲ
499 2508 634 2578 πρὸς
664 2507 722 2560 τὸ
755 2508 1130 2577 ἡμαρτηκέναι
1168 2509 1241 2576 μὴ
1278 2505 1456 2559 λαϐὼν
1477 2547 1490 2570 ,
1526 2509 1623 2576 οὐχ
1656 2509 1840 2578 ἡμάρ-

259 2616 440 2650 τανεν·
490 2600 615 2658 ὥστ’
662 2601 758 2670 οὐχ
791 2600 941 2669 αὐτῷ
975 2600 1034 2652 τὸ
1073 2600 1145 2670 μὴ
1180 2599 1494 2671 ἁμαρτῆσαι
1544 2600 1831 2667 λογιστέον.

273 2692 362 2754 ’ος
407 2692 514 2762 γὰρ
559 2694 587 2743 ὁ
638 2692 919 2762 μοιχεῦσαι
967 2691 1134 2743 θέλων
1181 2693 1365 2762 μοιχός
1411 2694 1559 2753 ἐστι,
1611 2691 1711 2744 κᾶν
1743 2691 1838 2744 τοῦ

263 2781 547 2851 μοιχεῦσαι
585 2782 657 2854 μὴ
706 2782 935 2856 ἐπιτύχῃ
963 2824 975 2843 ,
1018 2784 1110 2835 καὶ
1143 2785 1170 2836 ὁ
1206 2785 1423 2854 ποιῆσαι
1473 2769 1632 2851 φόνον
1668 2785 1837 2838 θέλων

258 2872 581 2942 ἀνδροφόνος
607 2875 744 2934 ἐστὶ,
775 2875 876 2926 κᾶν
910 2875 981 2943 μὴ
1007 2874 1231 2944 δύνηται
1258 2874 1533 2942 φονεῦσαι·
1560 2877 1756 2927 οὑτωσὶ
1783 2876 1838 2928 δὲ

259 2965 356 3015 καὶ
386 2965 476 3016 τὸν
498 2967 872 3036 ἀναμάρτητον
896 2966 953 3016 ὃν
986 2965 1146 3032 λέγω,
1187 2966 1278 3018 ἐὰν
1302 2966 1392 3017 ἴδω
1416 2968 1709 3035 πάσχοντα,
1736 2967 1838 3020 κᾶν

259 3054 428 3124 μηδὲν
511 3055 675 3106 κακὸν
702 3055 1017 3125 πεπραχὼς,
1048 3056 1215 3108 κακὸν
1243 3057 1354 3127 ὲρῶ
1372 3057 1448 3126 τῷ
1469 3057 1639 3109 θέλειν
1666 3060 1838 3128 ἁμαρ-

255 3144 458 3196 τάνειν.
488 3145 650 3196 Πάντ*
679 3144 788 3214 ἐρῶ
820 3144 929 3215 γὰρ
966 3144 1182 3214 μᾶλλον,
1218 3145 1248 3214 ἦ
1285 3146 1451 3196 κακὸν
1490 3145 1550 3196 τὸ
1592 3151 1836 3216 προνοεῖν

257 3234 392 3303 ἐρῶ.
424 3254 440 3283 ι
486 3230 597 3286 Εἶθ’
633 3234 870 3297 ὑποϐὰς,
908 3238 995 3287 καὶ
1013 3236 1139 3306 περὶ
1173 3235 1266 3286 τοῦ
1302 3235 1507 3304 Κυρίου
1550 3236 1830 3307 ἄντικρυς,

255 3326 336 3389 ὼς
371 3328 495 3396 περὶ
529 3325 808 3397 ἀνθρώπου
842 3327 1006 3394 λέγει·
1041 3346 1057 3377 ι
1088 3326 1221 3379 Ἐὰν
1258 3326 1436 3396 μέντοι
1461 3368 1475 3389 ,
1513 3330 1833 3398 παραλιπὼν

254 3414 477 3478 τούτους
510 3416 754 3478 ἅπαντας
789 3418 909 3480 τοὺς
937 3416 1146 3482 λόγους,
1174 3417 1330 3488 ἔλθῃς
1366 3419 1456 3469 ἐπὶ
1480 3419 1540 3470 τὸ
1565 3421 1832 3473 δυσωπεῖν

257 3520 351 3572 με,
386 3505 473 3556 διὰ
508 3506 812 3575 προσώπων
844 3505 1023 3568 τινῶν,
1062 3509 1109 3558 εἰ
1138 3507 1307 3576 τύχοι,
1348 3507 1541 3575 λέγων’
1597 3511 1654 3561 '0
1686 3510 1831 3561 δεῖνα

253 3592 350 3647 οὖν
381 3596 646 3664 ἥμαρτεν,
681 3595 848 3647 ἔπαθε
883 3594 990 3665 γὰρ
1018 3596 1045 3646 ὁ
1070 3597 1233 3648 δεῖνα·
1262 3595 1354 3648 ἐὰν
1386 3599 1482 3665 μὲν
1507 3598 1828 3668 ἐπιτρέπῃς,

255 3685 387 3754 ἐρῶο
427 3687 537 3754 Οὐχ
570 3688 780 3756 ἥμαρτε
810 3688 926 3754 μὲν,
951 3688 1133 3757 ὅμοιος
1159 3689 1212 3740 δὲ
1238 3685 1304 3759 ἦν
1327 3689 1405 3758 τῷ
1439 3689 1700 3757 πάσχοντι
1734 3707 1830 3760 νη-

255 3777 387 3842 πίῳ.
425 3777 484 3827 ΕΞ
537 3777 714 3844 μέντοι
768 3779 1120 3848 σφοδρότερον
1165 3781 1445 3832 ὲκϐιάσαιο
1493 3781 1584 3831 τὸν
1629 3781 1823 3848 λόγον,

254 3867 386 3938 ἐρῶ,
425 3868 724 3937 ἄνθρωπον,
754 3869 910 3920 ὅντιν’
940 3870 1005 3922 ἂν
1039 3871 1328 3943 ὀνομάσῃς,
1357 3871 1640 3941 ἄνθρωπον
1665 3869 1824 3936 εἶναι,

254 3957 461 4012 δίκαιον
495 3959 550 4010 δὲ
582 3959 670 4010 τὸν
703 3959 834 4011 θεόν
858 3977 869 3989 ·
907 3962 1174 4029 Καθαρὸς
1219 3963 1326 4032 γὰρ
1368 3962 1598 4029 οὐδεὶς,
1639 3964 1828 4036 ὥσπερ

246 4045 376 4104 εἶπέ
402 4066 503 4111 τις,
539 4050 655 4102 ἀπὸ
680 4051 900 4117 ῥύπου.
947 4069 963 4100 ι

1953 684 2019 739 de
2049 685 2115 738 iis
2139 683 2230 752 qui
2257 682 2520 752 martyrio
2552 682 2879 752 puniuntur,
2931 679 3017 732 his
3063 677 3242 731 verbis
3295 676 3412 729 haec
3443 676 3530 727 di-

1953 778 2024 831 cit
2059 795 2071 829 :
2111 794 2127 826 ι
2159 775 2290 828 Dico
2315 775 2482 838 enim,
2513 771 3087 843 quicunqueincidnnt
3119 771 3170 822 in
3207 769 3380 823 dictas
3397 766 3531 820 altli~

1954 866 2184 927 ctiones,
2215 862 2402 931 utique
2447 878 2573 916 cum
2630 861 3001 930 imprudentes
3046 861 3097 913 in
3153 859 3254 912 alia
3309 867 3527 927 peccata

1957 956 2090 1022 lapsi
2121 953 2342 1018 fuerint,
2377 955 2441 1006 ad
2477 954 2581 1006 hoc
2628 954 2828 1006 bonum
2865 951 3207 1004 deducuntur
3230 990 3244 1014 ,
3278 949 3524 1017 benigni-

1956 1058 2065 1100 tate
2100 1047 2218 1114 ejus
2241 1045 2330 1114 qui
2357 1045 2604 1101 adducit.
2637 1043 2743 1097 Sed
2774 1044 2996 1096 omnino
3025 1043 3183 1095 aliam
3208 1041 3280 1094 ob
3309 1056 3525 1094 causam

1957 1137 2008 1190 in
2037 1138 2126 1201 jus
2151 1146 2451 1198 vocantur,
2509 1153 2573 1189 ne
2620 1136 2897 1204 patiantur
2939 1145 2997 1186 ut
3029 1134 3238 1202 judicio
3284 1130 3526 1187 damnati

1955 1240 2174 1297 pr0pter
2215 1243 2278 1281 ea
2317 1244 2436 1296 quae
2469 1229 2607 1282 mala
2651 1242 2770 1280 esse
2821 1237 3031 1280 certum
3085 1235 3206 1291 est;
3262 1240 3438 1293 neque
3470 1235 3528 1277 ut

1956 1317 2099 1371 male
2136 1319 2416 1373 audientes
2443 1321 2668 1389 perinde
2698 1330 2863 1385 atque
2893 1318 3130 1383 adulter,
3178 1318 3262 1370 vel
3293 1317 3524 1372 homici-

1956 1408 2044 1474 da,
2082 1409 2175 1464 sed
2203 1412 2346 1478 quod
2375 1413 2691 1465 sintnatura
2726 1411 3024 1465 Christiani
3070 1429 3084 1464 :
3136 1412 3275 1480 quod
3310 1413 3526 1481 quidem

1952 1515 2046 1554 eos
2078 1501 2149 1555 ita
2184 1505 2476 1568 recreabit,
2508 1515 2564 1558 ut
2592 1519 2658 1558 ne
2709 1507 2997 1560 videantur
3036 1505 3254 1574 quidem
3298 1504 3430 1574 pati.
3466 1502 3524 1557 Si

1954 1606 2079 1646 vero
2108 1593 2159 1645 in
2191 1593 2449 1662 aliquem,
2478 1597 2570 1659 qui
2603 1595 2824 1651 omnino
2864 1612 2970 1650 non
3021 1598 3372 1666 peccaverit,
3401 1611 3525 1664 per—

1951 1683 2228 1754 pessiones
2260 1686 2600 1754 incumbant,
2636 1691 2779 1759 quod
2807 1689 3028 1758 quidem
3065 1698 3148 1743 est
3172 1705 3355 1742 rarum
3383 1706 3397 1754 ;
3441 1696 3526 1742 ta-

1950 1790 2072 1828 men
2109 1790 2176 1829 ne
2225 1775 2272 1831 is
2302 1778 2522 1845 quidem
2571 1780 2773 1848 aliquid
2819 1781 3088 1850 patietur,
3141 1796 3208 1834 ex
3259 1781 3464 1848 paratis
3493 1794 3522 1832 a

1953 1868 2270 1936 magistratu
2305 1869 2537 1933 insidiis,
2564 1872 2659 1924 sed
2682 1871 2917 1938 patietur
2947 1880 3005 1924 ut
3036 1885 3230 1939 passus
3257 1881 3342 1925 est
3368 1886 3523 1940 puer,

1951 1960 2041 2026 qui
2081 1960 2363 2014 videbatur
2386 1961 2518 2014 nihil
2540 1977 2854 2028 peccasse.»
2876 1963 3082 2016 Deinde
3113 1963 3270 2030 paulo
3297 1962 3524 2017 inferius

1950 2053 2223 2122 subiungit
2255 2071 2268 2106 :
2309 2071 2327 2104 ι
2375 2052 2530 2108 Sicut
2559 2069 2691 2124 ergo
2719 2069 2854 2124 puer
2879 2057 2972 2123 qui
3006 2062 3164 2109 antea
3196 2071 3299 2110 non
3325 2070 3521 2124 pecca-

1949 2144 2047 2208 vit,
2083 2154 2174 2198 aut
2202 2153 2323 2200 actu
2352 2147 2569 2215 quidem
2598 2147 2734 2200 nihil
2761 2149 3028 2215 peccavit,
3061 2149 3156 2202 sed
3190 2149 3351 2202 habet
3380 2149 3430 2201 in
3462 2162 3524 2203 se

1947 2237 2205 2304 peccandi
2238 2247 2585 2303 potestatem,
2621 2252 2745 2290 cum
2798 2237 2850 2290 in
2898 2238 3281 2307 perpessiones
3315 2239 3523 2294 incide-

1949 2326 2040 2391 rit,
2072 2326 2300 2381 afficitur
2320 2329 2608 2395 beneficio,
2629 2337 2684 2381 ut
2711 2329 2802 2397 qui
2835 2332 3000 2382 multa
3031 2331 3276 2383 lucretur
3307 2332 3472 2383 ardua
3501 2349 3515 2384 :

1948 2418 2023 2472 ita
2054 2420 2245 2489 etiam,
2271 2420 2313 2473 si
2346 2419 2621 2488 perfectus
2651 2437 2868 2490 quoque
2895 2423 2985 2490 qui
3034 2431 3158 2477 actu
3196 2422 3328 2476 nihil
3378 2424 3517 2476 forte

1947 2516 2276 2582 peccaverit,
2311 2516 2550 2582 patiatur
2579 2525 2627 2569 et
2675 2532 2866 2586 passus
2895 2517 3082 2580 fuerit,
3110 2531 3303 2587 passus
3329 2527 3412 2572 est
3439 2519 3516 2572 si-

1946 2603 2148 2657 militer
2177 2613 2336 2672 atque
2363 2621 2517 2673 puer;
2553 2607 2604 2659 in
2639 2621 2697 2660 se
2748 2608 2965 2676 quidem
3015 2608 3222 2669 habens
3258 2610 3515 2677 peccandi

1946 2706 2285 2764 potestatem,
2309 2707 2362 2752 et
2384 2708 2560 2753 tamen
2593 2715 2696 2753 non
2727 2710 2953 2768 accepta
2978 2701 3266 2755 occasione
3293 2715 3520 2771 peccan-

1946 2789 2016 2849 di,
2053 2804 2159 2843 non
2193 2792 2436 2857 peccavit
2472 2810 2484 2845 :
2517 2793 2652 2845 adeo
2679 2801 2736 2845 ut
2788 2794 2884 2863 ipsi
2937 2803 3218 2860 acceptum
3273 2795 3519 2852 referen-

1945 2879 2069 2932 dum
2111 2896 2216 2934 non
2247 2882 2340 2944 sit,
2366 2885 2511 2952 quod
2543 2898 2649 2938 non
2686 2886 3017 2953 peccaverit.
3050 2886 3516 2953 Quemadmodum

1944 2971 2086 3023 enin:
2118 2972 2206 3038 qui
2243 2973 2354 3025 vult
2400 2973 2726 3028 adulterium
2761 2977 3050 3031 admittere
3073 3020 3087 3043 ,
3145 2987 3228 3032 est
3273 2977 3511 3046 adulter,

1943 3058 2153 3112 etiamsi
2190 3076 2296 3114 non
2330 3071 2699 3130 consequatur
2727 3064 2972 3129 ellectus;
3012 3075 3064 3120 ct
3091 3065 3254 3137 350
3279 3070 3368 3137 qui
3400 3070 3517 3123 vult.

1943 3151 2143 3203 czedcm
2172 3150 2370 3216 faccre,
2406 3154 2700 3221 homicida,
2732 3157 2945 3210 etiamsi
2991 3174 3098 3211 non
3147 3161 3321 3227 possit
3360 3161 3506 3215 occi-

1943 3239 2069 3292 dere
2105 3258 2118 3292 :
2158 3241 2232 3293 ita
2266 3242 2429 3294 etiam
2457 3257 2579 3296 eum
2612 3259 2772 3313 quem
2804 3249 2928 3300 dico
2961 3262 3069 3301 non
3117 3263 3376 3316 peccasse
3399 3290 3415 3315 ,
3462 3253 3509 3306 si

1937 3328 2121 3381 videro
2171 3330 2449 3398 quidpiam
2489 3331 2597 3397 pati
2625 3371 2640 3396 ,
2686 3333 2902 3388 etiamsi
2938 3336 3071 3388 nihil
3127 3336 3250 3389 ntali
3298 3338 3507 3403 fecerit,

1938 3419 2134 3471 malum
2166 3421 2363 3484 dicant,
2400 3437 2465 3476 eo
2496 3422 2637 3490 quod
2670 3423 2799 3477 velit
2837 3440 3088 3492 peceare.
3114 3427 3338 3492 Quidvis
3365 3430 3508 3482 enim

1933 3507 2107 3559 dicam
2143 3510 2337 3576 potius,
2367 3527 2530 3579 quant
2568 3512 2763 3564 malam
2795 3514 3222 3582 providentiam.
3254 3535 3272 3567 ι
3307 3517 3510 3571 Deinde

1936 3598 2181 3663 inferius,
2218 3613 2404 3668 aperte
2449 3617 2666 3672 quoque
2713 3608 2777 3658 de
2814 3606 3040 3660 Domino
3086 3609 3216 3662 dicit
3249 3619 3503 3677 tanquam

1934 3692 1998 3744 de
2040 3694 2258 3749 homine
2288 3717 2298 3749 :
2333 3715 2350 3745 ι
2380 3695 2473 3750 Sin
2505 3707 2683 3751 autem
2721 3699 2803 3752 his
2845 3700 3094 3753 omnibus
3125 3704 3408 3770 prmtenui.
3432 3705 3506 3756 sis

1933 3785 2149 3837 veni-ris
2179 3796 2235 3837 ut
2267 3802 2352 3840 me
2383 3788 2587 3855 pudore
2619 3789 2922 3844 confundas
2947 3831 2962 3858 ,
3011 3795 3290 3848 adducens
3324 3806 3507 3849 certas

1935 3891 2211 3943 personas,
2252 3881 2400 3933 verbi
2429 3896 2595 3934 causa
2629 3900 2640 3935 :
2677 3883 2773 3936 Hic
2795 3899 2924 3953 ergo
2954 3889 3215 3953 peccavit,
3248 3888 3336 3942 hic
3361 3887 3504 3940 enim

1935 3980 2018 4021 est
2048 3984 2266 4037 paSsus;
2304 3975 2346 4027 si
2382 3977 2668 4043 permittas
2696 3978 2938 4044 quidem,
2968 3981 3143 4033 dicant
3177 3997 3191 4032 :
3231 3979 3346 4033 Non
3374 3997 3503 4048 pec-

1935 4060 2077 4114 cavit
2107 4065 2345 4133 quidem,
2381 4070 2474 4121 sed
2506 4078 2622 4121 erat
2652 4071 2853 4128 similis
2876 4087 3046 4139 puero
3072 4111 3086 4133 ,
3121 4073 3212 4140 qui
3260 4073 3504 4139 patieba-

251 4150 364 4193 tur.
397 4143 504 4196 Sed
529 4143 574 4195 si
604 4142 976 4196 vehementius
1009 4158 1223 4212 urgeas,
1271 4145 1448 4199 dicam
1467 4187 1490 4213 ,.
1531 4162 1908 4220 quemcunque
1957 4153 2230 4209 hominem
2289 4159 2676 4225 nominaveris,
2707 4176 2829 4214 eum
2887 4178 3006 4218 esse
3057 4163 3360 4229 hominem,
3410 4163 3505 4230 ju-

251 4246 396 4291 Stum
435 4248 614 4289 autem
655 4237 820 4290 Deum
861 4256 874 4291 :
914 4235 1109 4291 Nullus
1147 4241 1282 4292 enim
1305 4252 1376 4294 est
1415 4244 1641 4296 mundus
1674 4283 1691 4308 ,
1722 4255 1783 4299 ut
1815 4247 1951 4300 dixit
1979 4250 2272 4319 quispiam,
2310 4270 2342 4305 a
2371 4255 2522 4307 sorde
2557 4255 2595 4308 ’⁵.
2630 4275 2650 4308 ι

245 4374 450 4437 Aliud
468 4375 770 4439 Basilidis
797 4381 1232 4458 fragmentum.
1258 4385 1472 4478 —”E.r.
1497 4385 1997 4478 Origenis‘lib._v
2023 4395 2392 4478 comment.
2416 4398 2481 4458 iu
2522 4401 2724 4478 Epist.
2758 4400 2834 4461 ad
2868 4401 3074 4474 Rom,
3097 4417 3234 4477 cap.
3274 4420 3329 4475 γ,
3350 4413 3511 4464 tom-

1281 4464 1356 4522 11
1390 4481 1536 4542 pag.
1565 4464 1702 4541 530,
1737 4468 1884 4530 edit.
1917 4471 2294 4535 Basileensis
2328 4477 2502 4538 1571.

325 4580 460 4649 Ego,
495 4581 668 4651 inquit
695 4581 972 4655 (Paulus),
1000 4597 1249 4640 mortuus
1273 4604 1390 4641 sunt
1423 4609 1435 4642 :
1476 4591 1642 4659 cthit
1671 4593 1819 4645 enim
1855 4595 1898 4650 D
1929 4600 2062 4665 quit,
2099 4600 2400 4667 Apostolus,
2434 4604 2554 4672 quia
2582 4621 2674 4671 ego
2705 4605 2931 4656 vivebam
2966 4605 3078 4658 sine
3114 4604 3226 4674 lege
3254 4606 3501 4674 aliquan-

247 4674 382 4728 mihi
405 4675 518 4741 jam
549 4677 784 4745 reputari
813 4689 1115 4745 peccatum.
1149 4682 1255 4735 Sed
1283 4682 1395 4736 hanc
1425 4683 1686 4739 Basilides
1714 4701 1818 4739 non

247 4767 542 4822 advertens
573 4769 638 4822 de
665 4769 781 4836 lege
807 4772 1277 4853 naturali'debcre
1308 4777 1564 4846 intelligi,
1594 4778 1658 4830 ad
1702 4779 1820 4832 ine-

245 4871 368 4930 ptas
411 4872 465 4915 et
493 4861 690 4930 impias
714 4863 924 4916 fabulas
948 4879 1256 4919 sermonem
1308 4871 1662 4935 apostolicum
1707 4880 1820 4923 tra-

248 4953 349 5015 xit,
383 4953 434 5005 in
463 4953 884 5024 Pythagoricum
913 4957 1108 5025 dogma
1142 4975 1156 5010 :
1188 4959 1240 5011 id
1266 4971 1382 5020 est,
1435 4963 1577 5029 quod
1624 4962 1821 5015 anima:

247 5046 302 5096 in
335 5043 440 5096 alia
487 5055 650 5113 atque
677 5045 780 5098 alia
827 5062 1056 5112 corpora
1114 5049 1562 5103 transfundantur
1598 5067 1660 5103 ex
1717 5052 1820 5106 hoc

244 5133 495 5202 Apostoli
542 5137 700 5189 dicto
737 5147 965 5190 conatur
1011 5148 1282 5192 astruere.
1343 5138 1494 5194 Dixit
1527 5145 1690 5206 enim,
1733 5146 1822 5196 in-

1924 4694 1990 4746 do
2023 4706 2040 4742 :
2072 4695 2169 4746 hoc
2199 4706 2298 4758 est,
2330 4707 2608 4765 antequam
2637 4699 2688 4748 in
2733 4697 2874 4748 istud
2907 4714 3095 4764 rorpns
3128 4699 3352 4772 venirem
3381 4740 3394 4762 ,
3447 4700 3501 4748 in

1923 4800 2034 4836 eam
2079 4788 2298 4848 speciem
2336 4789 2571 4854 corporis
2603 4789 2730 4851 vixi,
2784 4805 2894 4854 qua:
2935 4790 3028 4841 sub
3057 4789 3166 4858 lege
3211 4807 3311 4842 non
3344 4806 3497 4851 esset,

1923 4878 2134 4942 pecudis
2163 4878 2386 4941 scilicet,
2413 4879 2488 4931 vel
2520 4881 2649 4934 auis.
2695 4879 2802 4933 Sed
2846 4896 2954 4933 non
3007 4881 3243 4949 respexit
3293 4884 3355 4932 ad
3405 4884 3496 4948 id,

1923 4968 2063 5034 quod
2093 4970 2362 5037 sequitur,
2390 4969 2439 5022 id
2462 4981 2545 5026 est
2575 4989 2588 5024 :
2621 4968 2723 5025 Sed
2756 4972 2843 5024 ubi
2867 4973 2999 5026 venit
3030 4974 3358 5039 mandatum,
3388 4969 3507 5044 ιξεο-

1922 5071 2109 5111 εαιιιιιι-
2130 5062 2314 5115 reuixit
2344 5061 2384 5126 ⁵,
2417 5071 2539 5118 etc-

1374 5351 1868 5416 FRAGMENTA
1914 5358 2036 5416 ΕΡΙ
2050 5358 2355 5420 PHANIS.

557 5459 663 5520 Ea:
702 5458 808 5523 lib.
843 5465 930 5525 De
959 5465 1232 5543 Justitia,
1264 5488 1364 5548 ap.
1396 5472 1762 5537 Clementem
1782 5477 1990 5552 Alex.,
2026 5479 2136 5540 lib.
2167 5499 2234 5540 ιιι
2268 5485 2580 5556 5tromat.,
2603 5500 2755 5560 pag.
2791 5483 2907 5543 b28
2941 5492 2994 5542 et
3015 5501 3176 5561 seqq.

307 5581 470 5650 Λέγει
503 5577 654 5646 οὗτος
689 5586 746 5638 ἐν
769 5585 846 5654 τῷ
877 5587 1014 5654 Περὶ
1032 5588 1438 5663 δικαιοσύνης,
1475 5598 1570 5669 τὴν
1607 5599 1809 5653 δικαιοσ-

308 5724 333 5754 δ
353 5721 526 5792 Lege,
541 5723 698 5778 ἀλλά.
778 5728 798 5756 ²
827 5725 996 5791 Adde,
1029 5729 1185 5783 ὥστε.

1990 5601 2039 5656 is
2081 5602 2424 5673 (Epiphanes)
2454 5606 2583 5659 dicit
2613 5606 2664 5658 in
2698 5606 2834 5658 libro
2862 5604 2936 5658 De
2963 5606 3197 5673 jnstiliu,
3229 5605 3498 5673 justitiam

1263 5734 1280 5763 ³
1313 5733 1436 5790 Dele
1471 5737 1610 5793 hunc
1637 5738 1942 5794 articulum.
2021 5739 2040 5768 ‘
2071 5738 2171 5796 Job
2203 5757 2310 5806 xiv,
2341 5741 2395 5801 ι,
2423 5742 2572 5811 juxta
2607 5741 2763 5796 LXX.
2842 5745 2861 5775 ⁸
2897 5743 3051 5798 Rulli.
3088 5761 3182 5809 vn,
3215 5745 3268 5803 9.
