4238 6316
681 399 820 455 ιιηιι

1599 390 1936 448 ΔΡΡΕΝΒΙΧ
1983 389 2071 444 AD
2111 387 2424 456 QUINQUE
2468 384 2720 440 illENAll
2763 380 3028 438 LIBROS.

3800 375 3928 432 {276

679 514 891 568 volebat
916 529 931 579 ;
966 511 1052 567 ille
1079 527 1205 566 vero
1234 527 1339 566 non
1375 511 1586 566 destitit
1611 514 1883 581 persequi,
1915 522 2088 577 uqute
2118 507 2252 561 iram
2285 513 2328 569 Α

2285 513 2328 569 Α
2358 522 2502 573 γειν;
2536 505 2650 558 ἀλλ’
2682 505 2763 556 ὅτι
2794 503 3047 574 χωρήσας
3079 498 3162 549 ἐπ’
3201 496 3358 551 αὑτὸν
3389 496 3584 560 εύθὲως
3626 493 3816 548 ἔπαισε
3858 495 3929 566 τῷ

683 606 984 675 reprimere
1036 605 1227 660 voluit.
1279 605 1344 658 Et
1391 605 1522 673 quid
1566 605 1810 674 pluribus
1843 620 1978 673 Opus
2008 603 2136 658 est?
2175 602 2240 654 ir-

681 713 848 753 ruens
875 699 928 752 in
965 697 1156 763 illum,
1211 698 1390 766 gladio
1421 698 1606 752 statim
1653 698 1924 766 percussit
1958 715 1970 750 :
2009 697 2099 750 illc
2130 709 2256 748 vero

677 791 909 860 supplex
951 790 1129 846 factus
1159 791 1412 862 proximo
1445 807 1544 846 suo
1577 807 1772 846 manus
1819 791 2096 861 supplices
2131 805 2257 860 pro-

682 882 964 948 tendebat,
1015 897 1282 951 suamque
1323 891 1528 936 vestem
1556 881 1688 936 dare
1716 881 1968 935 volebat:
2005 883 2259 936 obsecra-

679 975 773 1026 liat
810 983 1021 1027 tantum
1052 974 1218 1028 vitam
1247 975 1347 1028 sibi
1381 975 1727 1028 concederet.
1763 972 1960 1028 Verum
1999 972 2089 1026 ille
2122 972 2256 1026 iram

681 1078 787 1116 non
834 1063 1156 1135 frangebat,
1213 1081 1313 1119 nec
1357 1064 1738 1120 misericordia
1770 1065 2093 1134 tangebatur
2131 1078 2256 1135 erga

681 1166 973 1226 cognatum
1004 1173 1018 1212 :
1052 1172 1227 1228 neque
1251 1161 1490 1228 scipsum
1522 1159 1573 1212 in
1604 1157 2012 1227 imagine-illius
2040 1155 2260 1213 volebat

680 1250 1061 1319 contemplari,
1127 1250 1220 1306 sed
1278 1250 1421 1305 velut
1461 1249 1722 1304 immanis
1751 1248 1929 1305 bellua
1959 1248 2140 1318 gladio
2168 1249 2263 1304 de-

684 1341 992 1394 vorandum
1021 1341 1477 1409 aggredielratnr:
1504 1339 1728 1410 jamque
1764 1355 1963 1411 corpus
1989 1341 2107 1409 ejus
2128 1357 2261 1397 con-

687 1430 853 1483 simili
892 1430 1126 1485 addebat
1157 1431 1375 1500 corpori
1412 1449 1425 1486 :
1461 1439 1641 1486 tantus
1667 1441 1789 1486 erat
1813 1431 1966 1486 t'uror
2008 1429 2149 1498 ejus.
2191 1432 2260 1486 At

684 1531 806 1574 erat
838 1522 927 1575 hic
960 1521 1143 1575 vldere
1183 1520 1336 1574 illum
1370 1523 1568 1590 injuste
1591 1536 1912 1592 Oppressum
1935 1561 1951 1586 ,
1988 1523 2130 1576 hunc
2159 1535 2257 1575 au-

688 1619 795 1664 tem
836 1612 1102 1680 reliquum
1139 1613 1492 1684 spoliantem,
1521 1623 1574 1667 et
1605 1628 1672 1668 ne
1703 1624 1846 1667 terra
1874 1615 2093 1684 quidem
2138 1628 2258 1668 cor-

686 1716 786 1769 pus
810 1701 1171 1771 operieutem,
1202 1703 1295 1757 sed
1324 1703 1518 1757 vestitu
1541 1719 1640 1758 suo
1670 1706 1987 1760 undantem.
2015 1704 2094 1757 Ad
2122 1704 2258 1768 lucc,

685 1794 919 1847 accessit
949 1802 1002 1847 et
1033 1793 1193 1857 alius,
1228 1794 1316 1862 qui
1369 1808 1591 1849 uxorein
1623 1793 1789 1848 vicini
1823 1797 1906 1848 sui
1940 1795 2134 1848 fallere
2165 1810 2258 1848 vo-

2360 600 2520 667 ξίφειο
2567 600 2594 650 ὁ
2630 597 2684 649 δὲ
2716 595 2899 664 ἱκέτης
2924 589 3009 662 τῷ’
3044 591 3268 661 πλησίον
3312 590 3524 657 ἐγένετο
3547 630 3559 653 ,
3604 590 3696 642 καὶ
3746 591 3931 659 χεῖρας

2362 690 2570 752 ἱκεσίας
2611 687 2821 760 ὤρεγε,
2866 687 2959 739 καὶ
2986 685 3085 757 τὴν
3118 685 3212 754 μὲν
3263 683 3468 751 ἐσθῆτα
3512 681 3710 734 διδόναι
3738 681 3894 752 ῆθελε
3917 724 3930 745 ,

2364 783 2521 853 μόνον
2547 781 2601 834 δὲ
2626 781 2686 833 τὸ
2714 781 2810 850 ζῇν
2843 775 2988 848 ἔχειν’
3016 776 3186 844 ἠξίου·
3213 776 3240 828 ὁ
3259 774 3316 828 δὲ
3346 775 3445 828 οὐκ
3473 772 3734 844 ὲθραύετο
3769 774 3811 804 ¹⁶
3848 773 3934 825 τὸν

2361 874 2554 945 θυμὸν,
2589 871 2707 926 οὐδὲ
2742 869 2890 941 ἠλέει
2912 869 3000 921 τὸν
3030 865 3292 938 ὁμογενῆ,
3324 866 3444 918 οὐδὲ
3493 865 3680 918 ἑαυτὸν
3712 862 3803 918 διὰ
3837 866 3935 932 τῆς

2360 966 2567 1030 εἰκόνος
2601 964 2809 1018 ἐκείνου
2839 961 3057 1034 βλέπειν
3090 959 3278 1031 ἤθελεν
3299 997 3313 1022 ,
3344 958 3456 1010 ἀλλ’
3483 957 3560 1021 ὡς
3605 959 3794 1028 ἄγριος
3834 957 3937 1028 θὴρ

2359 1078 2436 1130 τῳ
2467 1059 2607 1128 ξίφει
2645 1058 2747 1127 τῆς
2775 1057 2938 1129 βορᾶς
2967 1055 3183 1126 ἣρχετο·
3218 1054 3318 1126 ήδη
3356 1055 3412 1108 δὲ
3441 1053 3534 1107 καὶ
3567 1051 3628 1104 τὸ
3669 1052 3824 1122 σῶμα
3862 1051 3940 1121 τῷ

2361 1152 2530 1222 ὁμοίῳ
2561 1149 2866 1222 προσέφερε
2900 1147 3131 1220 σώματν
3155 1145 3409 1208 τοσοῦτος
3438 1145 3544 1216 γὰρ
3572 1139 3639 1214 ἦν
3661 1143 3739 1212 τῷ
3762 1141 3935 1212 θυμῷ.

2363 1245 2472 1297 Καὶ
2504 1239 2571 1312 ἦν
2603 1243 2729 1295 ἰδεῖν
2759 1239 2850 1292 τὸν
2882 1240 2980 1310 μὲν
3005 1237 3356 1310 ἠδικημένον,
3391 1236 3481 1290 τὸν
3505 1235 3562 1288 δὲ
3597 1234 3781 1287 λοιπὸν
3807 1251 3940 1286 σκυ-

2361 1336 2603 1398 λεύοντα,
2637 1336 2731 1388 καὶ
2767 1332 2900 1404 μηδὲ
2928 1335 2997 1403 γῇ
3032 1331 3372 1396 σκεπάζοντα
3403 1330 3464 1382 τὺ
3496 1329 3673 1399 σῶμα·
3704 1326 3803 1397 τῆς
3832 1325 3942 1395 γὰρ

2364 1428 2588 1498 ἐσθῆτος
2623 1426 2928 1496 ἐγύμνωσε.
2962 1425 3103 1495 Πρὸς
3143 1423 3201 1476 δὲ·
3228 1421 3458 1484 τούτοις,
3483 1421 3670 1492 ἕτερος
3690 1416 3940 1488 προσῄει,

2361 1522 2419 1585 ὃς
2449 1518 2540 1572 τοῦ
2569 1517 2793 1589 πλησίον
2818 1518 3050 1587 γυναῖκα
3071 1517 3290 1580 παίζειν
3331 1513 3508 1584 ἤθελε,
3537 1512 3811 1585 λῃστεύων
3845 1511 3943 1580 γά-

2367 1633 2465 1684 μον
2495 1614 2800 1683 ἀλλότριονν
2840 1612 2930 1662 καὶ
2977 1611 3063 1662 ἐπὶ
3117 1608 3424 1679 παράνομον
3454 1604 3638 1676 κοίτην
3670 1603 3946 1675 τραπῆναι

2365 1703 2663 1776 παρορμῶν
2693 1705 2779 1756 τὸν
2802 1701 3175 1772 γεγαμηκότα,
3209 1701 3428 1771 γνήσιον
3454 1700 3659 1771 πατέρα
3695 1697 3946 1766 γενέσθαι

2367 1799 2440 1869 μὴ
2493 1796 2681 1851 θέλων.
2749 1796 3028 1850 Ἐντεῦθεν
3085 1796 3124 1826 "7
3167 1796 3258 1847 tu!
3306 1797 3424 1857 ταῖς
3478 1792 3805 1864 τραγῳδίαις
3859 1808 3948 1843 πι-

687 1885 808 1947 luit,
834 1883 1030 1939 alienis
1057 1885 1346 1939 insidiatus
1379 1885 1581 1954 nuptiis
1610 1903 1622 1937 :
1659 1895 1712 1940 ct
1742 1901 1893 1950 eum,
1923 1887 1990 1941 ad
2039 1885 2259 1956 illegiti-
2294 1877 2335 1932 Β

2294 1877 2335 1932 Β
2366 1889 2574 1942 στεύειν
2610 1889 2880 1961 ἠρχόμην,
2913 1890 3005 1941 καὶ
3031 1887 3188 1940 τοῦτό
3214 1889 3346 1952 ἐστι,
3370 1887 3438 1940 δι’
3477 1880 3549 1940 ὧν
3583 1885 3800 1956 ἀληθῶς
3831 1884 3944 1938 ἐδό-

687 1993 836 2033 ιιιυιιι
901 1986 1078 2030 torum
1142 1978 1503 2032 invadendum
1554 1980 1837 2044 hortatus,
1884 1981 1974 2049 qui
2029 1996 2253 2035 uxorem

685 2092 698 2121 ‹
722 2082 936 2136 Inerat,
963 2081 1020 2124 ut
1061 2071 1333 2140 legitimus
1357 2082 1507 2141 pater
1534 2073 1708 2138 ileret,
1743 2074 1936 2129 noluit.
1963 2073 2260 2130 Enimvero

688 2163 816 2216 hinc
847 2163 1128 2231 tragoediis
1161 2162 1318 2217 iidem
1364 2164 1625 2220 adhibere
1661 2166 1802 2235 carpi
1839 2181 1851 2218 :
1881 2175 1934 2220 et
1980 2167 2084 2220 hoc
2129 2164 2256 2219 illud

686 2265 792 2316 est,
829 2256 971 2308 unde
1001 2253 1267 2307 adductus
1293 2269 1436 2316 sum,
1484 2264 1541 2308 ut
1592 2270 1717 2310 vere
1756 2267 1905 2326 gesta
1947 2256 2075 2310 mihi
2110 2256 2250 2310 video

687 2359 896 2401 rentur.
925 2347 1098 2401 Credo
1132 2349 1294 2400 etiam
1340 2347 1694 2402 temulentam
1737 2348 2002 2404 (Eiromai
2049 2348 2258 2416 cupidi-

686 2449 853 2494 tatem
886 2457 900 2493 :
934 2448 988 2493 et
1009 2437 1236 2493 fratrum
1278 2439 1420 2494 inter
1446 2456 1503 2495 se
1530 2456 1662 2496 ense
1708 2427 2112 2497 contentionem
2152 2456 2256 2496 non

689 2531 1065 2586 incredibilem
1097 2542 1244 2601 puto.
1293 2532 1474 2601 Itaque
1519 2546 1641 2588 cum
1692 2544 1769 2588 tot
1815 2550 1878 2590 ac
1927 2535 2110 2588 talium
2160 2549 2260 2600 ego

687 2630 964 2690 spectator
1006 2638 1180 2676 essent
1225 2624 1417 2685 factus,
1457 2625 1596 2679 unde
1635 2627 1735 2679 ista
1786 2626 2066 2679 orirentur
2123 2624 2259 2684 ccepi

689 2710 996 2778 disquirere
1026 2732 1038 2766 :
1073 2714 1237 2780 item,
1287 2717 1559 2782 quodnam
1615 2716 1945 2785 principium
2002 2714 2260 2769 motionis

2369 2001 2450 2037 κει
2490 2001 2578 2053 μοι
2603 1984 2901 2050 γεγονέναι.
2939 1981 3184 2034 Πιστεύω
3215 1982 3305 2033 καὶ
3332 1981 3428 2052 τὴν
3458 1979 3724 2049 Οἰνομάου
3759 1979 3948 2046 napo:-

2367 2093 2455 2129 νον
2503 2075 2814 2144 ἐπιθυμίαν,
2870 2075 2960 2127 καὶ
3012 2074 3110 2144 τὴν
3161 2074 3267 2127 τῶν
3316 2073 3557 2140 ἀδελφῶν
3620 2070 3706 2124 διὰ
3763 2071 3947 2140 ξίφους

2369 2169 2699 2237 φιλονεικίαν
2729 2168 2824 2220 ούκ
2853 2165 3084 2221 ἀπιστῶ.
3121 2167 3399 2220 Τοσούτων
3439 2166 3615 2218 τοίνυν
3650 2164 3745 2217 καὶ
3780 2165 3948 2218 τοιού-

2366 2279 2473 2315 των
2502 2260 2697 2331 θεατὴς
2735 2260 3022 2329 γενόμενος
3055 2260 3184 2329 ἐγὼ,
3218 2259 3379 2311 πόθεν
3428 2257 3599 2312 ταῦτα
3659 2259 3950 2327 ἀναζητεῖν

2367 2356 2635 2425 ἠρχόμην·
2677 2353 2759 2416 τίς
2803 2354 2856 2404 δὲ
2899 2355 2992 2407 καὶ
3028 2356 3058 2423 ἡ
3091 2354 3188 2422 τῆς
3234 2354 3499 2422 κινήσεως
3543 2352 3720 2405 αὐτῶν
3768 2352 3946 2420 agr/ﬁ;

2369 2446 2476 2496 Καὶ
2511 2445 2591 2506 τίς
2622 2445 2648 2494 ὁ
2675 2443 2909 2496 τοσαῦτα
2945 2444 3084 2496 κατὰ
3128 2441 3428 2514 ἀνθρώπων
3463 2439 3946 2512 μηχανησάμενος

2370 2533 2537 2586 Πόθεν
2563 2551 2620 2585 τε
2655 2532 2923 2604 ηεῦρεσις
2956 2535 3163 2592 ιιύτὼνζ
3202 2533 3327 2595 καὶ,
3360 2534 3442 2595 τίς
3487 2536 3515 2586 ὁ
3557 2530 3762 2584 τούτων
3808 2528 3949 2582 διδά-

2374 2620 2601 2684 σκαλος;
2627 2623 2735 2676 Καὶ
2780 2625 2870 2674 τὸν
2908 2624 3005 2694 μἐν
3051 2623 3182 2675 Θεὸν
3229 2622 3458 2694 ποιητὴν
3500 2622 3701 2674 τούτων
3741 2620 3949 2688 λέγειν,

2367 2711 2570 2784 τολμᾷν
2609 2715 2704 2784 οὐχ
2727 2709 2835 2778 οἶός
2872 2733 2926 2768 τε
2960 2712 3044 2786 ἦν.

691 2809 965 2876 ipsorum,
1006 2818 1059 2862 et
1106 2810 1229 2878 quis
1285 2811 1586 2866 istiusmodi
1635 2823 1820 2866 contra
1883 2813 2126 2866 liciniues
2191 2807 2635 2870 macltinarctur;
2701 2813 2844 2865 unde
2887 2813 3077 2866 harum
3146 2827 3327 2866 rerum
3399 2810 3671 2871 inventio.
3715 2817 3769 2864 et
3831 2808 3949 2876 Quis

693 2904 919 2956 istorum
961 2900 1220 2968 magister
1249 2912 1418 2957 esset.

693 3009 832 3048 ram.

759 3085 921 3158 355
952 3087 1054 3141 Sed
1086 3103 1257 3156 neque
1283 3088 1612 3157 iudicabam,
1639 3091 1706 3146 ab
1739 3092 1828 3146 illo
1872 3107 2026 3146 suam
2067 3089 2263 3144 habere
2292 3088 2334 3144 C

691 3180 1049 3232 substantiam
1077 3222 1090 3244 ,
1143 3182 1221 3234 vel
1279 3182 1529 3237 essentia:
1573 3199 1684 3236 sua:
1726 3182 2114 3237 constantiam.
2161 3177 2262 3245 Qui

691 3270 836 3322 enim
887 3269 952 3324 de
999 3270 1106 3324 Deo
1158 3273 1255 3326 ista
1307 3275 1531 3344 cogitari
1568 3275 1819 3343 possent?
1853 3273 2063 3328 Etenim
2093 3274 2264 3327 bonus

696 3362 802 3426 ille,
841 3377 1020 3416 rerum
1053 3380 1265 3432 quoque
1291 3367 1622 3435 nptimarum
1668 3377 1882 3420 creator
1914 3375 2028 3427 est;
2073 3377 2264 3432 pravo-

695 3467 812 3504 rum
848 3467 977 3508 vero
1011 3454 1062 3506 in
1101 3454 1215 3523 ipso
1253 3456 1383 3509 nihil
1424 3458 1586 3512 inest.
1634 3455 1741 3510 Nec
1789 3457 1985 3510 talibus
2032 3455 2263 3524 gaudere

693 3554 890 3611 potest,
923 3545 1022 3597 sed
1055 3561 1241 3599 eorum
1274 3549 1540 3616 originem
1571 3560 1730 3617 atque
1763 3547 2109 3618 propaginem
2141 3562 2266 3614 pro-

696 3634 1121 3703 hibet.,Eosque
1171 3637 1260 3703 qui
1323 3637 1426 3692 illis
1476 3638 1836 3700 delectantur,
1891 3638 2080 3706 abjicit
2116 3655 2128 3688 :
2171 3638 2262 3706 qui

694 3733 874 3776 autem
922 3739 984 3778 ea
1034 3724 1268 3792 fugiunt,
1311 3729 1521 3794 recipit.
1565 3728 1913 3797 Ecqnomodo
1970 3731 2262 3783 absurdum

695 3833 800 3872 non
833 3819 924 3883 sit,
955 3819 1122 3875 Deum
1154 3823 1490 3876 conditorem
1545 3823 1770 3877 istorum
1811 3824 2016 3886 dicere,
2052 3823 2143 3890 qui
2177 3839 2269 3875 ea-

693 3913 816 3965 dem
854 3913 1073 3966 renuit?
1111 3912 1295 3982 Neque
1352 3915 1495 3967 enim
1544 3929 1607 3968 ea
1666 3931 1771 3968 non
1825 3929 1946 3970 esse
1993 3915 2172 3977 vellet,
2221 3916 2263 3968 si

694 4005 902 4077 primus
938 4014 1129 4060 auctor
1165 4010 1277 4073 ipse
1305 4016 1355 4059 et
1393 4017 1610 4061 creator
1634 4018 1753 4061 esst
1781 4008 1950 4062 tissel.
1982 4007 2087 4061 Eos
2118 4023 2266 4059 nam-

695 4109 803 4161 que
851 4095 942 4163 qui
982 4095 1048 4146 ad
1101 4094 1272 4162 ipsum
1326 4098 1622 4160 accedunt,
1679 4098 1983 4153 imitatores
2027 4100 2109 4152 sui
2158 4100 2266 4152 \‘ull.

697 4186 835 4239 tieri.
869 4184 1020 4239 Unde
1053 4186 1182 4239 mihi
1212 4185 1488 4240 videbatur
1507 4188 1575 4241 ab
1598 4189 1742 4241 omni
1775 4190 1984 4243 ratione
2008 4189 2262 4253 alicumn,

697 4276 810 4328 haec
858 4275 930 4329 illi
972 4276 1260 4345 adaptare;
1305 4277 1389 4329 vel
1417 4278 1573 4346 quasi
1615 4277 1680 4331 ab
1712 4279 1803 4333 illo
1837 4279 1974 4334 facta
2008 4281 2150 4344 sint;
2185 4281 2267 4334 vel

695 4365 819 4435 (etsi
850 4367 1084 4422 maxime
1130 4368 1484 4422 concederem
1518 4371 1774 4438 possibile
1805 4387 1946 4437 esse,
1982 4383 2037 4427 ut
2066 4374 2265 4441 aliquid

694 4471 763 4510 ex
809 4457 874 4512 iis
914 4473 1034 4527 qua:
1075 4473 1182 4512 non
1231 4466 1360 4512 sunt
1413 4456 1527 4528 tiat)
1556 4461 1699 4529 quod
1751 4463 1916 4516 etiam
1966 4463 2079 4533 ipse
2128 4465 2267 4516 mala

694 4549 979 4602 creaverit.
1005 4547 1139 4604 Nam
1169 4553 1258 4620 qui
1294 4567 1354 4606 ex
1391 4553 1492 4616 bis,
1537 4569 1658 4623 qua:
1695 4568 1800 4608 non
1845 4563 1988 4617 sunt,
2023 4569 2145 4608 esse
2180 4555 2267 4608 illa

697 4636 922 4704 fecerat,
960 4653 1300 4709 nequaquam
1348 4657 1407 4696 ea
1459 4658 1671 4696 rursum
1722 4658 1752 4696 e
1806 4643 1981 4697 medio
2035 4643 2266 4708 tolleret,

698 4745 764 4784 ne
809 4741 992 4786 essent
1023 4749 1036 4786 :
1073 4733 1177 4797 vel,
1225 4735 1270 4788 si
1333 4734 1434 4788 hoc
1485 4734 1790 4788 necessario
1842 4734 2126 4789 dicendum
2174 4735 2265 4803 sit,

695 4824 850 4892 quasi
883 4822 1044 4878 fuerit
1083 4825 1211 4879 olim
1246 4836 1478 4895 tempus,
1504 4827 1720 4894 quando
1752 4827 1894 4882 Deus
1937 4827 2092 4883 rnalis
2121 4828 2268 4882 dele-

697 4925 973 4977 ctaretur;
1009 4930 1151 4970 nunc
1186 4926 1388 4983 tamen,
1423 4920 1564 4987 quod
1598 4919 1727 4973 mihi
1765 4917 1977 4974 videtur
2007 4935 2124 4974 esse
2165 4921 2268 4973 im-

697 5005 980 5074 possibile,
1003 5007 1184 5059 dicere
1214 5008 1312 5060 lioc
1339 5009 1404 5062 de
1424 5010 1556 5074 Deo,
1582 5011 1963 5066 inconveniens
1988 5023 2070 5065 est
2102 5012 2269 5080 ipsius

701 5110 908 5152 natura:
936 5098 1132 5150 divinae
1169 5099 1268 5152 hoc
1298 5100 1619 5155 attribuere.

769 5190 1035 5256 Quocirca
1068 5189 1239 5243 visunt
1266 5201 1347 5245 est
1371 5191 1502 5245 mihi
1526 5195 1854 5250 coexsistere
1889 5196 1984 5265 ipsi
2014 5194 2161 5260 illud,
2182 5197 2270 5251 cui

700 5298 893 5336 nomen
927 5290 1009 5335 est
1039 5280 1260 5334 Materia
1293 5301 1305 5336 :
1333 5299 1398 5337 ex
1431 5300 1534 5348 qua
1577 5299 1639 5340 ea
1675 5302 1794 5356 quae
1842 5297 1971 5342 sunt
2009 5304 2264 5358 procrea-

702 5375 796 5438 vit,
826 5386 947 5425 cum
982 5369 1185 5424 al'fabre
1240 5370 1326 5425 illa
1375 5375 1777 5444 prudenterque
1819 5375 2174 5444 discerneret,
2217 5391 2270 5434 et

698 5467 979 5536 eleganter
1022 5476 1285 5521 ornaret:
1323 5483 1386 5521 ex
1433 5486 1536 5538 qua
1571 5469 1839 5542 (materia)
1870 5481 1924 5526 et
1973 5474 2116 5528 mala
2154 5490 2273 5531 esse

701 5559 972 5612 videnlur.
1007 5559 1138 5614 Cum
1189 5560 1330 5613 enim
1386 5576 1482 5615 nec
1538 5563 1703 5624 facta,
1750 5578 1846 5619 nec
1905 5565 2132 5620 formata
2185 5567 2269 5621 illa

698 5659 931 5716 esset,et
963 5651 1179 5719 insuper
1215 5651 1375 5708 etiam
1410 5653 1715 5713 inordinate
1758 5656 2022 5724 ferretur,
2076 5658 2273 5729 Deique

776 5863 817 5896 "
847 5860 932 5918 Sic
959 5861 1105 5917 Bodl.
1186 5863 1222 5892 "
1258 5862 1342 5917 Sic
1377 5859 1526 5919 Bodl.

1640 5866 1679 5896 ν·
1709 5861 1832 5935 Lt‘g.
1870 5862 2062 5930 ἔδοξεν.

2143 5867 2181 5898 ¹’
2217 5864 2274 5922 Υ.
2313 5869 2707 5938 συγχωρήσεια.

1498 2903 1576 2956 Ac
1624 2902 1791 2956 Deum
1824 2904 2040 2973 quidem
2077 2901 2259 2955 dicere
2291 2899 2793 2966 borumjauctorem
2862 2903 2945 2956 vel
3005 2912 3330 2969 creatorem,
3379 2918 3484 2957 non
3535 2901 3739 2955 audere
3797 2910 3948 2970 pote-

2454 3081 2610 3135 Ἀλλὰ
2666 3082 2766 3144 μὲν
2813 3081 2932 3133 οὐδὲ
2993 3083 3049 3145 ἐξ
3095 3082 3256 3136 αὐτοῦ
3313 3085 3410 3154 τὴν
3458 3085 3752 3136 ὑπόστασιν
3788 3082 3950 3153 ἔχειν,

2371 3175 2489 3227 οὐδὲ
2538 3173 2633 3243 τὴν
2681 3175 2770 3228 τού
2822 3172 2959 3229 εἶναι
3003 3176 3289 3230 σύστασιν·
3341 3176 3459 3240 πῶς
3503 3176 3609 3246 γὰρ
3642 3170 3753 3228 οἷόν
3797 3194 3852 3229 τε
3886 3171 3953 3246 ἦν

2372 3267 2541 3320 ταῦτα
2577 3268 2704 3337 περὶ
2752 3268 2842 3320 τοῦ
2879 3269 3010 3320 Θεοῦ
3063 3271 3292 3333 ἐννοεῖν;
3334 3268 3391 3321 'U
3438 3269 3535 3338 μὲν
3574 3268 3680 3337 γὰρ
3727 3268 3952 3336 ἀγαθὸς,

2374 3360 2467 3412 καὶ
2513 3360 2619 3412 τῶν
2654 3364 2978 3430 κρειττόνων
3013 3359 3257 3429 ποιητὴς,
3295 3359 3402 3411 τῶν
3441 3359 3496 3411 δὲ
3544 3357 3762 3426 φαύλων
3808 3359 3955 3427 αὐτῷ

2376 3454 2660 3523 πρόσεστιν
2686 3454 2837 3506 οὐδέν
2858 3471 2869 3482 ·
2901 3453 3012 3506 ἀλλ’
3041 3453 3158 3505 οὐδὲ
3198 3455 3305 3516 τοῖς
3334 3451 3588 3515 τοιούτοις
3623 3453 3834 3522 χαίρειν
3870 3454 3954 3504 πέ-

2375 3563 2563 3614 φυκεν,
2601 3544 2932 3616 ἀπαγορεύει
2976 3543 3030 3596 δὲ
3084 3543 3176 3595 καὶ
3230 3542 3326 3612 τὴν
3368 3542 3579 3609 γένεσιν
3613 3541 3822 3595 αύτῶψ
3863 3544 3953 3594 καὶ

2376 3639 2498 3701 τοὺς
2537 3639 2633 3706 μὲν
2681 3638 2965 3707 χαίροντας
3017 3634 3223 3695 τούτοις
3269 3633 3665 3696 ἀποδὰλλεται,
3727 3635 3851 3698 τοὺς
3899 3634 3953 3687 δὲ

2376 3730 2670 3798 φεύγοντας
2720 3729 2857 3781 αὐτὰ
2900 3728 3201 3798 προσίεται.
3258 3725 3367 3777 Καὶ
3429 3723 3542 3788 πῶς
3600 3726 3698 3777 οὐκ
3757 3727 3954 3779 ἄτοπον

2373 3823 2465 3873 τὸν
2495 3821 2625 3873 Θεὸν
2659 3818 2858 3872 τούτων
2901 3817 3076 3886 λέγειν
3122 3816 3471 3888 δημιουργὸν,
3499 3817 3586 3868 τὸν
3620 3815 3791 3871 ταῦτα
3817 3833 3954 3888 παρ-

2375 3911 2722 3981 αιτούμενον;
2795 3908 2926 3961 Ούδὲ
2961 3909 3064 3978 γὰρ
3092 3906 3157 3960 ἂν
3191 3906 3437 3960 ἐϐούλετο
3466 3907 3540 3977 μὴ
3577 3904 3712 3960 εἶναι
3762 3909 3950 3969 ταῦτα,

2376 4007 2420 4057 εξ
2461 4005 2673 4075 πρῶτος
2709 4001 2885 4056 αὐτῶν
2921 4001 3144 4070 ποιητὴς
3181 4000 3422 4070 ὑπῆρχεν
3461 4001 3638 4064 αὐτὰ.
3678 4002 3814 4066 Τοὺς
3851 4002 3955 4073 γὰρ

2376 4097 2697 4166 προσιόντας
2763 4093 2908 4163 αύτῴ
2977 4093 3218 4164 μιμητὰς
3275 4093 3424 4163 αὑτῷ
3479 4093 3731 4161 γενέσθαι
3793 4094 3951 4150 θέλει.

2379 4189 2536 4242 Ὅθεν
2563 4188 2754 4255 ἄλογον
2789 4187 2984 4251 ἔδειξεν
3019 4185 3060 4216 ’⁸
3089 4181 3225 4238 εἷναί
3273 4203 3381 4254 μοι,
3417 4185 3587 4238 ταῦτα
3623 4187 3954 4257 προσάπτειν

2376 4279 2540 4349 αύτῷ,
2578 4278 2608 4349 ἢ
2642 4279 2715 4342 ὡς
2745 4279 2804 4341 ἐξ
2836 4275 2998 4330 αὑτοῦ
3035 4275 3369 4345 γεγονότα,ῆ
3407 4276 3472 4341 (εἰ
3501 4275 3593 4328 καὶ
3627 4277 3693 4329 τὰ
3723 4277 3954 4346 μάλιστα

2380 4373 2752 4442 συγχωρήσειν
2785 4370 2826 4400 "
2852 4368 2910 4432 ἐξ
2949 4368 3046 4420 οὐκ
3088 4367 3256 4420 ὅντων
3289 4368 3508 4420 δυνατὸν
3548 4365 3685 4421 εἷναὶ
3725 4385 3774 4420 τι
3807 4371 3955 4437 γενέ-

2376 4464 2518 4534 σθαι)
2545 4465 2625 4516 δτι
2661 4462 2754 4514 καὶ
2803 4461 2870 4514 τὰ
2922 4459 3066 4514 κακὰ
3126 4460 3378 4531 ἐποίησεν
3411 4461 3592 4525 αὐτός.
3637 4462 3693 4515 Ὀ
3729 4461 3856 4532 γὰρ,
3894 4459 3956 4513 ἐκ

2374 4556 2466 4609 τοῦ
2502 4557 2599 4608 οὐκ
2626 4551 2784 4616 εἶναι,
2820 4555 2899 4617 εἰς
2943 4556 2986 4584 ²⁹
3026 4551 3084 4604 τὸ
3118 4546 3255 4604 εἶναι
3290 4551 3428 4605 αὐτὰ
3470 4555 3718 4622 ποιήσας,
3757 4555 3857 4605 οὐκ
3892 4552 3957 4605 ἂν

2377 4655 2439 4704 ἐκ
2467 4648 2558 4703 τοῦ
2593 4644 2729 4701 εἶναι
2764 4647 2948 4718 ἀνῄρει
2982 4645 3139 4697 πάλιν
3158 4661 3170 4673 ο
3198 4644 3230 4714 ἢ
3267 4645 3312 4696 εἰ
3337 4646 3491 4698 τοῦτο
3517 4647 3728 4715 ἀνάγκη
3755 4646 3953 4714 λέγειν,

2374 4744 2448 4806 ὼς
2477 4738 2544 4814 ἦν
2579 4758 2707 4794 ποτε
2737 4739 2946 4810 καιῴς,
2982 4741 3070 4791 ὅτε
3101 4742 3210 4803 τοῖς
3246 4742 3432 4802 κακοῖς
3475 4738 3689 4809 ἔχαιρεν
3722 4742 3749 4790 ὁ
3783 4741 3913 4802 Θεός
3939 4756 3953 4771 ο

2379 4835 2471 4888 νῦν
2497 4835 2572 4896 δὲ,
2608 4836 2744 4903 ὅπερ
2783 4833 3041 4886 ἀδύνατον
3079 4829 3219 4886 εἷναί
3268 4850 3355 4902 μοι
3392 4833 3555 4895 δοκεῖ,
3582 4830 3761 4899 λέγειν
3804 4834 3956 4885 τοῦτο

2379 4924 2505 4996 περὶ
2528 4924 2684 4988 Θεοῦ,
2711 4922 2975 4978 ἀνοίκειον
3005 4924 3046 4954 ’³
3074 4922 3235 4977 αύτοῦ
3262 4923 3356 4994 τῆς
3381 4922 3593 4990 φύσεως
3616 4921 3770 4977 τοῦτο
3801 4941 3964 4997 προσ·

2378 5018 2656 5089 αρμόζειν.

2445 5197 2645 5269 Διόπερ
2692 5196 2832 5260 ἔδοξέ
2882 5215 2968 5267 μοι
3021 5198 3381 5267 συνυπάρχειν
3427 5211 3483 5247 τε
3540 5193 3707 5262 αὐτῷ,
3756 5187 3801 5259 ᾧ
3835 5191 3952 5244 τού-

2376 5309 2512 5361 νομα
2546 5289 2680 5361 ὕλησ
2718 5289 2776 5354 ὲξ
2809 5284 2874 5359 ἦς
2901 5289 2968 5340 τὰ
3007 5289 3134 5341 ὄντα
3167 5287 3582 5358 ἐδημιούργησε,
3617 5286 3784 5358 τέχνῃ
3821 5286 3950 5352 σοφῇ

2375 5384 2676 5455 διακρίνας,
2714 5383 2807 5435 καὶ
2845 5383 3216 5451 διακοσμήσας
3265 5379 3477 5444 καλῶς,
3523 5379 3579 5444 ἐξ
3623 5374 3688 5448 ἧς
3744 5379 3839 5430 καὶ
3891 5378 3954 5429 τα

2377 5472 2522 5525 κακὰ
2563 5468 2700 5524 εἶναι
2743 5471 2919 5524 δοκεῖ’
2973 5472 3232 5541 ἁποιήτου
3272 5471 3377 5541 γὰρ
3414 5472 3508 5523 καὶ
3549 5469 3953 5540 ἀσχηματίστου

2377 5565 2434 5620 ού
2447 5583 2539 5636 σης
2564 5565 2751 5633 αὐτῆς,
2783 5563 2915 5633 πρὸς
2945 5562 2998 5613 δὲ
3021 5563 3223 5626 τούτοις
3246 5563 3336 5616 καὶ
3356 5564 3604 5624 ἀτάκτως
3626 5561 3951 5630 φερομένης,

2376 5658 2632 5728 δεομένης
2652 5672 2702 5707 τε
2727 5653 2824 5722 τῆς
2844 5653 2933 5707 τού
2952 5653 3083 5706 Θεοῦ
3106 5654 3314 5722 τέχνηςυ
3350 5654 3445 5706 οὐκ
3472 5652 3766 5722 ἐφθόνησεν
3783 5644 3953 5715 οὗτος,

2814 5867 2853 5898 ²⁶
2890 5864 2977 5922 Sic
3015 5865 3136 5922 cod.
3175 5864 3300 5935 lies.
3338 5865 3497 5920 21276.
3575 5864 3612 5895 “
3655 5862 3742 5918 Sic
3775 5858 3932 5920 Bodl.
