4230 6322
273 345 405 402 ίῖϐδ
1475 333 1654 388 FRAC
1663 329 1897 384 MENTA
1935 335 1943 376 4

1846 331 1897 382 Α
1935 326 2292 383 GNOSTICA.
3383 318 3516 371 1266

452 462 889 540 Fragmentum
921 457 1068 519 libri
1098 473 1277 516 χχιιι.
1307 489 1380 499 --
1411 454 1517 514 Ex
1548 451 1876 514 Clementis
1898 448 2318 509 Alexandrini
2339 448 2724 508 Slromatum
2760 441 2867 503 lib.
2895 460 2982 515 tv,
3015 457 3166 518 pag.
3195 440 3333 501 506.

334 582 647 652 Βασιλείδης
680 582 736 635 δὲ
771 583 828 634 ὲν
859 581 936 650 τῷ
971 578 1199 648 εἰκοστῷ
1232 577 1398 648 τρίτῳ
1431 578 1541 629 τῶν
1598 575 1840 643 Ἑξητη-
1871 581 1916 634 Α

1871 581 1916 634 Α
2015 573 2279 628 Basilides
2305 582 2486 625 autem
2530 572 2586 625 in
2629 569 2886 624 vicesimo
2919 567 3082 622 tertio
3116 566 3516 634 Exegeticorum

262 675 462 740 τικῶν,
500 677 629 744 περὶ
661 673 768 727 τῶν
817 672 954 725 κατὰ
986 672 1048 724 τὸ
1101 670 1396 741 μαρτύριον
1429 667 1804 738 κολαζομένων
1824 706 1837 728 ,

1941 669 2008 723 de
2037 669 2103 722 iis
2127 667 2217 736 qui
2245 666 2508 735 martyrio
2541 666 2867 734 puniuntur,
2919 663 3004 716 his
3051 661 3229 714 verbis
3283 660 3400 713 haec
3431 660 3517 711 di-

263 768 450 830 αὑταῖς
483 765 659 831 λέξεσι
692 765 816 818 τάδε
851 764 982 834 ἔχει·
1028 782 1046 812 ι
1070 763 1214 832 Φημὶ
1245 761 1354 832 γὰρ
1375 762 1454 824 τὸ,
1491 760 1673 814 ὁπόσοι
1709 760 1842 812 ὑπο-

1941 761 2012 815 cit
2047 779 2059 813 ε
2099 778 2116 810 ι
2147 759 2279 813 Dico
2303 759 2471 822 enim,
2502 755 3076 827 quicunqueinciduut
3107 755 3158 806 in
3195 753 3368 806 dictas
3385 749 3517 804 altli~

261 859 518 911 πίπτουσι
550 861 668 919 ταῖς
699 856 1018 925 λεγομέναις
1052 854 1294 923 θλίψεσιν
1321 894 1334 914 ,
1371 854 1490 922 ἦτοι
1527 850 1841 922 ἡμαρτηκό-

1942 850 2171 911 ctiones,
2203 847 2390 915 utique
2436 862 2561 900 cum
2618 845 2988 914 imprudentes
3033 845 3084 897 in
3141 843 3241 896 alia
3297 851 3513 910 peccatu

259 969 349 1014 τες
397 954 452 1003 ἐν
500 952 678 1014 ἄλλοις
741 950 1090 1012 λανθάνοντες
1142 947 1510 1016 πταίσμασιν,
1563 947 1641 1008 εἰς
1686 942 1843 995 τοῦτο

1842 973 1843 978 η
1945 940 2078 1006 lapsi
2109 938 2330 1003 fuerint,
2364 938 2430 990 ad
2465 938 2570 990 hoc
2616 937 2816 990 bonum
2852 935 3195 988 deducuntur
3217 974 3232 998 ,
3266 932 3512 1001 benigni-

259 1043 482 1108 ἄγονται
502 1043 562 1094 τὸ
582 1041 781 1110 ἀγαθὸν
801 1041 1124 1110 χρηστότητι
1146 1038 1239 1091 τοῦ
1261 1038 1613 1109 περιάγοντος
1632 1053 1645 1065 ’
1669 1034 1800 1088 ἄλλα
1824 1034 1839 1064 ⁸

1945 1042 2053 1084 tate
2088 1031 2205 1099 ejus
2229 1030 2318 1098 qui
2345 1029 2592 1082 adducit.
2625 1027 2731 1081 Sed
2762 1028 2984 1080 omnino
3013 1026 3171 1078 aliam
3195 1025 3268 1078 ob
3296 1040 3513 1078 causam

258 1131 317 1196 ἐξ
351 1130 526 1184 ἄλλων
561 1133 727 1194 ὅντως
763 1129 1143 1199 ἐγκαλούμενοι
1166 1169 1179 1190 ,
1229 1131 1315 1182 ἵνα
1355 1128 1426 1198 μὴ
1461 1127 1535 1191 ὡς
1563 1125 1841 1180 κατάδικοι

1945 1121 1996 1174 in
2026 1122 2114 1186 jus
2138 1129 2439 1183 vocantur,
2497 1137 2561 1173 ne
2608 1121 2884 1188 patiantur
2928 1129 2984 1170 ut
3017 1118 3226 1185 judicio
3272 1115 3514 1172 damnati

257 1221 354 1272 hci
401 1223 590 1284 κακοῖς
634 1219 1078 1290 ὁμολογουμένοις
1116 1219 1347 1272 πάθωσι·
1391 1218 1522 1287 μηδὲ
1572 1214 1843 1285 λοιδορού-

1942 1224 2162 1281 promer
2203 1227 2265 1266 ea
2305 1228 2424 1280 quae
2458 1213 2595 1266 mala
2640 1226 2759 1265 esse
2809 1222 3020 1264 certum
3073 1220 3193 1274 est;
3250 1219 3515 1277 nequeut

265 1328 415 1378 μενοι
451 1311 526 1375 ὡς
559 1311 587 1363 ὁ
625 1310 806 1381 μοιχὸς
840 1311 872 1382 ἢ
907 1313 935 1366 ὁ
983 1311 1175 1379 φονεὺς
1201 1351 1214 1373 ,
1252 1309 1365 1362 ἀλλ’
1414 1309 1494 1360 ὅτι
1529 1305 1842 1377 Χριστιανοὶ

1944 1301 2087 1355 male
2124 1303 2404 1357 audientes
2431 1305 2655 1374 perinde
2686 1313 2850 1369 atque
2881 1302 3118 1367 adulter,
3165 1302 3250 1355 vel
3281 1300 3513 1356 homici—

258 1401 583 1469 πεφυκότες·
607 1403 742 1473 ὅπερ
766 1401 960 1464 αὐτοὺς
985 1401 1380 1471 παρηγορήσει,
1410 1401 1429 1429 ²
1455 1399 1586 1469 μηδὲ
1611 1398 1844 1468 πάσχειν

1843 1428 1844 1432 η
1944 1393 2032 1458 da,
2071 1393 2163 1448 sed
2191 1396 2334 1463 quod
2363 1397 2679 1449 sintnatura
2713 1395 3012 1449 Christiani
3059 1413 3072 1448 :
3125 1396 3263 1464 quod
3298 1396 3513 1465 quidem

255 1491 452 1546 δοκεῖν.
487 1493 609 1546 Κᾶν
646 1495 719 1563 μὴ
767 1493 1102 1564 ἡμαρτηκὼς
1134 1493 1178 1546 δ’
1215 1494 1351 1555 ὅλως
1383 1510 1470 1555 τις
1522 1494 1613 1544 ἐπὶ
1644 1491 1704 1543 τὸ
1739 1510 1841 1544 πα-

1940 1500 2035 1539 eos
2067 1485 2137 1539 ita
2173 1489 2464 1552 recreabit,
2496 1500 2646 1543 utne
2697 1491 2985 1544 videantur
3025 1489 3243 1558 quidem
3287 1489 3418 1558 pati.
3455 1486 3511 1540 Si

254 1583 366 1635 θεῖν
415 1584 676 1656 γένηται,
735 1585 956 1637 σπάνιον
1009 1586 1104 1655 μὲν
1132 1626 1146 1646 ,
1203 1584 1314 1637 ἀλλ’
1364 1585 1482 1636 οὐδὲ
1515 1577 1669 1646 οὗτος
1721 1585 1838 1636 κατ’

1943 1591 2067 1630 vero
2097 1577 2147 1629 in
2179 1578 2438 1646 aliquem,
2466 1582 2558 1643 qui
2590 1580 2812 1635 omnino
2853 1597 2957 1634 non
3008 1583 3360 1650 peccaverit,
3389 1595 3512 1648 per-

254 1674 546 1744 ὲπιὸουλὴν
580 1676 859 1745 δυνάμεως
893 1693 943 1728 τι
980 1675 1245 1739 πείσεται,
1284 1674 1418 1728 ἀλλὰ
1454 1677 1730 1740 πείσεται,
1761 1676 1836 1738 ὡς

1940 1668 2217 1738 pessiones
2248 1670 2588 1737 incumbant,
2623 1675 2767 1743 quod
2795 1673 3016 1742 quidem
3053 1683 3135 1727 est
3160 1689 3343 1727 rarum
3371 1689 3386 1738 ;
3429 1680 3512 1726 tn-

255 1763 460 1834 ἕπασχε
489 1766 582 1818 καὶ
600 1766 660 1818 τὸ
701 1767 891 1836 νήπιον
924 1766 983 1816 τὸ
1027 1765 1214 1817 δοκοῦν
1259 1767 1355 1834 οὐχ
1391 1767 1786 1836 ἡμαρτηκέναι.
1813 1785 1831 1815 ›

1939 1775 2060 1812 men
2097 1775 2164 1813 ne
2214 1760 2260 1815 is
2289 1762 2510 1830 quidem
2559 1764 2761 1832 aliquid
2808 1765 3076 1834 patietur,
3129 1779 3195 1818 ex
3247 1765 3452 1833 paratis
3482 1778 3509 1815 a

253 1851 369 1906 Εἶθ’
404 1856 642 1920 ὑποϐὰς,
680 1857 837 1910 πάλιν
873 1856 1153 1927 ἐπιφέρει·
1196 1876 1212 1906 ι
1248 1859 1333 1929 Ὠς
1368 1853 1533 1910 οὖντὸ
1569 1859 1760 1928 νήπιον
1775 1859 1834 1910 οὐ
1869 1922 1904 1929 _

1869 1922 1904 1929 _
1941 1853 2258 1920 magistratu
2293 1853 2525 1917 insidiis,
2551 1856 2647 1908 sed
2670 1855 2906 1922 patietur
2935 1864 2993 1908 ut
3024 1869 3218 1923 passus
3245 1865 3330 1909 est
3356 1870 3509 1924 puer,

254 1949 704 2018 προημαρτηκὸς,
741 1949 771 2018 ἢ
800 1922 1049 2021 ἐνεργῶς⁷
1069 1950 1164 2018 μὲν
1189 1926 1289 2018 οὐχ
1315 1922 1632 2021 ἡμαρτηκὺς
1658 1950 1828 2016 οὐδὲν,
1867 1922 1908 1974 Β

1867 1922 1908 1974 Β
1939 1944 2030 2011 qui
2069 1944 2352 1998 videbatur
2375 1945 2506 1998 nihil
2528 1961 2842 2012 peccasse.»
2864 1922 3069 2000 Deinde
3101 1946 3258 2014 paulo
3285 1922 3511 2000 inferius

253 2038 310 2088 ὲν
346 2040 524 2108 ὲαυτῲ
696 2038 739 2110 ³]
774 2040 830 2092 δὲ
955 2040 1267 2109 ἁμαρτῆσαι
1308 2018 1464 2109 ἔχονλ,
1513 2018 1650 2092 ἐπὰν
1701 2043 1838 2093 ὑπο-

1938 2037 2212 2106 subjungit
2244 2055 2256 2090 :
2298 2055 2316 2088 ι
2364 2036 2518 2092 Sicut
2547 2053 2679 2108 ergo
2707 2053 2842 2108 puer
2867 2041 2960 2108 qui
2994 2045 3153 2093 antea
3185 2055 3287 2093 non
3313 2054 3508 2108 pecca-

252 2129 423 2200 ῶηθῇ
458 2130 536 2200 τῷ
569 2130 778 2195 παθεῖν,
817 2131 1181 2202 εὖεργετεϊταί
1214 2147 1274 2182 τε
1300 2173 1312 2194 ,
1352 2131 1520 2183 πολλὰ
1554 2132 1830 2203 κερδαῖνον

1936 2129 2036 2192 vit,
2071 2138 2162 2182 aut
2190 2136 2312 2184 actu
2341 2131 2556 2199 quidem
2585 2131 2722 2184 nihil
2749 2133 3015 2200 peccarit,
3049 2133 3144 2186 sed
3177 2133 3339 2186 habet
3369 2133 3419 2184 in
3450 2145 3511 2186 se

251 2218 502 2272 δύσκολα·
552 2221 749 2273 οὑτωσὶ
779 2220 844 2289 δὴ
866 2261 879 2283 ,
914 2219 1015 2273 κᾶν
1048 2219 1251 2281 τέλειος
1299 2217 1462 2288 μηδὲν
1494 2219 1833 2290 ἡμαρτηκὼς

1936 2220 2193 2288 peccandi
2226 2231 2573 2287 potestatem,
2609 2236 2733 2273 cum
2785 2222 2838 2274 in
2886 2223 3269 2290 perpessiones
3303 2222 3510 2277 incide-

253 2307 398 2379 ἔργῳ
423 2309 854 2381 τύχῃ,,πάσχῃδὲ
876 2310 966 2360 καὶ
987 2309 1154 2380 πάθῃ.
1170 2307 1332 2359 ταύτὸ
1356 2307 1551 2361 ἔπαθεν
1575 2307 1830 2379 ἐμφερῶς

1937 2311 2028 2374 rit,
2061 2309 2288 2364 aﬂicitur
2309 2313 2596 2379 beneﬁcio,
2617 2322 2672 2365 ut
2699 2313 2790 2381 qui
2823 2315 2989 2366 multa
3019 2315 3264 2368 lucretur
3295 2315 3461 2367 ardua
3489 2332 3502 2368 :

249 2400 328 2469 τῷ
360 2401 558 2471 νηπίῳ·
587 2400 723 2470 ἔχων
753 2400 848 2469 μὲν
875 2402 932 2452 ἐν
957 2400 1132 2470 ἐαυτῷ
1156 2400 1216 2452 τὸ
1243 2401 1635 2470 ἁμαρτητικὸν,
1664 2401 1830 2470 ἀφορ-

1936 2403 2011 2457 ita
2043 2404 2234 2475 etiam,
2259 2404 2302 2457 si
2333 2403 2610 2471 perfectus
2639 2421 2856 2475 quoque
2883 2407 2973 2474 qui
3021 2415 3146 2460 actu
3184 2406 3317 2460 nihil
3367 2408 3505 2460 forte

254 2491 358 2561 μὴν
391 2492 448 2544 δὲ
486 2492 622 2562 πρὸς
653 2491 711 2544 τὸ
743 2492 1118 2561 ἡμαρτηκέναι
1157 2493 1230 2561 μὴ
1266 2490 1444 2544 λαϐὼν
1465 2532 1479 2555 ,
1514 2492 1612 2561 οὐχ
1644 2493 1828 2562 ἡμάρ-

1935 2499 2265 2567 peccaverit,
2299 2501 2537 2566 patiatur
2567 2509 2615 2553 et
2664 2517 2854 2569 passus
2883 2501 3070 2565 luerit,
3098 2515 3292 2571 passus
3318 2511 3400 2555 est
3428 2503 3505 2556 si-

249 2599 426 2635 τανεν·
477 2583 604 2642 ὥστ’
651 2586 747 2654 οὐχ
779 2585 929 2653 αὐτῷ
963 2585 1023 2636 τὸ
1061 2585 1133 2655 μὴ
1169 2584 1483 2655 ἁμαρτῆσαι
1533 2584 1820 2652 λογιστέον.

1935 2587 2136 2641 militer
2165 2596 2324 2655 atque
2351 2605 2505 2657 puer;
2541 2590 2593 2643 in
2627 2605 2685 2644 se
2736 2592 2953 2659 quidem
3003 2592 3210 2653 habens
3246 2595 3502 2662 peccandi

263 2677 347 2738 Ὠς
391 2676 501 2746 γὰρ
547 2679 575 2727 ὁ
627 2676 908 2746 μοιχεῦσαι
956 2675 1122 2727 θέλων
1170 2677 1354 2746 μοιχός
1400 2676 1699 2759 ἐπῇ-κᾶν
1732 2675 1826 2729 τοῦ

1933 2689 2274 2748 potestatem,
2297 2691 2351 2736 et
2372 2691 2548 2736 tamen
2581 2699 2684 2736 nor.
2716 2695 2940 2752 accepta
2966 2685 3254 2739 occasione
3282 2699 3508 2754 peccan—

253 2766 534 2836 μοιχεῦσαι
574 2767 646 2838 μὴ
694 2766 924 2841 ἐπιτύχῃ
951 2809 963 2828 ,
1007 2768 1099 2820 καὶ
1132 2770 1158 2821 ὁ
1194 2770 1411 2838 ποιῆσαι
1463 2769 1620 2835 φόνον
1657 2769 1825 2821 θέλων

1934 2773 2005 2833 di.
2040 2788 2147 2827 non
2181 2776 2425 2841 peccavit
2461 2793 2472 2828 :
2505 2777 2640 2829 adeo
2667 2786 2725 2829 ut
2776 2777 2873 2847 ipsi
2925 2787 3206 2843 acceptum
3261 2779 3506 2836 referen-

249 2857 570 2927 ἀνδροφόνος
595 2859 733 2918 ἐστὶ,
764 2859 865 2910 κᾶν
898 2859 970 2927 μὴ
995 2858 1219 2928 δύνηται
1246 2858 1520 2926 φονεῦσαι·
1549 2861 1744 2911 οὑτωσὶ
1771 2861 1826 2912 δὲ

1933 2863 2058 2916 dum
2100 2880 2205 2918 non
2235 2867 2329 2928 sit,
2354 2869 2500 2936 quod
2532 2883 2637 2921 non
2675 2870 3006 2937 peccaverit.
3038 2871 3503 2937 Quemadmodum

250 2950 340 3000 καὶ
370 2949 462 3000 τὸν
486 2951 861 3020 ἀναμάρτητον
885 2950 941 3001 ὃν
975 2949 1134 3017 λέγω,
1175 2949 1266 3002 ὲὰν
1290 2949 1381 3001 ἴδω
1405 2952 1697 3019 πάσχοντα,
1725 2949 1826 3004 κᾶν

1932 2955 2074 3007 enin:
2106 2956 2194 3022 qui
2232 2957 2342 3009 vult
2388 2957 2714 3012 adulterium
2749 2961 3076 3028 admittere,
3133 2971 3217 3016 est
3262 2962 3499 3030 adulter,

251 3039 415 3109 μηδὲν
499 3039 664 3091 κακὸν
691 3039 1006 3110 πεπραχὼς,
1036 3041 1204 3092 κακὸν
1231 3041 1342 3111 ὲρώ
1360 3041 1436 3111 τῷ
1458 3041 1627 3093 θέλειν
1654 3044 1827 3113 ἁμαρ-

1931 3043 2141 3096 etiamsi
2178 3061 2284 3098 non
2318 3054 2688 3114 consequatur
2715 3049 2960 3114 ellectus;
3001 3059 3053 3105 et
3079 3049 3243 3121 350
3267 3053 3357 3121 qui
3389 3053 3505 3106 vult

247 3130 446 3181 τανειν.
476 3129 638 3180 Πάντ’
667 3128 776 3198 ἐρῶ
809 3129 918 3199 γὰρ
955 3128 1171 3198 μᾶλλον,
1206 3129 1237 3197 ἢ
1273 3130 1439 3180 κακὸν
1478 3129 1538 3180 τὸ
1580 3134 1824 3200 προνοεῖν

1931 3135 2131 3186 caedem
2160 3135 2358 3199 facere,
2394 3138 2689 3205 homicida,
2721 3141 2934 3194 etiamsi
2979 3158 3086 3196 non
3135 3144 3309 3211 possit
3349 3145 3494 3199 occi-

248 3219 376 3287 ὲρῶ.
409 3238 426 3268 ι
471 3215 585 3271 Εἶθ’
621 3218 858 3281 ὑποϐὰς,
897 3222 983 3271 καὶ
1002 3221 1128 3290 περὶ
1162 3218 1254 3271 τοῦ
1290 3219 1495 3288 Κυρίου
1539 3219 1819 3291 ἄντικρυς,
1851 3277 1890 3300 ρ

1851 3277 1890 3300 ρ
1932 3223 2058 3276 dere
2093 3242 2106 3276 :
2147 3225 2221 3277 ita
2255 3226 2418 3278 etiam
2445 3241 2568 3280 eum
2600 3243 2760 3296 quem
2793 3232 2917 3285 dico
2950 3247 3057 3285 non
3105 3247 3364 3300 peccasse
3388 3274 3403 3298 ,
3451 3237 3497 3290 si

246 3311 319 3374 ὼς
354 3313 482 3381 περὶ
518 3309 796 3381 ἀνθρώπου
830 3311 995 3378 λέγει’
1029 3330 1046 3361 ι
1085 3310 1209 3364 Ἐὰν
1247 3310 1425 3380 μέντοι
1449 3352 1464 3373 ,
1502 3313 1822 3382 παραλιπὼν
1850 3277 1892 3331 C

2318 3277 2345 3278 η
2388 3277 2415 3278 η
2607 3277 2760 3296 ιη---
2796 3277 2913 3285 -.η
2950 3277 3057 3285 -.--.
3121 3277 3403 3298 .-νυ-νη,
3451 3277 3495 3290 ...

1850 3277 1892 3331 C
1926 3313 2109 3365 videro
2159 3314 2438 3382 quidpiam
2478 3315 2628 3381 pati,
2675 3317 2891 3371 etiamsi
2926 3320 3059 3371 nihil
3105 3277 3238 3372 lmali
3286 3321 3495 3386 lecerit,

245 3399 465 3462 τούτους
498 3401 742 3462 ἅπαντας
777 3402 898 3463 τοὺς
926 3400 1134 3466 λόγους,
1162 3401 1319 3472 ἔλθῃς
1354 3403 1444 3453 ἐπὶ
1469 3403 1528 3454 τὸ
1553 3404 1820 3456 δυσωπεῖν

1927 3403 2123 3454 malum
2154 3405 2351 3468 dicam,
2389 3421 2453 3460 eo
2484 3407 2625 3474 quod
2659 3407 2788 3461 velit
2825 3424 3076 3477 peccare.
3103 3410 3327 3476 Quidvis
3353 3414 3496 3466 enim

249 3505 335 3556 με,
371 3490 460 3541 διὰ
496 3490 800 3559 προσώπων
833 3490 1012 3551 τινῶν,
1050 3493 1097 3542 εἰ
1126 3491 1296 3560 τύχοι,
1337 3491 1530 3558 λέγων’
1586 3495 1643 3545 '0
1675 3493 1820 3545 δεῖνα

1921 3490 2095 3543 dicam
2131 3494 2326 3560 potius,
2355 3511 2518 3563 quam
2557 3496 2751 3548 malum
2784 3498 3210 3566 providentiam.
3242 3519 3260 3551 ›
3296 3500 3497 3554 Deinde

244 3576 334 3631 οὖν
367 3580 634 3648 ἥμαρτεν,
669 3579 837 3632 ἔπαθε
872 3579 979 3649 γὰρ
1007 3580 1034 3630 ὁ
1058 3581 1222 3632 δεῖνα·
1251 3579 1342 3631 ἐὰν
1375 3583 1469 3650 μὲν
1496 3582 1817 3652 ἐπιτρέπῃς,

1924 3583 2169 3647 inferius,
2206 3597 2392 3653 aperte
2439 3602 2654 3656 quoque
2701 3592 2765 3642 de
2802 3590 3028 3644 Domino
3075 3592 3205 3645 dicit
3237 3602 3491 3661 tauquam

245 3670 372 3739 ἐρῶ·
413 3672 524 3739 Οὐχ
558 3671 770 3740 ἥμαρτε
799 3672 915 3739 μὲν,
941 3672 1121 3741 ὅμοιος
1147 3672 1201 3724 δὲ
1227 3669 1292 3743 ἦν
1316 3672 1394 3742 τῷ
1428 3672 1689 3740 πάσχοντι
1723 3691 1818 3744 νη-

1923 3675 1987 3728 de
2029 3677 2247 3733 homine
2276 3700 2287 3732 ;
2321 3699 2338 3728 ι
2368 3679 2461 3734 Sin
2493 3691 2672 3734 autem
2709 3682 2791 3735 his
2834 3684 3083 3737 omnibus
3115 3688 3398 3754 prmtermi.
3422 3688 3494 3739 sis

245 3762 372 3827 πίῳ.
412 3761 472 3811 Εἰ
525 3762 704 3829 μέντοι
757 3763 1107 3832 σφοδρότερον
1153 3765 1434 3816 ἐκϐιάσαιο
1481 3765 1573 3816 τὸν
1618 3765 1812 3832 λόγον,

1921 3768 2138 3821 veno-ris
2167 3779 2224 3821 ut
2255 3786 2341 3824 me
2372 3773 2576 3839 pudore
2608 3773 2910 3828 confundas
2936 3815 2950 3841 ,
2999 3779 3279 3832 adducens
3313 3790 3495 3832 certas

245 3852 371 3922 ἐρῶ,
411 3852 712 3921 ἄνθρωπον,
743 3853 900 3905 ὅντιν’
929 3853 994 3907 ἂν
1027 3854 1317 3927 ὀνομάσῃς,
1346 3856 1628 3925 ἄνθρωπον
1653 3854 1813 3920 εἶναι,

1924 3875 2200 3926 personas,
2241 3864 2388 3917 verbi
2418 3880 2584 3918 causa
2617 3883 2629 3918 :
2665 3866 2762 3920 Hie
2784 3882 2912 3937 ergo
2943 3873 3204 3937 peccavit.
3237 3872 3324 3925 hic
3350 3871 3493 3924 enim

245 3941 448 3996 δίκαιον
482 3943 537 3994 δὲ
570 3943 660 3994 τὸν
693 3943 822 3995 Θεόν
846 3949 858 3973 ³
896 3946 1163 4013 Καθαρὸς
1208 3947 1315 4016 γὰρ
1357 3947 1587 4013 οὐδεὶς,
1628 3948 1816 4020 ὥσπερ

1923 3964 2007 4005 est
2037 3968 2254 4020 pasws;
2292 3959 2336 4011 si
2371 3961 2657 4027 permittas
2684 3962 2927 4028 quidem,
2957 3964 3132 4017 dicam
3166 3981 3180 4016 :
3220 3963 3334 4016 Non
3363 3981 3491 4032 pec-

239 4029 362 4087 εἶπὲ
389 4051 492 4095 τις,
527 4034 644 4087 ἀπὸ
668 4035 887 4101 ῥύπου.
936 4053 952 4084 ι

1925 4044 2066 4099 cavit
2095 4049 2334 4116 quidem,
2370 4054 2463 4106 sed
2495 4063 2611 4106 erat
2641 4055 2835 4106 similis
2865 4071 3034 4123 puero
3062 4095 3075 4117 ,
3109 4056 3201 4124 qui
3249 4057 3493 4123 patieba-

243 4133 349 4178 tur.
383 4127 492 4180 Sed
516 4127 562 4179 si
592 4127 966 4180 vehementius
997 4142 1212 4196 urgeas,
1260 4129 1481 4196 dicam,
1520 4146 1898 4203 quemcunque
1945 4138 2218 4193 hominem
2278 4143 2665 4210 uomiuaveris,
2696 4160 2818 4198 eum
2875 4163 2995 4201 esse
3046 4147 3350 4212 hominem,
3399 4147 3494 4213 ju-

242 4229 382 4275 stum
422 4231 602 4274 autem
643 4221 808 4274 Deum
851 4241 862 4275 :
903 4219 1098 4275 Nullus
1136 4225 1271 4276 enim
1294 4236 1365 4277 est
1404 4227 1630 4281 vitandus
1663 4267 1680 4291 ,
1711 4239 1772 4282 ut
1803 4231 1940 4284 dixit
1968 4234 2261 4302 quispiam,
2299 4254 2330 4289 a
2359 4239 2511 4291 sorde
2545 4239 2584 4292 ⁸.
2619 4259 2639 4292 s

238 4358 438 4422 Aliud
456 4359 759 4423 Basilidis
787 4365 1222 4442 fragmentum.
1247 4369 1460 4462 -ςἘατ
1486 4370 1986 4462 Οζζρςηίε.ζίό.“ν
2012 4378 2381 4462 comment.
2404 4382 2470 4442 in
2511 4384 2713 4462 Epist.
2747 4384 2822 4445 ad
2857 4385 3064 4458 Rom.,
3086 4402 3224 4461 cap.
3263 4404 3318 4458 γ,
3339 4396 3500 4447 (om-

1270 4448 1347 4506 ΙΙ
1380 4465 1525 4526 pag.
1553 4448 1691 4525 530,
1726 4452 1873 4513 edit.
1907 4455 2283 4518 Basileensis
2317 4461 2491 4521 1571.

311 4565 448 4634 Ego,
483 4565 657 4636 inquit
685 4565 960 4638 (Paulus),
989 4582 1238 4624 mortuus
1262 4588 1379 4625 sum
1412 4592 1424 4626 :
1465 4575 1630 4643 cmpit
1660 4575 1808 4628 enim
1845 4579 1887 4632 D
1917 4583 2051 4649 quit,
2085 4584 2390 4651 Apostolus,
2423 4588 2543 4655 quia
2571 4605 2663 4655 ego
2695 4589 2920 4641 vivebam
2955 4590 3068 4642 sine
3103 4589 3215 4658 lege
3243 4590 3489 4658 aliquau-

241 4659 368 4712 mihi
389 4660 505 4725 jam
537 4661 774 4729 reputari
801 4673 1104 4729 peceatum.
1138 4665 1246 4719 Sed
1271 4665 1384 4720 lure
1415 4667 1675 4722 Basilides
1703 4683 1808 4722 non
1913 4678 1979 4730 do
2011 4689 2029 4726 :
2061 4679 2158 4730 hoc
2188 4691 2287 4742 est,
2319 4691 2598 4749 antequam
2627 4683 2677 4732 in
2723 4681 2864 4732 istud
2896 4698 3084 4748 corpus
3117 4683 3341 4745 venirem
3369 4723 3383 4745 ,
3435 4684 3489 4732 iu

242 4751 530 4806 advertens
551 4753 626 4806 de
655 4753 770 4820 lege
797 4756 1266 4837 naturali'dehere
1297 4760 1553 4830 intelligi,
1583 4762 1648 4814 ad
1691 4763 1809 4816 iue-
1912 4783 2023 4819 eam
2067 4771 2287 4832 speciem
2325 4773 2560 4838 corporis
2592 4773 2719 4835 vixi,
2773 4789 2883 4838 qua:
2925 4774 3017 4825 sub
3047 4773 3156 4841 lege
3199 4791 3300 4825 nou
3333 4790 3487 4835 esset,

241 4855 355 4913 ptas
396 4857 452 4900 et
481 4845 678 4914 impias
703 4846 913 4900 fabulas
937 4863 1245 4902 sermonem
1297 4854 1651 4919 apostolicum
1696 4863 1808 4906 tra-
1911 4862 2124 4925 pecudis
2152 4862 2375 4925 scilicet,
2402 4862 2478 4915 vel
2509 4864 2639 4918 avis.
2685 4863 2791 4917 Sed
2836 4880 2944 4916 non
2997 4865 3232 4932 respexit
3282 4867 3344 4916 ad
3393 4867 3485 4931 id,

244 4936 336 4999 xit,
369 4937 421 4990 in
451 4937 872 5008 Pythagoricum
902 4941 1096 5009 dogma
1131 4959 1144 4994 :
1177 4943 1229 4995 id
1255 4954 1370 5005 est.
1424 4947 1566 5013 quod
1612 4946 1810 4998 anima:
1912 4952 2052 5018 quod
2082 4954 2352 5021 sequitur,
2379 4953 2428 5006 id
2451 4965 2535 5009 est
2564 4972 2576 5009 :
2610 4952 2712 5008 Sed
2747 4956 2832 5007 ubi
2857 4957 2989 5010 venit
3019 4958 3347 5023 mandatum,
3377 4952 3496 5028 πίεσ-

245 5029 291 5079 in
324 5028 426 5081 alia
475 5040 638 5097 atque
665 5029 768 5082 alia
816 5045 1045 5096 corpora
1103 5032 1550 5086 trunsfuudantur
1587 5050 1650 5087 ex
1706 5035 1809 5090 hoc
1911 5046 2302 5098 columnam;
2334 5046 2373 5110 ι,
2406 5055 2512 5101 εις,

243 5117 483 5186 Apostoli
530 5120 688 5172 dicto
726 5131 955 5174 conatur
1000 5131 1270 5176 astruere.
1332 5122 1482 5178 Dixit
1516 5128 1679 5190 enim,
1724 5129 1811 5180 iu-

1364 5335 1857 5399 FRAGMENTA
1904 5341 2344 5404 EPIPHANIS.

544 5444 651 5504 Ex
689 5443 798 5506 lib.
830 5449 918 5509 De
947 5448 1220 5527 justitia,
1253 5472 1353 5532 ap.
1385 5455 1752 5521 Clementem
1772 5461 1980 5536 Alex.,
2016 5463 2126 5524 lib.
2157 5483 2225 5524 tu
2258 5469 2569 5539 5tromat.,
2593 5483 2744 5544 pag.
2779 5467 2897 5527 1:28
2931 5475 2984 5525 et
3005 5485 3165 5545 seqq.

306 5565 458 5634 Λέγει
490 5561 641 5630 οὗτος
677 5570 735 5622 ἰν
759 5569 834 5639 τῷ
865 5571 1002 5638 Περὶ
1020 5572 1428 5647 δικαιοσύνης,
1464 5582 1559 5653 τὴν
1597 5583 1799 5636 δικαιο-⁴

1979 5586 2029 5640 is
2071 5586 2414 5656 (Epiphanes)
2443 5589 2572 5642 dicit
2603 5590 2654 5642 iu
2687 5590 2823 5642 libro
2852 5588 2927 5642 De
2953 5590 3188 5657 justitiu,
3218 5589 3486 5657 justitiat‘u

310 5703 508 5776 ‘Lege,
527 5707 686 5763 ἀλλά.
768 5712 787 5741 ²
816 5709 985 5776 Adde,
1017 5713 1174 5767 ὥστε.
1253 5717 1270 5747 ³
1303 5717 1425 5773 Dele
1460 5721 1598 5776 hunc
1626 5721 1932 5777 articulum.

1587 5737 1598 5776 :
1626 5721 1932 5777 articulum.
2010 5723 2030 5753 ⁸
2060 5722 2160 5779 Job
2193 5740 2300 5789 xlv,
2331 5724 2384 5784 ι,
2413 5725 2561 5794 ⁸Ῑιιιιιιι
2596 5725 2753 5780 LXX.
2832 5729 2850 5758 ⁵
2886 5727 3041 5782 Ιὶυιιι.
3079 5745 3172 5794 vn,
3205 5729 3257 5786 9.
