4230 6322
757 437 886 493 i271

1678 430 2018 485 APPENDIX
2058 429 2146 482 AD
2187 426 2493 495 ριῑιδριρε
2533 425 2783 479 ΙίἰΕΝᾹΞΙ
2823 424 3086 478 HBBOS.

3865 417 3998 472 1272

3901 441 4002 472 Ζιὶ

753 555 998 623 quaedam
1050 549 1214 604 fuisse
1272 546 1573 617 signiﬁcata
1630 545 1857 606 Sorrati,
1911 546 2156 600 daemone
2197 560 2318 598 eum
2352 552 2397 604 Α

2352 552 2397 604 Α
2429 540 2698 612 μηνῦσθαί
2727 557 2848 592 τινα
2879 538 2957 606 τῷ
2988 536 3286 609 Σωκράτει,
3340 534 3714 606 παρεπομένου
3752 532 4000 602 δαίμονος

750 646 1068 701 comitante.
1099 641 1240 694 Dicit
1272 641 1435 692 etiam
1472 637 1812 702 Aristoteles,
1847 651 2038 690 omnes
2069 638 2318 690 homines

751 737 829 788 ttti
856 732 1211 793 daemonibus,
1235 730 1327 799 qui
1356 743 1451 782 eos
1490 727 1825 781 c0mitantur
1853 743 1917 780 ex
1948 746 2013 780 cu
2055 741 2312 794 tempore,

751 839 863 893 quo
893 825 1124 876 induunt
1148 827 1368 889 'corpus.
1402 820 1576 886 Quam
1616 834 1737 871 cum
1775 833 1802 869 a
1834 817 2119 886 prophetis
2155 830 2314 869 acce-

748 918 918 985 pisset
949 915 1273 976 doctrinam,
1308 924 1360 966 et
1398 912 1449 964 itt
1487 927 1616 964 suos
1644 910 1921 963 retulisset
1953 908 2118 962 libros
2142 949 2156 973 ,
2211 924 2314 961 non

752 1015 932 1057 tamen
962 1006 1101 1058 unde
1130 1005 1434 1070 accepisset
1486 1015 1606 1055 cam
1665 999 1974 1053 confitetur.
2029 998 2093 1050 Et
2129 1013 2317 1050 rursus

751 1096 801 1148 in
840 1095 1081 1151 secundo
1114 1094 1354 1163 ejusdem
1384 1093 1567 1161 operis
1618 1090 1809 1145 scribit
1850 1106 1866 1141 ;
1902 1087 2011 1142 Nec
2041 1087 2317 1142 existimet

750 1183 966 1254 aliquis,
1023 1183 1165 1250 quod
1213 1181 1446 1235 dicimus
1498 1181 1776 1249 proprium
1823 1193 1945 1233 esse
1993 1176 2314 1241 electorum,

751 1277 855 1328 hoc
903 1273 1071 1328 fuisse
1121 1273 1439 1342 praedictum
1507 1271 1579 1325 ab
1637 1270 1907 1338 aliquibus
1959 1267 2312 1339 philosophis.

749 1363 859 1418 Nec
911 1364 1055 1416 enim
1113 1365 1217 1418 hoc
1267 1376 1454 1416 eorum
1504 1371 1588 1416 est
1654 1361 1977 1423 inventum;
2033 1359 2128 1412 sed
2193 1374 2314 1412 cum

749 1455 1106 1526 sumpsissent
1137 1470 1166 1509 a
1194 1453 1493 1523 prophetis,
1529 1454 1578 1505 id
1608 1453 1919 1505 tribuerunt
1954 1449 2003 1502 ei
2031 1464 2190 1520 quem
2225 1466 2315 1503 sa-

748 1548 982 1614 pientem
1011 1562 1115 1600 non
1147 1545 1487 1599 existimant.
1524 1543 1588 1597 Et
1620 1557 1807 1612 rursus
1839 1542 1890 1594 in
1916 1542 2108 1596 eodem
2139 1557 2159 1595 ι
2185 1538 2313 1594 Mihi

747 1639 965 1706 quidem
1001 1639 1241 1702 videtur,
1265 1647 1319 1689 ut
1348 1637 1381 1690 ii
1417 1636 1510 1705 qui
1546 1635 1645 1688 sibi
1677 1633 2080 1703 philosophiam
2136 1631 2312 1685 vindi-

746 1729 1133 1795 eant,diseant
1161 1728 1290 1797 quid
1320 1728 1390 1782 sit
1421 1742 1655 1797 quercus
1703 1726 1869 1786 alata.
1924 1737 1978 1780 et
2021 1724 2316 1780 versicolor

744 1822 863 1889 ejus
887 1820 1127 1892 pallium,
1180 1832 1236 1876 et
1274 1820 1453 1874 omnia
1499 1834 1840 1883 quaecunque
1875 1818 2216 1887 Pherecydes
2250 1818 2315 1871 de

2428 635 2601 705 αὐτῷ·
2645 633 2738 685 καὶ
2784 629 3158 700 Ἀριστοτέλης
3190 627 3408 697 δαίμοσι
3447 627 3743 698 κεχρῆσθαι
3795 627 3999 689 πάντας

2426 727 2747 794 ἀνθρώπους
2788 722 2957 789 λέγει,
3015 721 3442 792 συνομαρτοῦσιν
3487 720 3668 781 αὐτοῖς
3709 717 3857 788 παρὰ
3909 717 4002 770 τὸν

2425 821 2612 890 χρόνον
2657 820 2753 888 τῆς
2792 818 3246 888 ὲνσωματώσεως.
3292 814 3633 884 Προφητικὸν
3687 814 3842 866 τοῦτο
3898 813 3998 884 μά-

2425 910 2572 980 θημα
2607 909 2786 962 λαϐὼν
2823 909 2916 960 καὶ
2965 905 3334 976 καταθέμενος
3366 908 3444 967 εἰς
3476 905 3548 957 τὰ.
3567 905 3755 958 ἑαυτοῦ
3796 904 4002 974 βιϐλία,

2429 1003 2502 1073 μὴ
2543 1002 2878 1072 ὁμολογήσας
2918 998 3038 1052 ὅθεν
3078 997 3322 1066 ὑφείλετο
3341 997 3428 1049 τδν
3471 997 3625 1064 λόγον
3652 995 3856 1048 τοῦτον.
3888 998 4002 1050 Καὶ

2425 1092 2588 1147 πάλιν
2615 1092 2671 1143 ἐν
2705 1091 2782 1160 τῷ
2805 1090 3038 1161 δευτέρῳ
3067 1089 3163 1158 τῆς
3195 1089 3360 1158 αὐτῆς
3389 1087 3709 1153 συντάξεως,
3744 1081 3846 1141 ὧδέ
3882 1105 4000 1152 πως

2424 1186 2641 1255 γράφει·
2675 1185 2783 1236 Καὶ
2810 1184 2989 1253 μήτις
3013 1179 3228 1244 οἰέσθω,
3265 1180 3293 1232 ὃ
3341 1179 3518 1250 φαμὲν
3557 1180 3686 1232 ἴδιον
3723 1175 3859 1233 εἶναι
3890 1180 4007 1234 τῶν

2423 1275 2714 1339 ἐκλεκτῶν,
2763 1274 2920 1326 τοῦτο
2956 1273 3349 1344 προειρημένον
3398 1273 3660 1343 ὑπάρχειν
3695 1275 3797 1326 ὑπό
3837 1292 4010 1327 τινων

2423 1365 2745 1434 φιλοσόφων·
2769 1365 2830 1417 ού
2852 1363 2958 1435 γάρ
2988 1365 3131 1418 ἐστιν
3163 1364 3341 1417 αὐτῶν
3371 1363 3603 1435 εὕρημα·
3634 1365 3741 1417 τῶν
3770 1366 3826 1418 δὲ
3863 1383 3999 1436 προ-

2423 1457 2608 1529 φητῶν
2629 1457 3098 1528 σφετερισάμενοι,
3123 1456 3469 1528 προσέθηκαν
3493 1457 3569 1527 τῷ
3599 1458 3672 1527 μὴ
3700 1458 4007 1530 ὑπάρχοντιπ

2423 1552 2542 1603 κατ’
2588 1551 2783 1612 αὐτοὺς
2825 1547 2991 1619 σοφῷ.
3022 1546 3185 1612 Αὖθίς
3221 1566 3279 1601 τε
3315 1551 3371 1602 ἐν
3411 1549 3488 1620 τῷ
3524 1549 3690 1620 αὐτῷ’
3736 1552 3846 1603 Καὶ
3890 1550 4012 1623 γάρς

2425 1658 2516 1710 μοι
2546 1641 2694 1694 δοκεὲ
2713 1640 2843 1704 τοὺς
2869 1640 3364 1712 προσποιουμένους
3405 1641 3734 1711 φιλοσοφεῖν,
3766 1643 3856 1696 ἵνα
3887 1642 3998 1712 μά-

2422 1731 2555 1785 θωσι
2577 1733 2630 1785 τί
2660 1735 2806 1786 ἐστιν
2831 1732 2864 1802 ἡ
2894 1732 3196 1803 ὑπόπτερος
3223 1731 3479 1805 δρῦςῌ),
3516 1735 3609 1786 καὶ
3636 1732 3696 1786 τὸ
3734 1735 3822 1787 ἐπ’
3859 1734 4006 1804 αὐτῇ

2421 1823 2839 1894 πεποικιλμένον
2870 1825 3064 1894 φᾶροςι
3082 1823 3258 1878 πάντα
3285 1826 3385 1879 ὃσα
3432 1826 3738 1896 Φερεκύδης
3764 1825 4001 1896 ἀλληγο-

752 1913 912 1965 rebus
965 1911 1166 1965 divinis
1220 1912 1492 1965 disserens
1543 1912 1835 1975 allegorice
1897 1909 2056 1976 dixit,
2106 1922 2230 1978 quae
2281 1922 2422 1987 ea,

2343 1922 2391 1977 Β
2416 1918 2584 1987 ρήσας
2613 1916 2963 1987 ὲθεολόγησε,
3005 1916 3185 1970 λαϐὼν
3213 1917 3323 1971 ὰπδ
3355 1917 3454 1988 τῆς
3489 1915 3583 1971 τοῦ
3609 1917 3740 1988 Χὰμ
3783 1933 4001 1989 προφητ-

745 2000 935 2055 Cltatni
967 2002 1251 2071 praphetia-
1274 2002 1475 2056 hausit.

2421 2003 2605 2071 τείας.¹

1954 2091 2328 2147 YALENTINI
2367 2094 2813 2152 FRAGMENTA.

941 2187 1319 2263 Fragmenta
1361 2184 1768 2263 epistularum
1810 2182 2143 2255 Valentini,
2185 2205 2261 2244 ex
2286 2186 2618 2328 cgementi's
2647 2189 3070 2253 Alexandrini
3105 2193 3216 2255 tib.
3260 2213 3340 2255 ιη
3379 2198 3800 2265 Strumatum,

2084 2281 2230 2328 paa.
2259 2275 2333 2324 37
2406 2277 2458 2327 et
2490 2285 2654 2328 seaa.

2076 2281 2230 2342 pag.
2259 2275 2376 2328 375
2406 2277 2458 2327 et
2490 2285 2654 2347 seqq.

817 2363 1044 2418 Videtur
1095 2376 1276 2420 autem
1329 2364 1653 2420 Valentinus
1700 2380 1915 2433 quoque
1971 2367 2030 2420 in
2078 2367 2309 2434 quadam

744 2455 975 2520 epistola
1031 2457 1156 2510 talia
1203 2458 1449 2525 quaedam
1496 2465 1677 2510 mente
1727 2457 2173 2526 apprehendisse.
2219 2456 2312 2512 His

741 2546 886 2599 enim
915 2548 1088 2602 verbis
1108 2549 1295 2603 scribit
1325 2561 1339 2600 :
1371 2547 1434 2601 Et
1458 2547 1913 2616 quemadmodum
1959 2562 2022 2600 et
2061 2548 2149 2600 illo
2178 2547 2314 2614 plas-

745 2648 886 2693 mate
905 2650 1104 2694 metum
1130 2649 1494 2707 cotteeperttnt
1523 2639 1720 2708 angeli,
1739 2637 1954 2709 quando
1982 2637 2183 2706 majora
2203 2641 2313 2691 eluo

743 2741 928 2783 tutum
960 2740 1060 2790 est.
1089 2745 1252 2798 quam
1281 2746 1401 2797 qua:
1428 2728 1588 2800 353
1626 2729 1897 2784 creatioui
1923 2729 2310 2782 convenirent.

746 2821 969 2875 liberius
998 2823 1250 2890 loquendi
1281 2832 1498 2891 sumpta
1522 2823 1740 2886 liducia,
1796 2831 2018 2890 propter
2059 2836 2182 2874 eum
2218 2823 2308 2890 qui

744 2915 846 2981 ipsi
876 2914 1224 2968 invisibiliter
1251 2914 1475 2968 dederat
1508 2927 1690 2968 semen
1733 2928 1981 2981 supernae
2015 2915 2307 2967 essentiae:

744 3006 818 3057 ita
845 3006 1005 3058 etiam
1035 3006 1084 3058 in
1113 3009 1508 3060 mundanorum
1533 3006 1811 3058 hominum
1845 3007 2306 3074 generationibus,

743 3107 946 3150 metum
991 3097 1306 3150 auctoribus
1371 3097 1720 3151 incusserunt
1772 3111 1938 3166 Opera
2008 3099 2307 3160 hominum,

741 3187 920 3255 qualia
957 3199 1082 3241 sunt
1107 3199 1300 3242 statua:
1347 3202 1400 3241 et
1434 3188 1724 3257 imagines,
1755 3201 1807 3242 et
1841 3204 2312 3259 qttazcunqttetua-

743 3295 846 3332 nus
869 3278 1112 3332 elliciuttt
1141 3279 1193 3333 in
1223 3281 1440 3332 nomine
1475 3279 1585 3333 Dei.
1621 3277 1677 3331 In
1710 3282 1930 3333 nomine
1952 3280 2096 3334 enim
2130 3281 2308 3334 homi-

744 3370 830 3422 nis
861 3369 1122 3424 formatus
1150 3370 1345 3436 Adam,
1373 3371 1619 3424 timorem
1651 3373 1881 3439 praebuit
1933 3373 2312 3440 prmexsisten-

744 3465 815 3514 tis
853 3461 1115 3526 hominis,
1139 3471 1196 3514 ut
1237 3460 1326 3530 qui
1373 3462 1486 3530 ipse
1519 3471 1661 3515 esset
1711 3465 1760 3514 in
1815 3477 1882 3515 eo
1939 3463 2304 3526 constitutus;

745 3557 887 3608 unde
917 3557 1339 3623 obstupuerunt.
1372 3565 1427 3609 et
1450 3571 1585 3623 Opus
1617 3555 1725 3608 cito
1751 3555 2129 3608 aholeveruut.

2494 2369 2677 2420 Ἔοικε
2705 2368 2761 2421 δὲ
2785 2370 2878 2422 καὶ
2910 2370 3259 2437 Οὖαλεντϊνος
3281 2374 3337 2426 ἔν
3357 2391 3463 2428 τινι
3495 2374 3748 2445 ἐπιστολῇ
3771 2374 4007 2431 τοιαῦτά

2417 2475 2536 2510 τινα
2561 2461 2616 2512 ἐν
2646 2457 2722 2530 νῷ
2759 2459 2962 2513 λαϐών⁵
3007 2461 3196 2526 αὐταῖς
3242 2464 3351 2535 γὰρ
3388 2465 3588 2536 γράφει
3635 2466 3756 2528 ταῖς
3793 2465 3995 2532 λέξεσιο

2418 2550 2528 2603 Καὶ
2565 2551 2640 2614 ῶς
2690 2552 2985 2622 περίφοϐος
3058 2557 3100 2586 ι’
3140 2557 3226 2612 ἐπ’
3255 2557 3478 2616 ¹ἐκείνου
3519 2560 3614 2614 τοῦ
3679 2559 3997 2629 πλάαματος

2419 2643 2626 2715 ὑπῆρξε
2661 2651 2771 2710 τοῖς
2806 2647 3078 2715 ἀγγέλοις,
3129 2649 3218 2702 ὅτε
3274 2648 3497 2719 μείζονα
3553 2650 3852 2720 ἐφθέγξατο
3895 2651 4000 2722 τῆς

2418 2735 2686 2798 πλάσεως,
2714 2737 2798 2789 διὰ
2823 2738 2912 2789 τὸν
2942 2739 3188 2806 ἀοράτως
3216 2741 3274 2792 ὲν
3302 2740 3450 2810 αὑτῷ
3473 2741 3693 2813 σπέρμα
3727 2741 3995 2795 δεδωκότα

2417 2827 2514 2895 τῆς
2545 2826 2752 2879 ἄνωθεν
2770 2827 2975 2891 οὐσίας,
3003 2829 3095 2881 καὶ
3133 2832 3660 2902 παρρησιαζόμενον·
3712 2831 3854 2884 οὕτω
3899 2831 3996 2886 καὶ

2418 2913 2474 2964 ὲν
2496 2918 2614 2978 ταῖς
2637 2919 2849 2983 γενεαῖς
2881 2917 2991 2970 τῶν
3040 2919 3319 2989 κοσμικῶν
3356 2920 3682 2992 ἀνθρώπων,
3727 2920 3880 2989 φόϐοι
3924 2921 4001 2974 τὸ,

2417 3007 2552 3078 ἔργα
2577 3009 2683 3060 τῶν
2712 3008 3026 3080 ἀνθρώπων
3050 3014 3164 3074 τοῖς
3208 3012 3451 3068 ποιοῦσιν
3491 3013 3725 3081 ἐγένετο,
3768 3008 3880 3066 οἷον
3899 3013 3995 3067 ἀν-

2417 3100 2660 3171 δριάντες
2693 3101 2785 3152 καὶ
2811 3101 3038 3164 εἰκόνες,
3067 3103 3160 3154 καὶ
3182 3104 3409 3156 πάντων
3435 3104 3478 3136 ¹³
3506 3106 3562 3158 αἱ
3593 3107 3772 3174 χεῖρες
3807 3103 3993 3158 ἀνύου-

2418 3213 2502 3248 σιν
2546 3200 2621 3258 εἰς
2661 3198 2829 3266 ὄνομα
2867 3196 3024 3250 Θεοῦ.
3053 3197 3147 3258 Εἰς
3176 3196 3282 3267 γὰρ
3304 3198 3474 3267 ὃνομα
3518 3194 3806 3268 ἀνθρώπου
3858 3194 3996 3250 πλαι-

2417 3287 2564 3350 σθεὶς
2612 3287 2800 3356 Ἀδὰμ,
2851 3287 3012 3356 φόϐον
3062 3286 3333 3355 παρέσχεν
3376 3285 3633 3356 προόντος
3679 3285 3996 3358 ἀνθρώπου,

2417 3375 2491 3438 ὡς
2515 3375 2582 3447 δὴ
2605 3377 2767 3430 αὑτοῦ
2790 3377 2845 3430 ἐν
2876 3376 3023 3447 αύτῷ
3052 3376 3406 3440 καθεστῶτος,
3431 3379 3522 3431 καὶ
3549 3376 3995 3448 κατεπλάγησαν,

2417 3467 2508 3517 καὶ
2541 3468 2675 3537 ταχὺ
2700 3468 2759 3519 τὸ
2781 3467 2945 3539 ἔργον
2962 3469 3250 3539 ἠφάνισαν.

1678 3664 1783 3726 Ex
1822 3665 2045 3736 eodem,
2085 3664 2192 3726 lib.
2224 3683 2268 3724 ll
2299 3668 2704 3739 Stromatum,
2729 3683 2874 3744 pag.
2902 3667 3036 3727 It09.

815 3769 1121 3835 Quinetiam
1153 3767 1478 3823 Valentinus
1499 3767 1691 3822 scribit
1730 3768 1795 3821 ad
1825 3768 2037 3835 aliquos
2065 3770 2149 3822 his
2179 3783 2305 3822 ver-
2337 3775 2384 3835 ο

742 3861 827 3915 his
851 3864 916 3915 de
944 3861 1331 3929 appendicibus
1360 3860 1501 3914 :.Est
1532 3871 1710 3914 autem
1744 3875 1882 3912 unus
1913 3861 2086 3914 bonus
2107 3900 2123 3924 ,
2154 3860 2310 3927 cujus

743 3944 1090 4022 praesentiam
1122 3953 1340 4006 exhibet
1376 3966 1439 4005 ea
1470 3965 1590 4020 qua
1617 3953 1675 4003 iit
1707 3965 1803 4019 per
1842 3950 2037 4004 Filium
2079 3949 2318 4006 manile-‘

743 4043 929 4097 statio.
961 4043 1025 4097 Et
1048 4058 1145 4111 per
1169 4057 1291 4095 eum
1319 4043 1488 4096 solum
1519 4051 1716 4111 potest
1750 4058 1847 4097 cor
1873 4043 1986 4096 lieri
2018 4043 2309 4108 mundum,

743 4135 917 4199 .-jecto
943 4151 1010 4188 ex
1049 4137 1213 4189 corde
1254 4136 1397 4188 Omni
1446 4132 1682 4198 maligno
1712 4133 1927 4202 spiritu.
1962 4132 2114 4186 Multi
2161 4135 2307 4189 enim

744 4228 799 4278 in
836 4242 901 4281 eo
946 4227 1256 4281 habitantes
1291 4226 1545 4295 spiritus,
1583 4226 1633 4279 id
1665 4228 1923 4279 mundum
1954 4240 2076 4290 esse
2104 4241 2210 4280 non
2237 4226 2312 4279 si-

743 4328 902 4373 nunt.
958 4317 1343 4387 Unusquisque
1396 4327 1576 4371 autem
1626 4332 1812 4372 eorum
1871 4317 2087 4386 propria
2146 4315 2311 4371 eﬂicit

742 4425 935 4477 opera.
966 4425 1110 4480 saepe
1135 4425 1238 4464 non
1264 4409 1720 4463 convenientibus
1752 4408 2020 4462 insultans
2042 4408 2311 4478 cupidita-

742 4503 912 4558 tibus.
949 4505 1030 4560 Ac
1072 4505 1203 4558 mihi
1248 4505 1463 4574 quidem
1507 4503 1720 4556 videtur
1749 4517 1847 4557 cor
1874 4515 1980 4557 non
2012 4515 2132 4556 esse
2163 4503 2312 4556 absi-

746 4598 874 4652 mile
909 4597 1208 4652 diversorio
1235 4615 1249 4652 :
1283 4599 1423 4651 isttttl
1448 4596 1592 4649 enim
1619 4596 1933 4665 perforatur
1955 4605 2010 4648 et
2031 4594 2311 4659 effoditur,

741 4702 798 4745 et
826 4701 1066 4747 stercore
1087 4707 1230 4760 sarpe
1268 4691 1523 4760 repletur,
1555 4690 1862 4743 hominhus
1892 4688 2143 4743 indecore
2165 4688 2218 4742 in
2245 4703 2309 4742 eo

743 4785 1117 4849 manentibus,
1154 4794 1210 4838 et
1237 4783 1415 4837 locum
1443 4783 1576 4837 nihil
1609 4782 1834 4834 omnino
1869 4781 2219 4846 curantibus,
2253 4789 2312 4832 ut

740 4878 836 4943 qui
862 4876 932 4930 sit
962 4876 1191 4931 alienus.
1216 4875 1415 4930 Eodem
1451 4874 1607 4928 modo
1639 4891 1733 4928 cor
1777 4888 1997 4944 quoque
2021 4912 2036 4936 ,
2069 4872 2308 4940 quandiu

741 4968 893 5026 nulla
925 4967 1040 5036 ejus
1065 4983 1197 5021 cura
1224 4969 1452 5038 geritur,
1489 4976 1571 5022 est
1608 4967 1973 5026 itttnmttdtttn,
2013 4975 2068 5019 et
2107 4961 2309 5017 multo-

741 5073 866 5113 rum
910 5058 1214 5113 damonum
1260 5058 1654 5114 habitaculum.
1707 5055 1998 5125 Postquam
2043 5064 2222 5109 autem
2255 5052 2308 5107 id

2496 3769 2652 3822 Ἀλλὰ
2707 3768 2801 3822 καὶ
2843 3768 3212 3830 Οὐαλεντϊνος,
3244 3769 3380 3838 πρός
3425 3783 3573 3831 τινας
3623 3766 3952 3823 ἐπιστέλλων
3973 3805 3999 3834 ,

2417 3862 2605 3926 αὑταῖς
2639 3861 2815 3929 λέξεσι
2848 3860 3046 3930 γράφει
3082 3860 3208 3931 περὶ
3239 3858 3346 3912 τῶν
3379 3861 3868 3934 προσαρτημάτων·
3892 3855 3992 3925 Εἷς

2417 3952 2474 4006 δέ
2506 3955 2650 4005 ἐστιν
2673 3951 2894 4019 ἀγαθὸς,
2929 3944 2988 4005 οὗ
3024 3952 3303 4022 παρρησία
3348 3951 3412 4016 ιθ»,
3441 3950 3582 4022 ἡδιὰ
3613 3950 3706 4004 τοῦ
3738 3951 3868 4004 Υἱοῦ
3896 3968 3992 4020 φα-

2416 4045 2670 4115 νέρωσις.
2688 4045 2798 4096 Καὶ
2822 4043 2887 4096 δι’
2915 4042 3077 4096 αὐτοῦ
3109 4041 3269 4113 μόνου
3295 4041 3505 4095 δύναιτο
3532 4041 3596 4096 ἂν
3620 4043 3653 4112 ἡ
3675 4041 3868 4113 καρδία
3891 4058 3996 4095 κα-

2417 4135 2559 4206 θαρὰ
2586 4133 2856 4202 γενέσθαι,
2887 4136 3083 4199 παντὸς
3134 4133 3366 4204 πονηροῦ
3403 4134 3709 4204 πνεύματος
3753 4133 3989 4200 timeoq-

2419 4226 2584 4297 μένου
2640 4227 2739 4296 τῆς
2797 4228 3040 4297 καρδίας.
3098 4227 3276 4280 Πολλὰ
3330 4228 3440 4299 γὰρ
3487 4226 3796 4282 ἐνοικοῦντα
3848 4227 3987 4299 αὐτῇ

2419 4319 2702 4390 πνεύματα
2739 4321 2839 4372 οὐκ
2872 4321 2936 4389 ἑᾷ
2969 4318 3291 4391 καθαρεύειν
3311 4337 3323 4349 ·
3357 4321 3587 4374 ἕκαστον
3611 4319 3667 4373 δὲ
3696 4318 3876 4374 αὐτῶν
3915 4321 3992 4373 τὰ

2419 4410 2524 4463 ἴδια
2572 4411 2778 4464 ἐκτελεί
2826 4411 2996 4482 ἔργα,
3047 4411 3325 4481 πολλαχῶς
3363 4409 3748 4481 ἐνυϐριζόντων
3792 4409 3987 4464 ἐπιθυ-

2420 4502 2571 4572 μίαις
2602 4503 2664 4556 ού
2698 4502 3118 4574 προσηκούσαις.
3153 4503 3260 4556 Καί
3294 4519 3384 4574 μοι
3410 4503 3556 4556 δοκεί
3582 4501 3767 4574 ὅμοιόν
3792 4519 3844 4556 τι
3879 4502 3989 4556 nti-

2419 4614 2570 4668 σχειν
2598 4595 2675 4667 τῷ
2710 4596 3006 4667 πανδοκείῳ
3037 4599 3070 4666 ἡ
3101 4597 3314 4667 καρδίαο
3352 4597 3446 4650 καὶ⁵
3472 4596 3580 4665 γὰρ
3612 4597 3788 4648 ἐκεῖνο
3818 4612 3989 4649 κατα·-

2421 4686 2672 4756 τιτρᾶται
2720 4701 2775 4738 τε
2829 4687 2924 4738 καὶ
2964 4683 3276 4755 ὀρύττεται,
3339 4687 3434 4738 καὶ
3480 4684 3736 4751 πολλάκις
3776 4685 3985 4754 κόπρου

2417 4777 2758 4846 πίμπλαται,
2815 4775 3115 4847 ἀνθρώπων
3167 4775 3407 4843 ἀσελγῶς
3463 4776 3841 4846 ἐμμενόντων,
3890 4777 3986 4831 καὶ

2421 4870 2687 4941 μηδεμίαν
2722 4870 2974 4940 πρόνοιαν
3003 4868 3334 4939 ποιουμένων
3366 4868 3459 4922 τοῦ
3494 4869 3712 4941 χωρίου,
3730 4868 3982 4942 καθάπερ

2416 4960 2695 5033 ἀλλοτρίου
2719 4960 3074 5025 καθεστῶτος·
3105 4959 3193 5015 τὸν
3218 4961 3417 5030 τρόπον
3443 4960 3630 5014 τοῦτον
3655 4963 3749 5015 καὶ
3783 4963 3815 5033 ἡ
3850 4979 3983 5033 καρ-

2416 5055 2534 5119 δία,
2578 5056 2739 5126 μέχρι
2778 5055 2853 5128 μὴ
2889 5056 3138 5129 προνοίας
3175 5055 3453 5125 τυγχάνει,
3489 5054 3792 5124 ἀκάθαρτος
3820 5050 3978 5118 οὖσα,

742 5149 996 5204 inviserit
1025 5149 1116 5218 qui
1156 5149 1303 5204 solus
1335 5158 1423 5202 est
1467 5150 1641 5203 bonus
1681 5147 1871 5209 Pater,
1908 5148 2305 5201 sanctiﬁcatum
2340 5135 2384 5190 Ῐ)

2340 5135 2384 5190 Ῐ)
2415 5145 2625 5202 πολλῶν
2652 5143 2786 5201 οὖσα
2807 5147 3074 5218 δαιμόνων
3113 5147 3439 5218 οἰκητήριον.
3488 5146 3737 5201 Ἐπειδὰν
3769 5147 3824 5199 δὲ
3860 5148 3977 5200 ὲπι·

741 5249 844 5304 est,
873 5248 930 5292 et
964 5239 1081 5295 luce
1110 5238 1458 5305 resplendet:
1493 5247 1547 5292 ct
1589 5239 1667 5291 sic
1709 5238 1800 5304 qui
1849 5237 1956 5291 tale
1981 5252 2077 5291 cor
2108 5233 2304 5299 habet,

743 5333 938 5387 beatus
975 5341 1077 5396 est,
1103 5330 1360 5400 quoniam
1391 5329 1558 5385 Deum
1589 5330 1810 5384 videbit.

814 5541 856 5572 "
888 5539 1017 5610 Leg.
1047 5539 1283 5610 ὡσπερεὶ
1319 5540 1498 5610 φόϐος.

814 5655 1055 5731 (i)_0uid
1099 5658 1168 5712 sit
1189 5727 1199 5731 _
1219 5657 1713 5731 ὑπόπτερος-δρῦς,
1739 5658 1954 5731 quidve
2011 5659 2307 5731 symbolice

739 5728 1031 5791 signiticet.
1092 5727 1445 5795 peritioribus
1483 5727 1607 5780 aliis
1644 5728 1992 5782 divinandum
2035 5727 2302 5796 relinquo.

732 5797 975 5867 (lunjicit
1009 5796 1241 5849 Grahitts
1274 5798 1516 5866 Spicileg.
1550 5800 1782 5854 Im'relt'c.
1823 5816 1946 5852 διες.
1977 5815 2035 5860 tt,
2064 5815 2188 5867 pag.
2218 5800 2305 5862 68,

731 5880 834 5936 pro
869 5865 997 5941 δρῦς
1042 5867 1324 5938 legendum
1382 5865 1500 5924 esse
1548 5868 1736 5939 δρύοψ,
1789 5871 1901 5925 avis
1952 5865 2116 5940 genus
2153 5865 2306 5941 apud

2415 5237 2682 5307 σκέψηται
2727 5237 2893 5308 αὐτὴν
2937 5240 2964 5290 ὁ
3003 5237 3160 5308 μόνος
3207 5236 3407 5306 ἀγαθὸς
3446 5237 3652 5310 Πατὴρ,
3691 5238 3979 5309 ἡγίασται,

2414 5336 2508 5386 καὶ
2534 5335 2671 5399 φωτὶ
2710 5332 3018 5403 διαλάμπει·
3055 5335 3149 5386 καί
3181 5331 3322 5386 οὕτω
3365 5330 3726 5403 μακαρίζεται
3764 5333 3795 5387 ό
3842 5331 3977 5404 ἔχων

2411 5422 2513 5495 τὴν
2534 5421 2782 5494 τοιαύτην
2817 5422 3060 5492 καρδίαν,
3089 5423 3169 5476 ὅτι
3205 5421 3392 5491 ὄψεται
3413 5421 3503 5475 τὸν
3522 5422 3670 5476 Θεόν.

1577 5541 1619 5572 ¹³
1653 5540 1780 5611 Leg.
1816 5542 2015 5597 πάντα.
2091 5543 2132 5574 ’⁵
2158 5541 2289 5612 Leg.
2327 5544 2612 5611 παρουσία.

2413 5661 2828 5730 Aristophanem
2875 5663 2925 5716 in
2955 5663 3163 5714 Αυίὺιιι.
3219 5659 3326 5714 Sed
3375 5675 3563 5730 parum
3628 5657 3730 5716 lida
3768 5658 3976 5712 videtur

2413 5728 2747 5856 conjectqra.
2775 5733 3051 5802 Totusque
3081 5732 3167 5788 hic
3199 5731 3346 5787 locus
3372 5728 3475 5786 non
3502 5728 3792 5785 admodum
3817 5739 3976 5785 suum

2413 5817 2531 5858 esse
2570 5818 2636 5858 vn
2661 5812 2800 5860 etur.
