4230 6322
655 407 795 464 £275

1573 400 1910 457 APPENDIX
1956 397 2045 453 AD
2085 395 2398 466 QUINQUE
2441 393 2694 450 lilENA-Ll
2737 389 3002 447 LIBROS.

3772 386 3907 442 1276

653 522 863 576 volebat
889 537 905 587 ;
939 520 1025 576 ille
1053 535 1179 575 vero
1208 536 1313 575 non
1348 520 1559 576 destitit
1585 523 1856 590 persequi.
1888 531 2062 586 neque
2092 517 2225 571 iram
2258 523 2301 578 Α

2351 531 2476 580 few;
2510 515 2624 567 ἀλλ’
2656 514 2736 566 ὅτι
2767 512 3022 583 χωρήσας
3053 508 3136 559 ἐπ’
3175 506 3333 561 αὐτὸν
3363 506 3558 569 εὐθέως
3600 504 3789 558 ἔπαισε
3831 505 3908 575 τῷ

657 615 957 684 reprimere
1010 614 1200 668 voluit.
1253 614 1318 667 Et
1365 613 1495 682 quid
1539 614 1784 683 pluribus
1817 629 1952 682 opus
1982 612 2110 667 est?
2149 611 2214 664 ir-

655 721 822 761 ruens
849 707 902 761 in
939 705 1129 772 illum,
1183 707 1364 775 gladio
1394 707 1580 760 statim
1627 707 1897 775 percussit
1932 725 1944 759 :
1983 706 2073 760 ille
2103 718 2230 758 vero

651 800 882 868 supplex
925 799 1102 854 factus
1133 800 1385 870 proximo
1417 816 1518 855 suo
1551 816 1746 855 manus
1792 800 2070 870 supplices
2105 814 2231 869 pro-

655 891 937 956 tendebat,
989 907 1256 960 suamque
1297 900 1502 945 vestem
1529 890 1662 946 dare
1689 891 1942 944 volebat:
1979 892 2232 945 obsecra-

653 983 748 1034 bat
785 991 995 1036 tantum
1026 983 1193 1037 vitam
1221 983 1321 1038 sibi
1354 983 1700 1037 concederet.
1737 981 1934 1037 Verum
1973 981 2062 1036 ille
2096 981 2230 1036 iram

655 1087 762 1126 non
808 1072 1129 1144 frangebat,
1186 1089 1287 1128 nec
1332 1073 1712 1129 misericordia
1743 1074 2066 1143 tangebatur
2105 1087 2229 1145 erga

655 1175 947 1234 cognatum
977 1181 992 1221 :
1026 1181 1201 1237 neque
1225 1170 1464 1237 seipsum
1495 1167 1546 1221 in
1577 1167 1815 1237 imagine
1841 1166 1985 1220 illius
2014 1164 2234 1222 volebat

655 1259 1035 1328 contemplari,
1100 1259 1194 1314 sed
1251 1259 1395 1314 velut
1434 1259 1696 1314 immanis
1725 1257 1902 1314 bellua
1933 1257 2113 1328 gladio
2142 1258 2236 1313 de-

658 1349 965 1403 vorandum
995 1350 1451 1418 aggrediebatur:
1477 1349 1702 1419 jamque
1737 1365 1937 1420 corpus
1962 1350 2081 1418 ejus
2101 1366 2234 1406 con-

661 1438 826 1492 simili
866 1438 1100 1494 addebat
1120 1440 1348 1509 'corpori
1385 1459 1398 1495 :
1435 1448 1614 1495 tantus
1641 1450 1762 1495 erat
1786 1440 1939 1495 l‘nror
1982 1439 2122 1506 ejus.
2165 1440 2234 1496 At

657 1540 779 1583 erat
812 1531 901 1584 hic
933 1530 1117 1584 ridere
1157 1529 1309 1582 illum
1344 1532 1542 1600 injuste
1564 1545 1884 1601 Oppressum
1909 1570 1924 1596 ,
1961 1532 2103 1586 bunc
2132 1545 2230 1584 au-

661 1628 768 1672 tem
809 1621 1076 1689 reliquum
1113 1622 1465 1693 spoliantem,
1494 1632 1548 1676 et
1578 1639 1645 1678 ne
1677 1633 1820 1677 terra
1848 1624 2066 1693 quidem
2111 1638 2232 1678 cor-

659 1725 760 1778 pus
783 1711 1145 1780 operientem,
1176 1713 1268 1766 sed
1297 1712 1491 1766 vestitu
1515 1728 1614 1768 suo
1643 1715 1960 1769 undantem.
1989 1713 2068 1766 Ad
2095 1713 2231 1778 luce,

659 1802 893 1855 accessit
922 1811 976 1856 et
1006 1803 1166 1866 alius,
1202 1803 1289 1872 qui
1343 1817 1564 1858 uxorem
1597 1802 1762 1857 vicini
1797 1807 1880 1858 sui
1913 1804 2107 1857 fallere
2139 1819 2231 1858 vo-

661 1894 781 1955 luit,
807 1893 1003 1948 alienis
1030 1894 1319 1948 insidiatus
1353 1894 1554 1963 nuptiis
1583 1913 1595 1947 :
1632 1905 1685 1950 et
1716 1910 1866 1959 eum,
1896 1896 1963 1951 ad
2011 1895 2232 1966 illegiti-
2267 1886 2308 1941 Β

661 2001 810 2041 tnum
875 1994 1052 2038 torum
1115 1987 1476 2041 invadendum
1528 1989 1811 2053 hortatus,
1857 1990 1947 2058 qui
2002 2005 2226 2044 uxorem

659 2101 670 2129 ι
695 2090 910 2144 Inerat,
936 2090 994 2133 ut
1034 2081 1306 2148 legitimus
1329 2092 1480 2150 pater
1507 2082 1680 2147 ﬂeret,
1717 2083 1910 2138 noluit.
1935 2083 2232 2139 Enimvero

661 2172 789 2224 hinc
821 2171 1102 2239 tragoediis
1135 2171 1291 2225 [idem
1338 2173 1599 2228 adhibere
1635 2175 1774 2244 εωρὶ
1811 2190 1824 2227 ι
1854 2183 1907 2229 et
1953 2175 2057 2228 hoc
2101 2173 2228 2227 illud

660 2273 766 2324 cst,
802 2264 944 2316 unde
975 2261 1241 2316 adductus
1266 2278 1410 2325 sum,
1458 2273 1514 2317 ut
1565 2278 1690 2319 vere
1729 2275 1878 2335 gesta
1919 2265 2047 2318 mibi
2082 2265 2223 2319 vidc-

660 2367 870 2410 rentur.
898 2355 1071 2410 Credo
1105 2357 1267 2409 etiatn
1313 2356 1667 2411 temulentam
1709 2358 1975 2413 (Eunomai
2021 2357 2231 2425 cupidi-

659 2458 826 2502 tatem
859 2466 873 2502 :
907 2457 961 2502 et
982 2445 1208 2502 lratruni
1251 2448 1394 2502 inter
1419 2465 1476 2504 se
1503 2465 1635 2505 ense
1680 2436 2084 2506 contentionem
2125 2465 2229 2505 non

663 2540 1038 2594 incredibilem
1070 2550 1218 2610 puto.
1265 2541 1447 2610 itaque
1493 2555 1613 2597 eum
1664 2553 1742 2597 tot
1787 2559 1850 2600 ac
1899 2543 2083 2597 talium
2133 2557 2232 2609 ego

661 2639 937 2698 spectator
980 2646 1153 2685 essent
1198 2632 1390 2694 factus,
1430 2633 1568 2688 unde
1607 2635 1707 2688 ista
1757 2635 2038 2688 orirentur
2096 2633 2232 2694 ccepi

662 2719 969 2787 disquirere
999 2741 1011 2774 :
1046 2723 1211 2788 item,
1261 2725 1531 2791 quodnam
1587 2725 1916 2794 principium
1974 2724 2233 2778 motionis

2334 609 2494 677 ξίφειο
2541 609 2568 660 ό
2604 606 2658 659 δὲ
2691 605 2874 674 ἱκέτης
2898 599 2982 672 τῷ
3018 600 3242 671 πλησίον
3286 600 3499 668 ἐγένετο
3521 640 3534 663 ,
3579 601 3670 652 καὶ
3720 601 3906 669 χεῖρας

2335 699 2544 762 ἱκεσίας
2584 697 2794 770 ὤρεγε,
2840 697 2933 749 καὶ
2960 695 3059 766 τὴν
3093 694 3186 764 μὲν
3237 692 3442 762 ἐσθῆτα
3487 690 3684 744 διδόναι
3712 692 3868 763 ἤθελε
3891 733 3905 755 ,

2337 792 2495 862 μόνον
2521 791 2575 843 δέ
2599 791 2660 842 τὸ
2688 791 2784 860 ζῇν
2817 782 2963 858 ἔχειν’
2990 786 3160 854 ἠξίου·
3188 786 3214 838 ὀ
3233 784 3290 838 δὲ
3320 785 3418 837 οὐκ
3448 781 3706 854 ὲθραύετο
3741 784 3783 814 ¹⁶
3821 782 3908 835 τὸν

2334 883 2527 954 Θυμὺν,
2562 881 2681 935 οὐδὲ
2715 879 2864 951 ἠλέει
2886 879 2974 931 τὸν
3004 875 3266 948 ὁμογενῆ,
3298 875 3418 927 ούδέ
3467 875 3654 928 ἑαυτὸν
3686 873 3789 928 διὰ,
3810 876 3908 942 τῆς

2334 976 2540 1039 εἰκόνος
2575 973 2783 1027 ἐκείνου
2812 971 3031 1044 βλέπειν
3063 969 3252 1041 ἤθελεν
3273 1008 3286 1032 ,
3318 967 3430 1020 ἀλλ’
3458 966 3533 1031 ὡς
3579 968 3768 1038 ἄγριος
3807 968 3910 1038 Θὴρ

2332 1088 2410 1140 τῳ
2440 1069 2581 1137 ξίφει
2619 1067 2720 1137 τῆς
2749 1067 2911 1139 βορᾶς
2941 1063 3158 1137 ἧρχετο·
3192 1064 3292 1136 ήδη
3329 1065 3386 1116 δέ
3415 1063 3507 1116 καὶ
3541 1062 3601 1114 τὸ
3643 1062 3797 1133 σῶμα
3835 1062 3912 1130 τῷ

2334 1162 2503 1231 ὁμοίῳ
2534 1159 2839 1231 προσέφερε
2873 1156 3105 1229 σώματιο
3129 1155 3383 1218 τοσοῦτος
3412 1155 3518 1226 γὰρ
3546 1148 3612 1224 ἦν
3634 1153 3712 1223 τῷ
3735 1152 3908 1223 θυμῷ.

2335 1255 2445 1306 Καὶ
2479 1249 2545 1322 ἦν
2576 1252 2703 1305 ἰδεῖν
2733 1249 2824 1302 τὸν
2856 1249 2954 1320 μὲν
2978 1247 3329 1320 ἠδικημένον,
3364 1245 3455 1300 τὸν
3479 1245 3536 1298 δὲ
3570 1244 3754 1297 λοιπον
3779 1261 3911 1297 σκυ·

2335 1346 2576 1408 λεύοντα,
2611 1346 2705 1397 καὶ
2740 1342 2874 1414 μηδὲ
2901 1344 2971 1412 γῇ
3005 1340 3345 1405 σκεπάζοντα
3377 1340 3438 1392 τὺ
3470 1339 3646 1409 σῶμα·
3677 1337 3776 1407 τῆς
3805 1336 3914 1406 γάρ

2337 1438 2561 1508 ἐσθῆτος
2597 1435 2901 1506 ἐγύμνωσε.
2935 1435 3076 1504 Πρὸς
3116 1433 3173 1486 δέ
3201 1430 3431 1495 τούτοις,
3456 1430 3643 1502 ἕτερος
3663 1426 3911 1498 προσῄει,

2335 1531 2392 1594 ὃς
2422 1528 2514 1582 τοῦ
2542 1527 2767 1600 πλησίον
2792 1529 3022 1596 γυναῖκα
3044 1526 3263 1589 παίζειν
3303 1523 3482 1594 ἤθελε,
3510 1522 3784 1595 λῃστεύων
3818 1522 3916 1590 γά-

2341 1642 2438 1694 μον
2469 1624 2772 1693 ἀλλότριον·
2813 1621 2904 1672 καὶ
2950 1621 3036 1672 ἐπὶ
3090 1618 3396 1688 παράνομον
3427 1615 3612 1687 κοίτην
3644 1615 3918 1686 τραπῆναι

2339 1713 2637 1785 παρορμῶν
2667 1715 2752 1767 τδν
2775 1711 3148 1782 γεγαμηκότα,
3182 1711 3401 1780 γνήσιον
3427 1710 3632 1781 πατέρα
3668 1706 3918 1775 γενέσθαι

2341 1807 2414 1879 μὴ
2466 1806 2654 1860 Θέλων.
2722 1805 3001 1859 Ἐντεύοεν
3058 1806 3097 1836 ³⁷
3141 1805 3232 1857 καῖ
3279 1807 3398 1867 ταῖς
3451 1802 3777 1874 τραγῳδίαις
3831 1819 3920 1854 πι-

2339 1898 2547 1952 στεύειν
2583 1899 2852 1970 ἠρχόμην,
2887 1900 2978 1951 καὶ
3004 1896 3160 1950 τοῦτό
3186 1899 3319 1961 ἐστι,
3343 1897 3412 1950 δι’
3451 1890 3523 1950 ὧν
3556 1894 3772 1966 ἀληθῶς
3803 1894 3916 1948 ἐδό..

2342 2009 2423 2045 κει
2463 2010 2551 2061 μοι
2576 1993 2874 2059 γεγονέναι.
2913 1990 3156 2043 Πιστεύω
3188 1991 3278 2042 καὶ
3305 1990 3401 2060 τὴν
3431 1988 3696 2058 Οἰνομάου
3731 1990 3919 2056 πάροι-

2339 2102 2429 2138 νον
2476 2083 2786 2153 ἐπιθυμίαν,
2843 2084 2933 2136 καὶ
2985 2083 3082 2153 τὴν
3133 2084 3240 2137 τῶν
3290 2082 3530 2150 ἀδελφῶν
3593 2080 3680 2134 διά
3735 2080 3919 2150 ξίφους

2343 2177 2672 2246 φιλονεικίαν
2703 2178 2797 2229 οὐκ
2826 2174 3057 2230 ἀπιστῶ.
3093 2177 3372 2230 Τοσούτων
3413 2176 3588 2228 τοίνυν
3623 2175 3717 2228 καὶ
3753 2174 3920 2227 τοιού-

2340 2289 2447 2324 των
2475 2269 2670 2341 θεατὴς
2708 2269 2995 2339 γενόμενῳ
3028 2270 3157 2339 ἐγὼ,
3191 2265 3352 2322 πόθεν
3402 2267 3572 2322 ταῦτα
3633 2269 3922 2337 ἀναζητεῖν

2341 2365 2609 2434 ἠρχόμην·
2650 2363 2732 2425 τίς
2775 2363 2829 2414 δὲ
2872 2364 2964 2417 καὶ
3001 2366 3031 2433 ἡ
3064 2364 3161 2431 τῆς
3208 2363 3472 2432 κινήσεως
3516 2362 3694 2414 αὐτῶν
3740 2361 3918 2430 ἀργὴς

2343 2455 2449 2505 Καὶ
2484 2454 2564 2515 τίς
2595 2454 2622 2504 ὁ
2648 2452 2882 2506 τοσαῦτα
2919 2453 3056 2506 κατά
3101 2452 3401 2524 ἀνϐρώπων
3435 2447 3918 2521 μηχανησάμενος

2343 2542 2510 2595 Πόθεν
2537 2559 2594 2594 τε
2628 2542 2897 2613 ἠεύρεσις
2929 2544 3136 2602 ιιύτῶνι
3175 2544 3300 2604 καὶ,
3333 2542 3414 2604 τίς
3459 2545 3487 2594 ὁ
3530 2540 3733 2594 τούτων
3780 2538 3920 2592 διδά-

2347 2629 2574 2694 σκαλος;
2601 2632 2708 2685 Καὶ
2753 2634 2842 2684 τὸν
2881 2634 2978 2704 μὲν
3024 2632 3155 2685 Θεὸν
3201 2631 3430 2704 ποιητὴν
3472 2632 3675 2684 τούτων
3713 2629 3921 2698 λέγειν,

2340 2721 2544 2793 τολμᾷν
2582 2725 2677 2793 οὐχ
2700 2719 2808 2788 οἶός
2845 2743 2899 2777 τε
2933 2721 3017 2796 ἦν.

664 2818 938 2884 ipsorum,
979 2827 1032 2870 et
1079 2819 1202 2886 quis
1258 2820 1559 2874 istiusmodi
1606 2832 1792 2875 contra
1855 2821 2098 2875 homines
2164 2817 2608 2878 machinaretur;
2674 2823 2817 2875 unde
2859 2822 3050 2875 harum
3119 2837 3299 2876 rerum
3371 2820 3644 2881 inventio,
3688 2827 3740 2874 et
3802 2818 3921 2886 quis

666 2913 892 2964 istorum
935 2908 1192 2977 magister
1222 2920 1390 2966 esset.

665 3018 804 3056 ram.

731 3094 892 3166 355
924 3095 1027 3149 Sed
1059 3111 1230 3164 neque
1256 3097 1584 3165 judicabam,
1611 3100 1678 3154 ab
1711 3100 1801 3154 illo
1844 3115 1997 3155 suam
2039 3099 2236 3153 habere
2265 3097 2307 3153 C

665 3188 1022 3240 substantiam
1049 3230 1063 3252 ,
1115 3190 1194 3242 vel
1253 3191 1502 3245 essentia:
1544 3207 1656 3244 sua:
1699 3191 2086 3246 constantiam.
2133 3187 2234 3254 Qui

663 3279 808 3331 enim
859 3278 924 3333 de
971 3279 1079 3332 Deo
1130 3281 1228 3335 ista
1280 3284 1504 3353 cogitari
1540 3284 1791 3352 possent?
1826 3283 2035 3338 Etenim
2064 3283 2236 3336 bonus

668 3371 774 3435 ille,
813 3386 992 3425 rerum
1025 3389 1237 3441 quoque
1264 3376 1594 3444 optimarum
1640 3385 1855 3428 creator
1887 3383 2000 3436 est;
2045 3387 2236 3441 pravo-

668 3476 784 3513 rum
820 3476 949 3516 veru
983 3462 1034 3515 iu
1073 3463 1188 3531 ipso
1226 3465 1355 3518 nihil
1397 3467 1558 3521 inest.
1607 3464 1714 3519 Nec
1762 3466 1957 3519 talibus
2004 3463 2236 3534 gaudere

665 3562 861 3619 potest,
895 3553 994 3606 sed
1027 3569 1214 3607 eorum
1246 3557 1513 3624 originem
1544 3569 1703 3626 atque
1735 3556 2081 3627 propaginem
2113 3571 2238 3623 pro-

668 3643 1092 3712 bibet..Eosque
1143 3645 1232 3712 qui
1295 3646 1398 3700 illis
1449 3647 1808 3710 delectantur,
1863 3646 2052 3715 abjicit
2087 3664 2100 3697 :
2142 3647 2234 3715 qui

667 3741 846 3785 autem
893 3748 956 3787 ea
1006 3733 1240 3801 ftlgitltzl,
1283 3737 1494 3802 recipit.
1538 3737 1885 3806 Ecquomodo
1942 3739 2234 3792 absurdum

667 3842 772 3882 non
805 3828 896 3892 sit,
927 3827 1094 3884 Deum
1127 3831 1463 3885 conditorem
1517 3831 1741 3886 istorum
1783 3833 1987 3895 dicere,
2023 3833 2114 3899 qui
2149 3847 2241 3884 ea-

666 3923 788 3974 dem
827 3922 1044 3974 renuit?
1083 3921 1267 3991 Neque
1324 3923 1467 3975 enim
1516 3937 1579 3977 ea
1638 3939 1742 3976 non
1796 3938 1917 3978 esse
1965 3923 2144 3986 vellet,
2193 3924 2234 3976 si

667 4014 873 4086 primus
910 4023 1101 4069 auctor
1137 4019 1249 4082 ipse
1277 4024 1327 4067 et
1366 4025 1582 4069 creator
1606 4027 1725 4069 esst
1753 4017 1922 4070 tisset.
1953 4016 2058 4069 Eos
2089 4032 2238 4068 nam-

667 4118 775 4170 que
823 4103 914 4171 qui
953 4103 1019 4156 ad
1073 4103 1244 4170 ipsum
1298 4106 1594 4168 accedunt,
1652 4106 1955 4162 imitatores
1998 4109 2080 4161 sui
2129 4109 2239 4161 vult

669 4195 806 4248 lieri.
841 4193 991 4248 Unde
1024 4194 1153 4248 mihi
1185 4194 1460 4248 videbatur
1478 4197 1547 4250 ab
1570 4197 1714 4250 ornni
1747 4199 1956 4251 ratione
1979 4198 2234 4263 alienum,

669 4285 782 4337 haec
829 4283 902 4337 illi
943 4285 1231 4353 adaptare;
1276 4285 1360 4337 vel
1389 4286 1545 4354 quasi
1586 4286 1652 4340 ab
1684 4287 1774 4341 illo
1808 4287 1945 4342 facta
1980 4289 2123 4352 sint;
2157 4291 2239 4344 vel

667 4374 791 4443 (etsi
821 4375 1055 4430 maxime
1101 4376 1456 4431 concederem
1490 4379 1745 4447 possibile
1777 4396 1918 4445 esse,
1953 4392 2010 4436 ut
2038 4383 2238 4451 aliquid

667 4480 734 4519 ex
781 4466 845 4520 iis
885 4481 1005 4536 qua:
1046 4481 1153 4520 non
1201 4475 1331 4521 sunt
1384 4465 1498 4537 liat)
1527 4470 1670 4538 quod
1722 4472 1887 4525 etiam
1938 4472 2051 4542 ipse
2101 4474 2240 4526 mala

665 4558 950 4611 creaverit.
976 4555 1110 4613 Nam
1139 4561 1229 4628 qui
1264 4576 1325 4615 ex
1362 4561 1464 4625 bis,
1509 4579 1630 4632 qua:
1667 4577 1771 4616 non
1815 4572 1960 4627 sunt,
1996 4579 2118 4618 esse
2152 4565 2239 4618 illa

669 4645 894 4713 fecerat,
931 4661 1272 4718 nequaquam
1319 4666 1378 4705 ea
1430 4667 1642 4706 rursum
1693 4667 1722 4706 e
1777 4652 1953 4707 medio
2007 4653 2239 4718 tolleret,

669 4754 735 4793 ne
780 4750 1007 4794 essent:
1043 4741 1148 4805 vel,
1196 4743 1240 4796 si
1304 4743 1406 4797 hoc
1456 4744 1762 4798 necessario
1814 4744 2098 4799 dicendum
2146 4745 2238 4812 sit,

667 4832 821 4899 quasi
855 4830 1015 4886 fuerit
1054 4833 1182 4888 olim
1217 4844 1449 4904 tempus,
1475 4837 1691 4904 quando
1723 4837 1866 4892 Deus
1909 4838 2064 4893 malis
2093 4838 2241 4892 dele-

668 4933 943 4985 ctaretur;
980 4938 1122 4978 nunc
1157 4935 1359 4992 tamen,
1394 4930 1535 4996 quod
1569 4928 1698 4982 mibi
1736 4927 1949 4984 videtur
1979 4945 2095 4984 esse
2137 4931 2240 4983 im—

669 5013 950 5082 possibile,
974 5015 1155 5068 dicere
1186 5017 1284 5069 hoc
1311 5019 1375 5070 de
1395 5019 1526 5083 Deo,
1553 5021 1934 5075 inconveniens
1959 5033 2042 5075 est
2074 5023 2241 5090 ipsius

673 5118 878 5160 natura:
907 5106 1104 5159 divina:
1140 5108 1241 5161 hoc
1269 5109 1590 5164 attribuere.

740 5198 1006 5264 Quocirca
1039 5199 1211 5252 visum
1238 5210 1319 5254 est
1343 5201 1472 5254 mihi
1497 5204 1827 5260 coexsistere
1861 5206 1956 5275 ipsi
1986 5205 2133 5270 illud,
2154 5206 2242 5261 cui

671 5306 864 5344 nomen
897 5299 980 5344 est
1011 5289 1231 5344 Materia
1265 5310 1276 5345 :
1305 5308 1369 5346 ex
1402 5310 1505 5358 qua
1548 5309 1610 5349 ea
1647 5312 1766 5366 quae
1814 5308 1943 5353 sunt
1981 5314 2236 5368 procrea-

673 5384 767 5447 vit,
797 5395 918 5434 cum
953 5378 1157 5434 aﬂabre
1211 5381 1297 5434 illa
1347 5384 1748 5455 prudenterque
1791 5385 2145 5454 discerneret,
2188 5401 2241 5445 et

669 5476 950 5545 eleganter
993 5486 1256 5530 ornaret:
1293 5493 1358 5530 ex
1404 5496 1507 5548 qua
1542 5479 1810 5552 (materia)
1842 5491 1896 5536 et
1945 5484 2087 5538 mala
2125 5500 2245 5541 esse

672 5568 943 5621 videntur.
979 5568 1110 5622 Cum
1161 5570 1302 5623 enim
1357 5586 1454 5625 nec
1509 5572 1675 5634 facta.
1721 5588 1818 5628 nec
1875 5574 2104 5630 formata
2156 5577 2240 5632 illa

669 5667 902 5724 esset,et
935 5660 1150 5728 insuper
1186 5661 1346 5718 ctiam
1381 5663 1686 5722 inordinate
1730 5666 1994 5735 ferretur,
2047 5669 2244 5739 Deique

747 5871 788 5904 "
818 5869 902 5926 Sic
931 5869 1076 5926 Bodl.
1157 5871 1193 5901 "
1229 5872 1313 5927 Sic
1349 5869 1498 5928 Bodl.

1611 5875 1650 5906 "'
1681 5870 1802 5945 ιρις.
1840 5871 2033 5940 ἔδοξεν.

2113 5877 2152 5908 ¹⁹
2189 5875 2245 5932 Υ.
2284 5878 2678 5948 συγχωρήσειε..

1471 2911 1548 2964 Ac
1596 2910 1763 2966 Deum
1796 2913 2012 2982 quidem
2049 2911 2232 2964 dicere
2264 2908 2766 2975 borumjauctorem
2835 2913 2918 2966 vel
2978 2921 3303 2978 creatorem,
3351 2927 3457 2966 non
3509 2911 3710 2964 audere
3768 2919 3919 2980 pete-

2427 3091 2583 3143 Ἀλλὰ
2639 3091 2738 3154 μὲν
2786 3091 2905 3143 ούδέ
2965 3092 3021 3154 ἐξ
3067 3091 3229 3145 αὑτοῦ
3285 3093 3382 3163 τὴν
3431 3094 3724 3147 ὑπόστασιν
3759 3092 3923 3163 ἔχειν,

2344 3184 2463 3236 ούδέ
2511 3183 2606 3252 τὴν
2654 3185 2742 3238 τοῦ
2793 3181 2931 3238 εἶναι
2975 3185 3261 3239 σύστασινο
3313 3185 3431 3250 πῶς
3477 3185 3582 3256 γὰρ
3616 3180 3725 3239 οἷόν
3769 3204 3824 3239 τε
3859 3182 3925 3257 ἦν

2345 3277 2513 3330 ταῦτα
2550 3277 2677 3347 περὶ
2725 3277 2814 3330 τοῦ
2851 3278 2983 3330 Θεοῦ
3035 3281 3264 3344 ἐννοεῖν;
3307 3278 3364 3330 ὐ
3409 3278 3508 3348 μὲν
3548 3278 3654 3347 γάρ
3700 3279 3924 3346 ἀγαθὸς,

2347 3369 2439 3422 καὶ
2485 3370 2592 3421 τῶν
2627 3372 2950 3440 κρειττόνων
2985 3369 3230 3440 ποιητὴς,
3268 3369 3374 3421 τῶν
3413 3369 3470 3421 δέ
3517 3367 3733 3436 φαύλων
3779 3370 3928 3438 αύτῷ

2348 3463 2633 3533 πρόσεστιν
2659 3463 2809 3515 ούδὲν
2830 3481 2841 3492 ·
2873 3462 2984 3516 ἀλλ’
3013 3463 3130 3514 οὐδὲ
3171 3466 3278 3526 τοῖς
3307 3461 3562 3526 τοιούτοις
3597 3463 3806 3533 χαίρειν
3842 3464 3928 3514 πέ-

2348 3573 2535 3624 φυκεν,
2574 3554 2904 3626 ἀπαγορεύει
2948 3553 3001 3605 δὲ
3056 3553 3149 3605 καὶ
3202 3552 3298 3623 τὴν
3340 3553 3552 3619 γένεσιν
3587 3553 3794 3606 αὐτῶν·
3835 3555 3928 3605 καὶ

2348 3648 2470 3711 τοὺς
2509 3648 2605 3715 μὲν
2653 3647 2936 3716 χαίροντας
2989 3643 3195 3706 τούτοις
3242 3643 3639 3704 ἀποϐάλλεται,
3700 3645 3823 3709 τοὺς
3871 3645 3929 3697 δὲ

2348 3740 2642 3806 ιρεύγοντας
2693 3739 2829 3790 αύτά
2872 3737 3173 3808 προσίεται.
3231 3735 3339 3788 Καὶ
3401 3734 3515 3799 πῶς
3573 3737 3670 3788 ούκ
3729 3737 3928 3790 ἄτοπον

2346 3832 2437 3882 τὸν
2467 3829 2598 3882 Θεὸν
2631 3827 2830 3881 τούτων
2873 3827 3048 3896 λέγειν
3094 3827 3444 3899 δημιουργὸν,
3472 3827 3559 3879 τὸν
3594 3826 3762 3881 ταῦτα
3789 3844 3930 3899 παρ-

2347 3921 2694 3990 αιτούμενον;
2767 3918 2898 3971 Οὐδὲ
2933 3919 3037 3987 γὰρ
3064 3917 3129 3970 ἂν
3163 3916 3410 3971 ἐϐούλετο
3439 3918 3513 3988 μὴ
3549 3915 3685 3971 εἶναι
3733 3920 3926 3980 ταῦτα,

2348 4016 2392 4066 εί
2433 4013 2646 4084 πρῶτος
2681 4011 2857 4065 αὐτῶν
2894 4011 3117 4080 ποιητὴς
3153 4011 3395 4081 ὑπῆρχεν
3433 4012 3610 4075 αὑτός.
3650 4012 3786 4076 Τοὺς
3823 4013 3931 4084 γὰρ

2349 4105 2670 4176 προσιόντας
2736 4103 2880 4173 αύτῷ
2949 4103 3190 4174 μιμητὰς
3248 4103 3396 4174 αὐτῷ
3452 4105 3703 4172 γενέσθαι
3763 4104 3926 4161 θέλει.

2351 4198 2509 4252 Ὅθεν
2536 4198 2727 4265 ἄλογον
2762 4197 2956 4261 ἔδειξεν
2991 4196 3032 4226 ⁸⁸
3061 4191 3197 4248 εἷναί
3245 4213 3354 4265 μοι,
3389 4196 3560 4249 ταῦτα
3594 4197 3930 4267 προσάπτειν

2348 4289 2512 4360 αὐτῷ,
2551 4288 2581 4359 ἢ
2615 4289 2687 4352 ὡς
2718 4289 2776 4351 ἐξ
2808 4286 2970 4340 αὑτοῦ
3006 4288 3284 4354 γεγονότα,
3310 4287 3342 4357 ἢ
3379 4288 3444 4352 (εί
3473 4287 3566 4339 καὶ
3598 4287 3664 4339 τὰ
3695 4288 3929 4356 μάλιστα

2352 4383 2725 4452 συγχωρήσειν
2758 4380 2798 4410 “
2825 4378 2881 4442 ἐξ
2921 4379 3018 4430 θύκ
3060 4377 3228 4430 όντων
3261 4379 3481 4430 δυνατὸν
3520 4376 3656 4431 εἷναί
3695 4396 3744 4430 τι
3777 4381 3931 4447 γενέ-

2348 4474 2491 4544 σθαι)
2518 4476 2597 4526 ὅτι
2633 4473 2726 4524 καὶ
2776 4471 2842 4524 τὰ
2893 4469 3039 4524 κακὰ
3099 4469 3350 4541 ἐποίησεν
3383 4471 3564 4535 αὐτός.
3608 4472 3663 4525 '0
3700 4471 3827 4542 γὰρ,
3867 4473 3931 4524 ἐκ

2347 4567 2438 4619 τοῦ
2474 4567 2572 4619 οὐκ
2599 4561 2756 4626 εἶναι,
2793 4566 2871 4628 εἰς
2915 4566 2958 4594 ²⁹
2997 4561 3055 4614 τὸ
3089 4557 3227 4615 εἶναι
3261 4562 3399 4615 αὺτά
3442 4565 3690 4632 ποιήσας,
3727 4565 3829 4615 οὐκ
3865 4564 3932 4616 ἂν

2350 4663 2411 4713 ἐκ
2439 4659 2530 4713 τοῦ
2565 4655 2701 4712 εἶναι
2736 4658 2920 4728 ἀνῄρει
2955 4655 3111 4707 πάλιν
3131 4672 3142 4684 ·
3170 4654 3202 4724 ἢ
3239 4656 3284 4706 εἰ
3310 4656 3464 4709 τούτο
3488 4657 3700 4726 ἀνάγκη
3725 4657 3928 4724 λέγειν,

2347 4753 2420 4816 ὡς
2449 4748 2516 4823 ἦν
2551 4768 2680 4804 ποτε
2709 4750 2919 4821 καιρὸς,
2953 4751 3041 4802 ὅτε
3073 4752 3181 4814 τοῖς
3218 4752 3404 4813 κακοῖς
3447 4749 3661 4820 ἔχαιρεν
3693 4753 3720 4801 ὁ
3753 4751 3887 4814 Sed;
3913 4768 3928 4783 '

2351 4845 2444 4898 νῦν
2469 4845 2545 4906 δὲ,
2580 4846 2716 4914 ὅπερ
2755 4843 3012 4897 ἀδύνατον
3051 4840 3190 4896 εἷναί
3240 4861 3326 4913 μοι
3364 4843 3527 4906 δοκεῖ,
3555 4842 3732 4910 λέγειν
3774 4845 3931 4896 τοῦτο

2351 4934 2477 5006 περὶ
2501 4934 2656 4998 Θεοῦ,
2684 4932 2946 4988 ἀνοίκειον
2977 4935 3018 4964 ¹¹
3046 4933 3206 4988 αὑτοῦ
3233 4934 3328 5004 τῆς
3352 4933 3565 5001 φύσεως
3587 4933 3741 4987 τοῦτο
3772 4953 3939 5008 προσ·

2349 5028 2627 5099 αρμόζειν.

2418 5207 2617 5279 Διόπερ
2665 5206 2804 5270 ἐδοξὲ
2854 5225 2940 5277 μοι
2993 5209 3353 5278 συνυπάρχειν
3398 5222 3455 5257 τε
3512 5205 3678 5274 αὐτῷ,
3727 5197 3771 5271 ᾧ
3805 5203 3927 5255 τοῦ-

2347 5319 2484 5372 νομα
2517 5300 2652 5372 mn»
2690 5299 2748 5364 εξ
2781 5295 2846 5369 ἧς
2873 5298 2940 5350 τὰ
2979 5299 3105 5351 ὄντα
3138 5298 3554 5368 ἐδημιούργησεν
3589 5297 3754 5368 τέχνῃ
3791 5299 3924 5364 σοφῇ

2347 5394 2648 5465 διακρίνας,
2685 5393 2779 5445 καὶ
2817 5393 3188 5461 διακοσμήσας
3237 5390 3448 5454 καλῶς,
3495 5390 3551 5456 ἐξ
3595 5385 3659 5460 ἧς
3715 5389 3809 5441 καί
3863 5388 3929 5442 τὰ

2348 5483 2493 5535 κακὰ
2535 5478 2671 5534 εἶναι
2715 5481 2890 5534 δοκεῖ·
2945 5482 3204 5551 ἀποιήτου
3243 5481 3349 5551 γὰρ
3385 5482 3479 5534 καὶ
3521 5479 3927 5551 ἀσχηματίστου

2348 5575 2511 5645 οὔσης
2536 5575 2722 5643 αὐτῆς,
2755 5573 2887 5644 πρὸς
2916 5573 2970 5624 δέ
2992 5573 3194 5636 τούτοις
3217 5573 3308 5626 καὶ
3328 5573 3575 5635 ἀτάκτως
3597 5571 3925 5640 φερομένης,

2347 5669 2603 5737 δεομένης
2623 5682 2674 5716 τε
2699 5663 2795 5731 τῆς
2816 5663 2904 5718 τοῦ
2924 5663 3054 5716 Θεοῦ
3077 5664 3285 5733 τέχνης·
3321 5665 3416 5716 οὐκ
3442 5663 3735 5733 ἐφθόνησεν
3753 5655 3927 5726 οὗτος,

2785 5877 2825 5908 ⁸⁸
2861 5874 2948 5932 Sic
2986 5875 3107 5932 cod.
3147 5873 3272 5946 lit'g.
3308 5875 3468 5930 2276.
3546 5875 3583 5906 ⁸³
3626 5873 3713 5928 Sit:
3747 5869 3906 5930 Bodl.
