4230 6322
729 375 866 431 £287

1673 369 2012 426 APPENDIX
2052 368 2141 422 AD
2179 367 2491 435 QUINQUE
2530 366 2787 422 ΙΒΕΝιΕἰ
2827 366 3095 423 LIBROS.

3811 367 3950 423 ηδε

721 488 872 543 dium
902 492 1047 540 vetat
1099 483 1215 539 ﬁeri
1239 525 1253 548 .
1292 484 1417 539 dum
1466 482 1542 536 ita
1595 482 1832 538 statuit:
1872 479 1992 535 Non
2029 481 2275 545 occides;
2313 484 2391 541 At

2313 484 2355 541 Α
2385 481 2574 533 ἑαυτὸν
2616 479 2706 532 ὑπ’
2741 478 2984 549 ἀνάγκης
3017 478 3261 556 κλαπείς.
3304 480 3394 532 Διὸ
3423 478 3485 549 δὴ
3529 480 3556 531 ὁ
3597 481 3691 534 ἀπ’
3739 481 3948 537 ἐκείνου

719 595 846 636 cum
876 585 1063 646 postea
1093 575 1258 630 caedis
1285 584 1564 628 auctorem
1591 571 1832 627 vicissim
1860 559 2282 640 interﬁcijulicl,

719 688 787 728 ac
811 669 1105 725 secundam
1138 668 1308 737 legem
1349 665 1528 720 ferens
1559 663 2064 733 duplicemcedem
2111 665 2283 732 impe-

720 774 827 827 rat,
854 761 946 831 qui
982 775 1144 815 unam
1187 760 1572 828 prohibuerat;
1605 758 1670 811 ad
1699 771 1763 812 ea
1793 757 2122 811 necessitate
2149 771 2282 811 coa-

716 865 842 907 ctus
873 862 930 906 et
962 853 1278 920 imprudens
1321 851 1631 905 decurrisse
1673 849 1905 903 videtur.
1936 849 2117 918 Atque
2161 849 2284 902 ideo

719 946 920 999 missus
944 945 1012 998 ab
1043 944 1135 998 illo
1173 943 1343 997 Filius
1374 958 1491 998 eam
1530 940 1663 1011 legis
1694 951 1903 1010 partem
1955 939 2283 1007 antiqnavit,

719 1034 848 1090 licet
869 1049 989 1090 eam
1020 1051 1049 1088 a
1080 1035 1198 1089 Deo
1242 1034 1408 1087 latam
1436 1041 1491 1086 et
1523 1032 1636 1101 ipse
1660 1031 1944 1086 confessus
1972 1031 2065 1087 sit.
2105 1029 2284 1098 Atque

721 1129 886 1183 etiam
911 1129 1053 1182 inter
1081 1138 1278 1182 ca-tera
1310 1126 1377 1180 ad
1426 1125 1704 1195 antiquam
1738 1125 1968 1179 hzeresin
2009 1125 2287 1193 pertinent

719 1233 784 1275 ea
844 1235 966 1290 qua:
1001 1219 1144 1273 Deus
1171 1219 1320 1273 hisce
1351 1217 1533 1272 verbis
1572 1217 1762 1271 statuit
1799 1232 1812 1268 :
1852 1216 1955 1281 Qui
1988 1215 2285 1268 maledixe-

720 1312 794 1364 rit
813 1315 952 1379 patri
981 1311 1060 1364 vel
1092 1311 1285 1374 matri,
1321 1319 1488 1363 morte
1507 1310 1767 1362 moriatur
1783 1309 1850 1361 "'.
1885 1309 1963 1362 Ad
1992 1308 2118 1360 illud
2155 1322 2284 1362 vero

722 1415 913 1470 genus,
960 1402 1103 1468 quod
1155 1400 1391 1471 typicum
1442 1400 1667 1463 dicitur,
1719 1399 1771 1452 id
1815 1411 1978 1454 onme
2021 1398 2282 1467 pertinet,

721 1494 863 1563 quod
897 1492 1225 1562 spiritalium
1258 1500 1420 1562 atque
1450 1492 1836 1548 excellentium
1869 1504 2048 1545 rerum
2083 1489 2285 1559 ﬁguras

721 1585 996 1650 continet;
1033 1585 1337 1655 cnjusmodi
1384 1593 1512 1638 sunt
1559 1598 1840 1637 sacrorum
1884 1580 2283 1637 oll’erendorum

723 1678 1083 1743 cmremonim,
1112 1678 1488 1743 circumcisio,
1514 1675 1835 1740 Sabbatum,
1860 1675 2154 1747 jejunium,
2178 1675 2284 1728 Pa-

720 1771 874 1837 scha,
909 1785 1125 1841 azyma,
1153 1770 1370 1842 aliaque
1397 1771 1594 1826 similia
1630 1770 1747 1839 lege
1786 1771 2124 1838 prmscripta.
2153 1769 2281 1836 Quae

2386 572 2824 640 παραγενόμενος
2867 571 2989 634 Υἱὸς
3021 570 3176 624 τοῦτο
3209 571 3268 624 τὸ
3303 572 3465 642 μέρος
3507 570 3596 623 τοῦ
3631 571 3796 642 νόμου
3824 574 3954 646 ἀνῄ-

2385 678 2568 736 ρηκεν,
2594 661 2932 733 ὁμολογήσας
2965 663 3058 715 καὶ
3082 661 3242 724 αὐτὸς
3283 656 3421 715 εἶναι
3452 662 3543 716 τοῦ
3576 662 3733 717 Θεοῦ.
3764 665 3861 746 Ἔν
3891 681 3952 720 τε

2381 753 2493 814 τοῖς
2524 751 2700 815 ἄλλοις
2736 752 3152 825 καταριθμεῖται
3184 755 3250 823 τῇ
3287 751 3492 824 παλαιᾷ
3519 755 3750 825 αἱρέσει,
3781 755 3874 808 καὶ
3894 759 3953 809 ὲν

2382 837 2462 905 οἷς
2499 842 2600 911 ἔφη
2635 846 2665 896 ὁ
2695 842 2826 907 Θεὸς
2858 843 3048 898 εἰπών·
3094 844 3146 896 Ὀ
3172 844 3520 914 κακολογῶν
3542 845 3764 914 πατέρα
3788 847 3825 915 ἣ
3849 865 3954 916 ρη-

2383 934 2539 1003 τέρα,
2565 935 2796 999 θανάτῳ
2838 934 3184 990 τελευτάτω.
3223 935 3294 989 Τὸ
3330 937 3384 989 δέ
3418 939 3534 990 ἐστι
3581 939 3748 1010 μέρος
3789 939 3952 993 αὐτοῦ

2381 1027 2607 1080 τυπικὺν
2631 1069 2644 1093 ,
2686 1027 2745 1080 τὸ
2784 1031 2903 1083 κατ’
2937 1029 3119 1082 είκόνα
3151 1029 3260 1083 τῶν
3291 1031 3675 1102 πνευματικῶν
3717 1035 3810 1087 καὶ
3841 1035 3949 1088 δια-

2382 1117 2723 1187 φερόντως⁶⁶
2757 1119 3010 1190 κείμενον
3035 1160 3050 1183 ,
3080 1121 3139 1173 τὸ
3171 1124 3228 1174 ὲν
3263 1125 3597 1193 προσφοραῖς
3617 1164 3632 1188 ,
3664 1122 3832 1194 λέγω,
3859 1126 3954 1180 καὶ

2385 1213 2672 1281 πριτομῇ,
2698 1210 2790 1263 καὶ
2813 1212 3084 1282 σαϐϐάτῳ,
3119 1215 3478 1286 καὶ-νηστεία,
3506 1217 3600 1269 καὶ
3625 1217 3837 1287 Πάσχα,
3858 1221 3952 1272 καὶ

2383 1299 2630 1371 ἀζύμοις,
2656 1302 2876 1367 καὶτοῖς
2899 1292 3155 1369 τοιούτοις
3175 1307 3617 1379 νομοθετηθέντα.
3637 1310 3820 1364 Πάντα
3845 1313 3953 1384 γάρ

2383 1391 2572 1452 ταῦτα,
2601 1393 2804 1457 εἰκόνες
2833 1397 2924 1448 καὶ
2966 1397 3207 1471 σύμϐολα
3239 1398 3396 1463 ὄντα,
3429 1398 3528 1469 τῆς
3566 1398 3822 1469 ἀληθείας
3851 1419 3956 1471 φα-

2384 1485 2710 1554 νερωθείσης
2747 1468 3032 1558 μετετέθη·
3070 1490 3208 1552 κατὰ
3262 1491 3358 1560 μὲν
3406 1491 3464 1543 τὸ
3489 1468 3817 1562 φαινόμενον
3860 1468 3954 1549 καὶ

2386 1578 2710 1645 σωματικῶς
2743 1578 3072 1633 ἐκτελεῖσθαι
3111 1582 3351 1654 ἀνῃρέθη
3371 1623 3384 1644 ,
3431 1584 3572 1636 κατά
3600 1583 3657 1636 δὲ
3699 1583 3760 1637 τὸ
3792 1603 3955 1639 πνευ-

2391 1669 2616 1740 ματικὸν
2659 1670 2956 1740 ἀνελήφθη·
2994 1671 3101 1724 τῶν
3144 1673 3241 1742 μὲν
3280 1675 3558 1744 ὀνομάτων
3609 1674 3716 1727 τῶν
3772 1676 3954 1729 αὐτῶν

2389 1760 2672 1830 μενόντων,
2691 1761 3099 1832 ἐνηλλαγμένων
3121 1763 3176 1816 δὲ
3198 1764 3306 1817 τῶν
3330 1768 3682 1837 πραγμάτων.
3709 1769 3820 1820 Καὶ
3844 1769 3953 1841 γὰρ

721 1863 902 1918 omnia
950 1851 1078 1917 cum?
1120 1863 1258 1920 nihil
1296 1863 1443 1918 aliud
1483 1871 1679 1933 praeter
1720 1865 1919 1931 ﬁguras
1947 1870 2114 1930 atque
2149 1862 2281 1915 ima-
2311 1830 2352 1886 Β
2384 1870 2391 1884 ¹

2279 1830 2352 1900 ,Β
2384 1851 2695 1923 προσφορὰς
2744 1830 3072 1924 προσφέρειν
3113 1830 3620 1928 προσέταξεν-ημῖν
3661 1859 3689 1911 ὁ
3739 1830 3949 1930 Σωτηρ,

720 1957 874 2027 gines
898 1956 1096 2022 forent,
1128 1956 1398 2027 patefacta
1424 1958 1655 2011 veritate
1687 1957 1944 2012 translata
1975 1968 2100 2013 sunt
2132 1979 2144 2014 :
2175 1958 2282 2012 imo

721 2060 873 2110 vero,
898 2048 1044 2115 quod
1078 2048 1145 2101 ad
1173 2057 1456 2102 externam
1493 2048 1730 2115 speciem
1766 2049 1984 2112 attinet,
2011 2062 2283 2118 usumque

718 2148 1073 2205 corporeum,
1109 2136 1324 2190 sublata
1352 2177 1369 2201 ,
1415 2136 1644 2206 spiritali
1683 2135 1918 2204 quadam
1955 2135 2168 2189 ratione
2196 2150 2278 2188 re-

722 2234 870 2280 tenta
895 2236 1044 2282 sunt.
1073 2225 1262 2282 iisdem
1285 2219 1485 2296 quippe
1514 2227 1858 2283 manentibus
1889 2226 2069 2282 adhuc
2107 2227 2281 2282 notui-

719 2317 904 2378 nibus.
922 2331 1101 2371 rerutn
1118 2327 1202 2372 est
1229 2317 1371 2372 facta
1396 2318 1646 2373 mutatio.
1681 2316 1814 2372 Nam
1844 2318 2038 2372 oﬁ‘erre
2060 2317 2279 2386 quidem

717 2422 874 2462 sacra
917 2409 1179 2464 Dominus
1229 2409 1506 2464 instituit:
1544 2421 1597 2464 at
1639 2425 1749 2464 non
1804 2421 2078 2463 mutarum
2111 2423 2282 2479 pecu-

719 2499 867 2561 dum,
899 2506 993 2552 au‘t
1029 2498 1079 2552 id
1115 2513 1288 2566 genus
1319 2500 1601 2555 suiﬁtunm
1631 2517 1645 2554 :
1677 2501 1772 2555 sed
1804 2500 2066 2569 spiritalis
2100 2499 2282 2569 potius

714 2587 918 2653 laudis,
973 2604 1036 2643 ac
1085 2591 1512 2657 praedicationis,
1559 2601 1615 2644 et
1643 2592 2029 2654 eucharistiaa;
2081 2594 2281 2646 tumin

716 2679 995 2733 hominum
1028 2696 1199 2750 genus
1239 2682 1587 2737 liberalitatis
1614 2697 1678 2736 ac
1708 2682 2099 2739 beneﬁcentia.
2133 2683 2279 2737 ldem

716 2769 1039 2824 circmeidi
1066 2782 1334 2840 praeterea
1370 2789 1475 2827 non
1509 2777 1774 2843 corporis,
1815 2775 1907 2827 sed
1933 2771 2112 2828 cordis
2155 2773 2276 2827 ani-

719 2861 901 2928 mique
939 2863 1265 2931 praeputium
1300 2866 1478 2930 jubet.
1543 2866 1779 2934 Itemque
1824 2866 2027 2920 servari
2069 2865 2277 2921 Sabbu-

709 2958 856 3017 tum,
883 2959 942 3005 ut
970 2968 998 3005 a
1029 2957 1211 3020 pravis
1241 2955 1506 3010 duntaxat
1534 2956 1838 3010 actionibus
1878 2956 2156 3010 ferientur.
2183 2958 2278 3014 Je-

709 3041 907 3108 junare
939 3059 1103 3113 porro
1133 3061 1258 3099 cum
1290 3047 1542 3114 imperat,
1586 3063 1692 3103 non
1715 3048 1861 3101 illam
1888 3049 2134 3116 corporis
2162 3049 2278 3104 ine-

2380 1942 2495 1995 ἀλλ’
2508 1944 2630 2012 οὐχὶ
2663 1942 2760 2006 τὰς
2786 1942 2850 1994 δι’
2877 1943 3090 2011 ἀλόγων
3123 1944 3294 2010 ζώων,
3320 1947 3351 2016 ἢ
3387 1948 3592 2000 τούτων
3626 1947 3733 2000 τῶν
3756 1948 3955 2018 θυμια-

2384 2033 2586 2105 μάτων,
2617 2035 2752 2088 ἀλλά
2780 2034 2868 2088 διὰ
2901 2037 3280 2106 πνευματικῶν
3312 2039 3496 2100 αίνων,
3519 2039 3612 2093 καὶ
3632 2040 3820 2107 δοξῶν,
3859 2040 3954 2094 καὶ

2381 2127 2746 2199 εὐχαριστίας,
2773 2128 2868 2180 καὶ
2885 2128 2972 2180 διὰ
2987 2128 3086 2197 τῆς
3103 2130 3180 2191 είς
3205 2130 3294 2181 τὸν
3315 2130 3538 2200 πλησίον
3555 2131 3836 2195 κοινωνίας
3859 2133 3954 2185 καὶ

2381 2220 2643 2284 εὐποιίας,
2661 2218 2754 2271 καὶ
2780 2223 3042 2290 περιτομῇ
3068 2222 3493 2291 περιτετμῆσθαι
3516 2224 3661 2294 ἡμᾶς
3682 2222 3951 2293 βούλεται,

2383 2312 2497 2364 ἀλλ’
2530 2311 2650 2380 οὐχὶ
2701 2311 2801 2380 τῆς
2854 2311 3216 2382 ἀκροϐυστίας
3264 2313 3362 2381 τῆς
3413 2316 3766 2385 σωματικῆς,
3812 2316 3949 2370 ἀλλά

2382 2401 2611 2473 καρδίας
2640 2401 2738 2471 τῆς
2773 2401 3166 2471 πνευματικῆς.
3209 2403 3316 2454 Καὶ
3347 2404 3403 2455 τὸ
3441 2404 3704 2460 σάϐϐατον
3740 2407 3947 2475 φυλάσ-

2383 2511 2516 2558 σειν,
2543 2495 2730 2562 ἀργεῖν
2755 2493 2864 2564 γάρ
2897 2491 3039 2546 θέλει
3069 2494 3213 2563 ἡμᾶς
3237 2495 3342 2546 ἀπὸ
3367 2493 3473 2546 τῶν
3498 2496 3673 2568 ἔργων
3715 2496 3822 2549 τῶν
3853 2514 3950 2549 πο-

2383 2586 2581 2656 νηρῶν.
2625 2585 2735 2638 Καὶ
2781 2586 3065 2655 νηστεύειν
3097 2586 3182 2649 δὲ,
3219 2585 3331 2637 ἀλλ’
3385 2588 3444 2639 ού
3491 2586 3589 2658 τὴν
3633 2588 3950 2659 σωματικὴν

2385 2680 2630 2751 βούλεται
2659 2679 2911 2750 νηστείαν
2944 2680 3091 2749 ἡμᾶς
3133 2678 3445 2748 νηστεύειν,
3478 2677 3612 2732 ἀλλὰ
3645 2679 3744 2749 τὴν
3782 2695 3949 2732 πνευ-

2382 2772 2650 2842 ματικὴν,
2701 2765 2823 2844 ὲνῇ
2874 2771 3020 2823 ἐστιν
3077 2772 3252 2841 ἀποχὴ
3299 2757 3512 2823 πάντων
3559 2769 3665 2822 τῶν
3703 2769 3947 2838 φαύλων.

2378 2862 2710 2916 Φυλάσσεται
2752 2862 2932 2931 μέντοι
2982 2878 3044 2930 γε
3099 2862 3192 2914 καὶ
3239 2862 3389 2932 παρά
3424 2864 3535 2924 τοῖς
3580 2861 3864 2933 ἡμετέροις
3911 2863 3949 2932 ἡ

2379 2953 2520 3007 κατὰ
2572 2954 2631 3005 τὺ
2683 2953 3003 3022 φαινόμενον
3056 2953 3311 3024 νηστεία,
3366 2952 3488 3005 ἐπεὶ
3544 2954 3636 3006 καὶ
3691 2952 3833 3023 ψυχῇ
3891 2971 3949 3006 τι

2381 3045 2782 3116 συμϐάλλεσθαι
2824 3044 3045 3098 δύναται
3089 3043 3228 3112 αὕτη
3274 3045 3410 3114 μετᾶ
3453 3044 3614 3110 λόγου
3663 3044 3943 3115 γινομένησ

714 3135 900 3195 diam,
955 3136 1052 3189 sed
1103 3135 1268 3191 animi
1340 3141 1750 3204 temperantiam
1813 3139 2079 3203 decernit,
2138 3151 2195 3194 ut
2244 3156 2271 3194 a
2305 3156 2384 3216 Bt

2305 3156 2350 3216 Β
2377 3140 2538 3192 ὁπότε
2574 3139 2708 3209 μηδὲ
2733 3136 2821 3191 διὰ
2848 3137 2945 3208 τὴν
2958 3137 3093 3207 πρός
3121 3155 3271 3200 τινας
3296 3137 3526 3207 μίμησιν
3554 3137 3776 3203 γίνεται,
3807 3140 3947 3207 μήτε

717 3221 939 3292 ﬂagitiis
967 3227 1225 3280 omnibus
1254 3227 1634 3283 abstineamus.
1665 3230 1984 3300 Quanquam
2009 3247 2039 3284 a
2073 3234 2277 3288 nostris

711 3315 958 3370 exterius
977 3315 1104 3370 illud
1131 3332 1346 3386 quoque
1372 3319 1637 3387 jejunium
1671 3323 1977 3383 adhibetur.
2006 3336 2274 3392 quatenus

706 3405 782 3457 ad
814 3407 1121 3460 animorum
1157 3407 1443 3463 utilitatem
1472 3410 1683 3464 confert
1708 3411 1928 3481 aliquid,
1959 3415 2002 3466 si
2031 3430 2154 3468 eum
2189 3431 2275 3469 ra-

716 3497 865 3550 tione
894 3498 1207 3566 suscipias:
1248 3513 1354 3573 uon
1406 3501 1647 3554 imitandi
1696 3503 2016 3573 cujusquam
2059 3507 2270 3571 studio,

709 3601 822 3639 non
856 3588 1273 3653 consuetudine,
1303 3604 1409 3641 non
1446 3603 1715 3646 certarum
1747 3594 1955 3649 diermu
1991 3596 2269 3668 religione,

712 3679 797 3731 vel
854 3678 1077 3732 deﬁnito
1107 3679 1292 3747 aliquo
1327 3691 1569 3749 tempore
1612 3701 1627 3737 :
1663 3687 1960 3751 praesertim
2001 3704 2124 3743 cum
2158 3693 2269 3744 veri

707 3769 898 3838 jejunii
926 3771 1246 3825 memoriam
1280 3770 1521 3837 relricet,
1547 3783 1605 3826 ut
1629 3776 1716 3844 qui
1743 3777 1979 3830 nomium
2023 3779 2151 3834 illud
2182 3795 2272 3834 as-

713 3862 890 3915 secuti
915 3859 1138 3927 l'uerint,
1163 3863 1230 3915 ab
1261 3864 1544 3919 exteriore
1571 3867 2016 3932 eommonelacti,
2048 3871 2271 3925 alterius

714 3953 1091 4006 recordentur.
1125 3953 1399 4009 Similiter
1428 3965 1481 4009 et
1515 3955 1718 4011 Pascha
1745 3999 1759 4022 ,
1804 3974 2103 4031 azymaque
2137 3964 2270 4032 ligu-

713 4057 802 4094 ras
832 4044 1110 4098 exstitisse
1137 4047 1399 4114 quasdam
1439 4046 1642 4102 Paulus
1685 4050 1797 4117 ipse
1831 4053 2071 4108 declarat
2108 4079 2118 4109 ;
2161 4055 2268 4111 Pa-

2377 3230 2464 3284 διά
2483 3229 2542 3282 τδ
2567 3229 2706 3291 ἔθος,
2733 3229 2865 3298 μήτε
2891 3226 2978 3280 διὰ
3000 3225 3096 3297 τὴν
3113 3227 3348 3297 ἡμέραν,
3370 3226 3444 3288 ὡς
3463 3226 3770 3297 ὡρισμένης
3789 3223 3953 3279 τοῦτο

2376 3323 2604 3394 ἡμέρας·
2654 3321 2770 3390 ἅμα
2812 3319 2866 3371 δὲ
2913 3320 3006 3372 καὶ
3060 3320 3138 3381 είς
3179 3319 3482 3389 ἀνάμνησιν
3541 3317 3638 3386 τῆς
3684 3317 3953 3389 ἀληθινῆς

2377 3415 2647 3485 νηστείας,
2667 3414 2753 3466 ἵνα
2786 3412 2834 3464 oi
2870 3411 3091 3480 μηδέπω
3121 3409 3333 3479 ἐκείνην
3352 3409 3636 3479 δυνάμενοι
3666 3408 3953 3479 νηστεύειν

2378 3506 2484 3558 ἀπὸ
2531 3506 2625 3574 τῆς
2681 3503 2821 3557 κατά
2873 3503 2932 3555 τὸ
2984 3503 3306 3570 φαινόμενον
3347 3501 3596 3571 νηστείας
3638 3500 3801 3572 ἔχωσι
3846 3501 3953 3571 τὴν

2379 3598 2680 3666 ἀνάμνησιν
2705 3596 2891 3663 αὐτῆς.
2925 3595 3034 3646 Καὶ
3065 3593 3126 3645 τὸ
3163 3594 3352 3662 Πάσχα
3380 3595 3437 3645 δὲ
3464 3593 3696 3663 ὁμοίιος,
3747 3595 3836 3645 καὶ
3873 3591 3953 3646 τὰ

2378 3689 2580 3758 ἄζυμα,
2613 3689 2691 3741 ὅτι
2731 3687 2934 3748 εἰκόνες
2962 3682 3121 3755 ἦσαν,
3156 3683 3304 3753 δηλοῖ
3354 3683 3447 3736 καὶ
3489 3683 3698 3748 Παῦλος
3738 3686 3766 3737 ὁ
3807 3685 3955 3736 ἀπό-

2379 3781 2581 3841 στολος.
2607 3779 2677 3831 Τὸ
2698 3778 2764 3830 δὲ
2785 3776 3000 3846 Πάσχα
3018 3775 3201 3844 ἡμῶν,
3220 3775 3451 3842 λέγεται,
3471 3774 3647 3842 ἐτύθη
3664 3776 3944 3842 Χριστός·

2369 3873 2628 3935 καὶ,“’1νιι
2653 3867 2776 3941 ἦτε,
2805 3870 2987 3938 φησιν,
3007 3866 3238 3935 ἄζυμοι,
3264 3867 3348 3933 μὴ
3375 3866 3727 3934 μετέχοντες
3761 3864 3952 3934 ζύμης

2369 3965 2571 4037 (ζύμην
2611 3981 2668 4016 τε
2725 3961 2818 4014 νῦν
2862 3960 2968 4030 τὴν
3008 3959 3204 4012 κακίαν
3235 3958 3425 4026 λέγει),
3467 3959 3603 4011 ἀλλ’
3648 3954 3753 4027 ἦτε
3797 3957 3948 4011 νέον

2366 4060 2620 4127 φύραμα.

707 4136 857 4196 scim,
895 4134 1084 4202 inquit,
1118 4145 1351 4188 nostrum
1388 4137 1688 4190 immolatus
1727 4151 1799 4192 est
1833 4139 2110 4208 Christus;
2150 4158 2202 4202 et
2237 4167 2248 4201 :
2284 4149 2349 4203 Ut
2379 4153 2519 4210 sitis.
2570 4151 2665 4214 ait,
2721 4146 2894 4216 azymi
2923 4161 3022 4196 non
3047 4145 3289 4196 habentes
3321 4142 3628 4210 fermentum
3676 4144 3947 4212 (fermen-

710 4238 822 4280 tum
853 4241 979 4279 vero
1015 4224 1273 4278 malitiam
1298 4227 1576 4298 appellat),
1605 4228 1694 4281 sed
1731 4230 1848 4282 sitis
1879 4247 2006 4284 nova
2029 4241 2324 4292 consuersio
2342 4240 2387 4270 "‘

783 4316 872 4368 Sic
907 4314 1073 4384 igitur
1106 4315 1189 4366 lex
1227 4316 1362 4383 ipsa,
1392 4331 1552 4382 quam
1587 4332 1614 4369 a
1657 4319 1762 4373 Deo
1799 4337 2047 4376 manasse
2091 4323 2268 4376 laten-
2305 4336 2344 4386 ι)
2444 4332 2453 4374 t

2305 4336 2344 4386 ι)
2444 4319 2610 4387 Οὗτος
2628 4326 2672 4356 ‘9
2704 4323 2829 4390 γοῦν
2862 4324 2955 4374 καὶ
3000 4324 3159 4385 αὐτὸς
3202 4321 3229 4372 ὁ
3272 4325 3364 4376 τοῦ
3416 4322 3547 4374 Θεοῦ
3601 4321 3738 4377 εἶναι
3779 4328 3947 4397 νόμος

707 4418 796 4458 ιιιι·
841 4422 1052 4471 omnes,
1113 4408 1376 4461 trifariam
1423 4409 1728 4462 dividitur:
1785 4413 1837 4464 in
1880 4428 2003 4465 eam
2059 4426 2265 4481 partem

706 4517 869 4565 quam
913 4500 1165 4553 Salvator
1209 4502 1472 4568 implevit.
1520 4499 1644 4555 llaec
1696 4503 1840 4556 enim
1872 4508 2054 4558 omnia
2090 4524 2101 4558 :
2144 4505 2264 4559 Non

703 4595 908 4644 occides
934 4633 948 4655 ,
992 4610 1092 4645 non
1134 4594 1505 4654 inme/laberis,
1562 4611 1664 4648 non
1704 4597 2001 4665 pejerabis;
2045 4600 2095 4650 in
2136 4600 2265 4653 iisce

703 4686 1057 4738 (οιιιίιιθηιιιτ
1105 4702 1117 4737 :
1177 4684 1298 4737 Non
1347 4686 1747 4748 irusceris,non
1771 4688 2155 4753 concupices“.
2206 4689 2262 4742 In

704 4792 822 4827 eam
864 4793 981 4841 qua:
1009 4776 1225 4843 penitus
1256 4777 1466 4830 sublata
1505 4785 1607 4828 est.
1643 4775 1735 4829 His
1767 4778 1909 4829 enim
1941 4780 2261 4847 prmceptis:

707 4868 930 4920 Oculum
954 4885 1046 4935 pro
1066 4868 1230 4929 oculo,
1255 4869 1451 4919 dentem
1478 4885 1569 4934 pro
1591 4868 1741 4920 dente
1760 4869 1837 4934 ";
1876 4885 1990 4937 qua:
2025 4886 2146 4924 cum
2181 4871 2263 4924 in-

702 4959 910 5024 iustitia
943 4958 1200 5023 permista
1238 4968 1360 5009 sunt
1385 4997 1399 5020 ,
1433 4958 1655 5025 ejusque
1697 4974 1878 5012 secum
1917 4961 2119 5030 aliquid
2154 4974 2262 5017 tra—

708 5053 865 5112 hunt,
925 5049 1218 5102 contrariis
1272 5050 1474 5115 legibus
1523 5065 1551 5102 a
1601 5061 1880 5105 servatore
1918 5054 2258 5122 derogatur:

705 5143 973 5194 contraria
1021 5155 1182 5208 porro
1219 5157 1338 5194 sese
1382 5140 1609 5195 invicem
1641 5145 1930 5209 perinmnt.
1974 5143 2084 5213 Ego
2121 5148 2260 5198 enim

700 5237 817 5287 dico
844 5237 982 5288 vobis
1012 5236 1224 5288 omnino
1261 5252 1362 5288 non
1391 5237 1625 5289 resistere
1667 5236 1828 5290 mulo.
1863 5238 1969 5291 Sed
1994 5241 2038 5290 si
2078 5243 2191 5307 quis
2215 5251 2261 5293 te

701 5325 1009 5386 percusserit
1046 5325 1102 5378 in
1146 5326 1456 5390 maxillam,
1498 5327 1668 5390 pra'be
1719 5327 1799 5378 illi
1855 5337 1903 5380 et
1953 5328 2170 5382 alteram
2193 5331 2257 5384 ".

699 5415 849 5479 Quod
873 5415 1092 5483 quidem
1119 5416 1182 5467 ad
1201 5416 1584 5469 excellentium
1617 5432 1793 5469 rerum
1833 5418 2256 5473 adutnbrandam

699 5505 931 5568 speciem
977 5506 1334 5557 constitutum
1377 5515 1430 5557 et
1475 5520 1502 5554 a
1556 5507 1832 5574 corporeis
1879 5510 1942 5559 ad
1992 5510 2256 5576 spiritalia

704 5595 1022 5647 translatum
1058 5612 1121 5648 ac
1161 5606 1424 5649 mutatum
1462 5613 1554 5665 per
1598 5599 1908 5668 allegoriam
1948 5603 2256 5669 exponitur.

805 5711 851 5739 "
879 5708 940 5762 l“.
971 5710 1326 5779 διαφερόντων

701 5793 813 5842 ait,
849 5779 948 5846 li;
1001 5783 1184 5835 Matth.
1235 5799 1284 5845 ν,
1315 5781 1404 5846 ‘22,
1437 5782 1524 5837 εις.
1629 5784 1667 5812 ⁶¹
1714 5784 1838 5838 Cor.
1873 5784 2223 5846 ὲπιθυμ-Ῐσαι.

1440 5713 1483 5740 ⁸⁷
1526 5711 1693 5766 Levit.
1727 5727 1820 5772 xx,
1849 5712 1900 5766 9.
1979 5715 2023 5742 ⁸⁸
2055 5714 2070 5765 1
2108 5714 2230 5766 Cor.
2271 5729 2316 5774 ν,
2364 5717 2413 5766 7.

2310 5789 2348 5815 δ’
2396 5785 2566 5837 [μνη.
2602 5799 2749 5837 utr.
2806 5786 2892 5840 “lu,

2373 4418 2802 4490 ὁμολογούμενος
2833 4418 2910 4478 εἰς
2940 4417 3065 4486 τρία
3081 4415 3362 4485 διαιρεῖται
3381 4453 3396 4476 ,
3417 4415 3494 4475 εἷς
3520 4432 3577 4466 τε
3615 4416 3673 4467 τὸ
3703 4416 3948 4490 πληρού-

2374 4529 2532 4582 μενον
2566 4511 2673 4563 ἀπὸ
2703 4509 2796 4562 τοῦ
2823 4509 3087 4576 Σωτῆρος.
3116 4507 3186 4558 Τὸ
3211 4505 3338 4577 γὰρ,
3379 4509 3459 4558 Οὐ
3492 4512 3831 4578 φονεύσεις,
3862 4515 3943 4567 οὐ

2367 4604 2746 4674 μοιχεύσεις,
2788 4602 2897 4654 οὐκ
2925 4597 3335 4665 ἐπιορκήσεις,
3377 4600 3433 4651 ὲν
3475 4598 3552 4668 τῷ
3593 4601 3731 4668 μηδ’
3780 4605 3942 4673 ὀργι-

2369 4693 2621 4760 σθῆναι,
2655 4690 2803 4760 μηδὲ
2840 4688 3227 4757 ἐπιθυμήσεις
3244 4688 3283 4718 ⁵³
3335 4689 3732 4758 περιείληπται.
3781 4696 3938 4748 Am-

2373 4785 2545 4853 ρεῖται
2576 4781 2632 4834 δὲ
2673 4780 2767 4833 καλ⁸
2799 4781 2876 4840 εἰς
2918 4777 2977 4830 τὸ
3007 4778 3397 4847 ἀναιρούμενον
3436 4779 3672 4843 τελείως·
3716 4782 3776 4834 τὸ
3821 4786 3936 4856 γὰρ

2383 4871 2719 4941 Ὀφθαλμὸν
2739 4870 2868 4923 ἀντὶ
2907 4869 3345 4937 ὀφθαλμοῦααὶ
3371 4871 3582 4924 ὀδόντα
3605 4874 3738 4927 ἀντὶ
3767 4875 3939 4928 ὀδόν-

2369 4982 2487 5028 τος,
2524 4962 3006 5032 συμπεπλεγμένον
3036 4965 3098 5032 τῇ
3134 4961 3335 5032 ἀδικίᾳ,
3369 4964 3458 5015 καὶ
3489 4965 3618 5016 αὐτὸ
3651 4966 3807 5036 ἔργον
3835 4969 3940 5038 τῆς

2371 5052 2580 5115 ἀδικίας
2622 5052 2776 5120 ἕχον,
2830 5051 3066 5123 ἀνῃρέθη
3121 5053 3223 5104 ὑπὸ
3268 5053 3356 5104 τοῦ
3399 5055 3647 5126 Σωτῆρος
3689 5056 3775 5109 διά
3825 5061 3942 5110 τῶν

2371 5144 2639 5196 ἐναντίων·
2692 5141 2756 5193 τά
2800 5142 2856 5194 δὲ
2898 5144 3114 5196 ἐναντία
3150 5143 3391 5212 ἀλλήλων
3424 5147 3560 5197 εἰσὶν
3591 5147 3935 5219 ἁναιρετικά.

2381 5235 2521 5304 Ἐγὼ
2545 5236 2653 5304 γὰρ
2673 5234 2825 5303 λέγω
2850 5236 3008 5302 ὑμῖν,
3042 5235 3126 5302 μὴ
3155 5237 3511 5305 ἀντιστῆναι
3542 5239 3696 5306 ὅλως
3724 5239 3802 5306 τῷ
3825 5259 3940 5295 πο-

2368 5327 2526 5395 νηρῷ
2545 5369 2557 5390 ,
2598 5328 2755 5381 ἀλλὰ
2803 5327 2911 5380 ἐάν
2940 5330 3029 5392 τίς
3055 5345 3127 5380 σε
3152 5331 3381 5397 ραπίσῃ
3400 5370 3413 5391 ,
3455 5332 3726 5401 στρέψον
3773 5334 3941 5402 αὐτῷ

2368 5420 2462 5472 καὶ
2492 5419 2603 5485 τὴν
2635 5419 2832 5486 ἄλλην
2862 5423 3132 5488 σιαγόνα.
3189 5423 3590 5493 Ἀλληγορεῖται
3622 5425 3678 5478 δὲ
3721 5428 3816 5479 καὶ
3852 5429 3938 5491 εὶς

2366 5512 2424 5562 τὸ
2463 5509 2768 5578 μετατεθὲν,
2805 5511 2897 5563 καὶ
2930 5512 3218 5579 ὲναλλαγὲν
3245 5514 3352 5565 ἀπὸ
3385 5516 3476 5567 τοῦ
3505 5518 3814 5585 σωματικοῦ
3839 5519 3935 5568 ἐπὶ

2367 5603 2424 5652 τὸ
2459 5603 2822 5672 πνευματικὸν
2871 5602 2929 5652 τὸ
2983 5603 3306 5672 συμὸολικὸν
3339 5605 3525 5669 τοῦτο,
3579 5611 3697 5659 κατ’
3745 5608 3929 5659 εἰκόνα

3063 5717 3107 5745 ⁸ο
3152 5716 3320 5769 Exod.
3353 5733 3440 5779 xx,
3477 5719 3555 5783 l5,
3595 5717 3700 5784 l4;
3748 5717 3928 5774 Levit.

2975 5786 3015 5816 ⁸³
3049 5784 3244 5838 Matth.
3290 5803 3338 5849 ν,
3370 5789 3455 5840 39.

2513 5713 2554 5743 δ’
2595 5713 2719 5782 Leg.
2775 5713 2962 5776 οὕτως.
