4230 6322
266 390 404 446 1289

1464 388 1892 449 FRAGMENTA
1927 390 2295 449 GNOSTICA.

3382 400 3515 458 i206

263 509 372 564 τῶν
406 508 775 579 διαφερόντων
806 508 1322 581 νενομοθετημένον.
1374 511 1441 573 Δί
1488 511 1594 579 γὰρ
1638 509 1828 569 εἰκόνες

1874 513 1920 569 Α
1950 507 2161 561 Etenim
2206 508 2419 576 efﬁgies
2467 522 2531 562 ac
2568 508 2719 570 signa
2773 509 2895 564 aliis
2962 511 3122 565 rebus
3176 510 3521 567 declarandis

268 599 366 654 καὶ
398 600 465 654 τὰ
496 600 742 670 σύμϐολα
766 600 1148 670 παραστατικὰ
1182 601 1309 653 εντα
1342 602 1541 671 ἐτέρων
1581 602 1839 669 πραγμά-

259 706 389 753 των,
414 690 590 754 καλῶς
611 692 870 759 ὲγίνοντο,
901 692 1060 761 μέχρι
1082 691 1154 761 μὴ
1174 694 1351 762 παρῆν
1378 691 1674 763 ὴάλήθεια.
1696 692 1840 762 Παρ-

256 777 424 849 ούσης
468 779 523 831 δὲ
562 781 665 847 τῆς
692 781 972 849 ἀληθείας,
1008 780 1076 833 τά
1106 782 1202 851 τῆς
1238 782 1495 852 ἀληθείας
1532 784 1613 835 δεῖ
1641 785 1833 846 ποιεῖν,

258 871 318 923 οὐ
361 871 428 922 τὰ
466 871 565 938 τῆς
606 872 833 935 είκόνος.
865 872 1048 925 Ταῦτα
1074 874 1129 925 δὲ
1164 875 1254 925 καὶ
1282 874 1333 925 οἱ
1377 874 1615 943 μαθηταὶ
1644 874 1833 937 αὑτοῦ,

255 964 349 1016 καὶ
384 967 413 1017 6
433 965 728 1028 ἀπόστολος
752 965 915 1030 ἔδειξε
965 967 1199 1029 Παῦλος,
1248 966 1307 1019 τὸ
1336 969 1432 1037 μὲν
1455 966 1560 1019 τῶν
1590 968 1834 1030 εἰκόνων,

254 1054 331 1117 ὡς
369 1055 471 1123 ἤδη
515 1055 778 1126 εἴπομεν,
826 1055 915 1109 διὰ
946 1057 1036 1109 τοῦ
1087 1052 1277 1127 Πάσχα
1332 1058 1424 1111 καὶ
1450 1057 1556 1111 τῶν
1594 1056 1841 1129 Ἀζύμων

253 1143 436 1209 δείξας
470 1146 539 1197 δι’
568 1148 731 1215 ἡμᾶς’
762 1148 819 1198 τὸ
846 1148 899 1199 δὲ
934 1148 1027 1199 τοῦ
1061 1146 1549 1219 συμπεπλεγμένου
1585 1149 1747 1218 νόμου
1773 1152 1838 1219 τῇ

254 1234 440 1306 ἀδικίᾳ
459 1276 470 1296 ,
506 1238 675 1289 είπὼν
708 1238 814 1290 τὸν
852 1238 1039 1304 νόμον
1064 1238 1182 1291 τῶν
1202 1239 1467 1293 ἐντολῶν
1484 1240 1552 1291 ἐν
1582 1239 1840 1307 δόγμασι

254 1326 685 1394 κατηργῆσθαι·
738 1327 795 1379 τὺ
851 1329 905 1381 δὲ
964 1329 1057 1381 τοῦ
1105 1330 1456 1399 ἀσυμπλόκου
1503 1330 1579 1398 τῷ
1616 1328 1837 1399 χείρονι,

264 1416 315 1467 '0
338 1418 459 1484 μὲν
495 1419 697 1485 νόμος,
743 1417 931 1482 εἰπὼν,
962 1419 1157 1487 ἅγιος,
1204 1421 1304 1471 καὶ
1338 1422 1375 1485 ἡ
1413 1420 1635 1486 ἐντολὴ
1676 1421 1836 1491 ἁγία,

256 1506 353 1558 καί
387 1506 607 1569 δικαία,
640 1509 734 1561 καὶ
766 1510 974 1578 ἀγαθή.

332 1595 418 1657 Ὠς
474 1596 571 1663 μὲν
599 1594 690 1649 οὖν
734 1598 1008 1667 συντόμως
1056 1597 1203 1650 ἔστιν
1242 1601 1415 1650 εἰπεῖν
1444 1600 1728 1670 αὐτάρκως
1756 1596 1834 1653 οῖ-

251 1684 347 1751 μαί
374 1701 453 1737 σοι
486 1674 770 1755 δεδεῖχθαι,
822 1687 916 1741 καὶ
940 1688 1039 1757 τὴν
1084 1688 1142 1753 ἐξ
1194 1688 1495 1758 ἀνθρώπων
1544 1691 1835 1760 παρεισδύ-

1947 596 2188 651 adhlbita
2211 598 2471 666 tantisper
2493 599 2955 663 opportunitatem
2987 598 3316 665 habuerunt,
3339 603 3516 669 quoad

1947 689 2185 742 nondum
2212 689 2414 743 veritas
2442 686 2737 742 mulserat.
2760 688 2872 755 Qua
2892 692 3239 754 succedente.
3267 706 3371 745 non
3398 707 3519 761 qua:

1945 780 2186 847 imagini,
2206 780 2298 833 sed
2316 796 2434 848 qua:
2462 783 2676 833 veritati
2694 790 2999 851 congruunt
3019 781 3199 836 facere
3239 784 3516 841 convenit.

1942 869 2098 938 361
2132 868 2295 939 ldque
2315 872 2486 939 ipsum
2532 887 2653 924 cum
2681 873 2869 939 reliqui
2896 888 3081 926 omnes
3106 874 3377 942 discipuli,
3404 884 3515 928 tum

1956 962 2231 1027 apostolus
2255 960 2454 1015 Paulus
2484 963 2742 1015 ostendit.
2792 962 2897 1027 Qui
2927 964 3218 1031 ﬁguratum
3256 964 3383 1018 illud
3430 981 3516 1034 ge-

1942 1064 2042 1102 nus
2068 1058 2289 1116 propter
2316 1064 2436 1113 nos,
2467 1060 2525 1103 ut
2551 1051 2807 1115 diximus,
2831 1053 2881 1103 in
2909 1050 3175 1106 Paschate
3203 1054 3515 1123 azymisque

1942 1143 2300 1194 demonstrat.
2338 1141 2413 1196 De
2450 1143 2624 1196 altero
2661 1159 2791 1196 vero
2824 1144 2968 1212 quod
3002 1144 3336 1210 implicatum
3374 1144 3515 1211 inju-

1942 1232 2090 1285 uitia
2120 1243 2224 1290 est.
2254 1233 2516 1302 loquitur,
2558 1235 2861 1303 ('ttmlegem
2912 1237 3288 1288 mandatorum
3339 1236 3415 1290 ait
3458 1238 3513 1289 in

1944 1324 2276 1390 dogmatibus
2318 1325 2711 1391 abrogatum“.
2769 1325 2842 1378 De
2878 1326 3043 1379 tertio
3092 1326 3326 1395 denique
3367 1327 3513 1395 quod

1939 1410 2229 1464 deterioris
2262 1422 2343 1463 est
2392 1427 2588 1480 expers
2623 1430 2634 1466 :
2673 1414 2816 1474 Lex,
2858 1416 3069 1481 inquit,
3105 1426 3288 1468 sancta
3315 1425 3390 1469 est
3416 1455 3431 1483 ,
3462 1427 3512 1460 οι

1938 1499 2243 1551 mandatum
2276 1512 2538 1560 sanetum,
2576 1510 2625 1551 et
2654 1502 2865 1568 justum
2901 1512 2949 1554 et
2978 1504 3165 1555 bonum
3185 1503 3250 1557 ".

2009 1588 2368 1652 Quamobrem
2405 1591 2540 1642 satis
2585 1606 2855 1659 superque
2893 1594 3024 1658 tibi,
3080 1602 3341 1661 quantum
3381 1595 3509 1649 breo

1941 1677 2082 1730 viter
2113 1680 2500 1746 comprehendi
2533 1693 2728 1749 potest,
2768 1684 3077 1737 declaratas
3116 1701 3208 1739 eas
3242 1686 3387 1755 leges
3422 1703 3513 1741 aro

251 1740 260 1751 .
629 1740 655 1755 ν,
759 1740 770 1748 ,
866 1740 869 1741 ν
997 1740 1007 1757 ,
1124 1740 1142 1753 ,
1300 1740 1310 1758 ,

248 1789 423 1826 σασαν
469 1776 824 1845 νομοθεσίαν,
869 1779 963 1829 καὶ⁵
1014 1778 1175 1829 αὑτὸν
1214 1779 1304 1829 τὸν
1344 1778 1440 1832 τοῦ
1489 1779 1625 1832 Θεοῦ
1672 1780 1828 1850 νόμον

1869 1740 1907 1795 Β
1940 1767 2135 1833 bitror,
2174 1783 2295 1829 qua:
2339 1784 2404 1822 ex
2447 1772 2773 1825 auctoritate
2809 1774 3087 1826 hominum
3126 1777 3507 1843 irrepserunt;

244 1865 410 1934 τριχῆ
458 1866 849 1937 διαιρούμενον.
900 1868 1279 1937 Περιλείπεται
1336 1870 1392 1921 δὲ
1449 1870 1655 1940 ἡμῖντί
1704 1869 1831 1924 ποτέ

245 1958 395 2009 ἔστιν
440 1954 592 2021 οὗτος
630 1961 659 2011 6
700 1960 829 2021 Θεὸς
872 1963 898 2011 6
932 1960 1023 2010 τὸν
1070 1960 1230 2030 νόμον
1270 1960 1512 2031 θέμενος.
1558 1961 1715 2014 Ἀλλά
1742 1964 1834 2015 καὶ

242 2046 406 2100 τοῦτο
436 2048 673 2119 ἡγοῦμαί
717 2068 797 2102 σοι
833 2052 1097 2121 δεδεῖχθαι
1140 2054 1232 2105 ἐπὶ
1261 2053 1369 2105 τῶν
1400 2055 1831 2124 προειρημένων,

245 2140 293 2190 εί
344 2140 619 2208 ἐπιμελῶς
656 2142 917 2210 ἀκήκοας,
968 2143 1029 2194 El
1082 2142 1189 2213 γὰρ
1231 2146 1365 2213 μήτε
1412 2144 1498 2196 ὕπ’
1538 2144 1703 2197 αὑτοῦ
1740 2143 1832 2199 τοῦ

243 2226 451 2277 τελείου
476 2227 609 2279 Θεοῦ
632 2229 868 2281 τέθειται
891 2225 1066 2293 οὗτος,
1096 2231 1168 2295 ὠς
1190 2231 1526 2302 ἐδιδάξαμεν,
1557 2235 1694 2305 μήτε
1728 2234 1834 2305 μὴν

246 2316 353 2367 ὑπὸ
391 2317 483 2369 τοῦ
512 2319 780 2383 διαῆὀλου,
813 2322 840 2373 ὃ
879 2324 1012 2390 μηδὲ
1041 2323 1260 2387 θεμιτόν
1299 2327 1445 2379 ἐστιν
1476 2327 1678 2376 εἰπεῖν·
1715 2325 1832 2375 ἓτε-

248 2408 341 2472 ρὸς
366 2409 448 2470 τίς
480 2412 593 2461 ἐστι
622 2413 770 2481 παρά
799 2413 1019 2476 τούτους
1051 2407 1203 2477 οὗτος
1230 2418 1256 2467 ὁ
1283 2415 1505 2483 θέμενος
1530 2417 1618 2468 τὸν
1645 2418 1827 2485 νόμον.

243 2496 417 2562 Οὗτος
460 2501 515 2552 δὲ
566 2502 897 2573 δημιουργὸς
936 2506 1030 2556 καὶ
1077 2507 1303 2576 ποιητὴς
1332 2506 1485 2558 τοῦδε
1510 2507 1603 2558 τοῦ
1632 2507 1827 2571 παντός

241 2592 363 2642 ἐστι
401 2591 625 2660 κόσμου,
667 2595 757 2648 καὶ
797 2593 903 2644 τῶν
932 2598 989 2646 εν
1018 2594 1185 2663 αὐτῷ,
1217 2595 1400 2665 ἔτερος
1436 2594 1513 2647 ὢν
1558 2596 1703 2666 παρά
1732 2596 1829 2659 τὰς

238 2680 449 2733 τούτων
478 2684 684 2746 οὐσίας,
713 2684 873 2752 μέσος
895 2684 1097 2737 τούτων
1131 2686 1430 2749 καθεστὼς,
1454 2687 1705 2751 ὲνδίκως’
1737 2688 1830 2739 καὶ

237 2769 303 2822 τὸ
328 2769 425 2838 τῆς
458 2772 748 2840 μεσότητος
776 2773 944 2841 ὄνομα
976 2774 1304 2844 ἀποφέροιτο
1336 2776 1418 2828 ἄν.
1469 2776 1577 2826 Καὶ
1610 2778 1656 2827 εί
1693 2777 1719 2826 6
1743 2774 1832 2828 τέ-

238 2856 387 2919 λειος
414 2858 544 2921 Θεὸς
567 2860 768 2925 ἀγαθός
792 2863 907 2911 ἐστι
930 2861 1068 2913 κατὰ
1096 2863 1192 2931 τὴν
1218 2862 1408 2914 ἑαυτοῦ
1432 2862 1609 2930 φύσιν.
1640 2862 1829 2933 ὥσπερ

239 2947 344 3001 καὶ
402 2949 543 3000 ἔστιν
610 2946 735 3015 (ἕνα
758 2947 864 3014 γὰρ
888 2944 1081 3013 μόνον*
1108 2946 1256 3002 εἶναι
1282 2953 1503 3016 ἀγαθὸν
1533 2952 1695 3013 Θεὸν,
1723 2954 1828 3004 τὸν

1938 1852 2220 1927 ipsamque
2263 1858 2356 1913 Dei
2412 1861 2581 1928 legem
2634 1862 2899 1914 trifariam
2956 1879 3077 1916 esse
3109 1865 3362 1919 divisam.
3408 1866 3511 1919 Su-

1938 1957 2115 2015 perest
2151 1957 2208 2001 ut
2242 1950 2366 2015 quis
2402 1950 2489 2029 ill'e
2535 1952 2605 2004 sit
2649 1953 2786 2005 Deus
2820 1954 2953 2023 legis
2988 1964 3181 2007 auctor
3219 1955 3507 2011 dicendum

1937 2038 2205 2095 videatur.
2236 2040 2399 2108 Atqui
2428 2041 2577 2093 istud
2616 2043 2781 2094 etiam
2818 2059 2880 2097 ex
2933 2044 3032 2108 iis,
3080 2060 3200 2111 qua:
3244 2046 3512 2102 hactenus

1935 2128 2206 2197 disputata
2260 2140 2407 2191 sunt,
2464 2132 2507 2184 si
2545 2139 2747 2185 attente
2796 2134 3060 2197 audieris,
3110 2148 3235 2202 puto
3287 2136 3381 2189 tibi
3419 2137 3513 2189 de-

1934 2228 2320 2273 monstratum.
2363 2220 2495 2272 Nam
2529 2224 2571 2274 si
2606 2237 2784 2291 neque
2814 2238 2842 2275 a
2882 2225 3127 2292 perfecto
3164 2227 3254 2279 illo
3291 2226 3397 2280 Deo
3423 2244 3513 2295 po-

1934 2312 2034 2364 sita
2071 2310 2154 2365 lex
2191 2321 2295 2377 est,
2332 2313 2409 2364 uti
2451 2313 2739 2366 docuimus
2769 2330 2783 2377 ;
2819 2330 2995 2383 neque
3028 2331 3154 2367 vero
3188 2332 3216 2368 a
3268 2318 3508 2381 diabolo,

1932 2402 2073 2469 quod
2105 2404 2253 2455 dictu
2288 2402 2450 2456 etiam
2488 2403 2640 2459 nefas
2690 2416 2816 2459 est:
2858 2406 2998 2461 alius
3036 2409 3107 2460 sit
3152 2419 3389 2475 oportet,
3418 2412 3509 2479 qui

1932 2509 2051 2546 eam
2101 2493 2275 2562 legem
2323 2493 2639 2547 stabilierit.
2694 2492 2794 2548 Hic
2854 2506 2935 2549 est
2990 2497 3156 2565 igitur
3208 2498 3374 2552 totius
3424 2500 3510 2552 ille

1933 2589 2143 2653 mundi,
2187 2604 2489 2655 eorumque
2526 2603 2646 2655 qua“:
2698 2588 2750 2642 in
2800 2604 2864 2642 eo
2906 2592 3275 2658 continentur,
3314 2592 3509 2645 artifex

1930 2687 1984 2732 et
2016 2680 2291 2742 conditor,
2341 2678 2407 2730 ab
2440 2678 2657 2731 illorum
2690 2689 2883 2731 natura
2920 2680 3191 2745 diversus,
3238 2692 3293 2736 et
3330 2682 3381 2735 in
3414 2696 3509 2734 eo-

1933 2783 2051 2820 rum
2078 2768 2256 2820 medio
2292 2783 2390 2820 suo
2411 2766 2534 2834 jure
2562 2767 2949 2833 collocandus;
2987 2784 3090 2839 qua
3117 2784 3181 2825 ex
3220 2773 3510 2827 medietate

1930 2858 2041 2925 peti
2093 2858 2208 2925 ejus
2250 2858 2543 2925 appellatio
2576 2867 2772 2927 potest.
2819 2860 2972 2925 Quod
3020 2865 3065 2914 si
3113 2863 3391 2928 perfectus
3421 2863 3510 2918 ille

1932 2948 2070 3001 Deus
2102 2959 2300 3001 natura
2335 2966 2432 3004 sua
2489 2950 2664 3003 bonus
2697 2958 2803 3013 est,
2846 2962 2904 3004 ut
2945 2961 3027 3004 est
3080 2969 3271 3007 revera
3326 2953 3508 3009 (unum

234 3037 457 3090 ἑαυτοῦ
483 3035 767 3102 Πατέρα,ό
792 3040 984 3110 Σωτὴρ
1014 3040 1169 3110 ἡμῶν
1206 3042 1538 3111 ἀπεφήνατο,
1573 3043 1630 3093 ὃν
1662 3042 1823 3105 αὐτὸς

1856 3053 1895 3108 (ζ
1929 3042 2063 3094 enim
2091 3044 2280 3095 bonum
2314 3059 2424 3095 esse
2449 3042 2637 3106 Deum,
2678 3060 2739 3096 ac
2784 3044 3069 3097 Parenlem
3110 3062 3264 3097 suum
3298 3046 3364 3110 “,
3392 3046 3509 3099 Sal-

238 3126 607 3193 ἐφινέρωσεν)
634 3142 646 3155 ’
702 3127 815 3178 ἐστι
872 3128 928 3179 δὲ
982 3129 1073 3181 καὶ
1107 3132 1135 3181 6
1172 3129 1273 3189 τῆς
1314 3130 1405 3182 τοῦ
1451 3133 1825 3204 ἀντικειμένου

238 3215 459 3283 φύσεως
500 3216 665 3277 κακός
715 3234 773 3268 τε
820 3220 911 3271 καὶ
944 3218 1199 3289 πονηρὸς,
1240 3223 1296 3272 ὲν
1340 3222 1522 3294 ἀδικίᾳ
1553 3242 1827 3299 χαρακτη-

241 3304 554 3375 ριζόμενος·
599 3307 804 3359 τούτων
832 3309 888 3360 δὲ
917 3305 1009 3361 οὖν
1045 3310 1207 3375 μέσον
1236 3312 1535 3384 καθεστὼς,
1567 3318 1657 3368 καὶ
1690 3320 1825 3388 μήτε

237 3397 444 3464 ἀγαθὸς
481 3396 574 3460 ὢν,
632 3400 768 3469 μήτε
816 3400 912 3469 μὲν
958 3402 1148 3465 κακὸς,
1201 3405 1335 3472 μήτε
1366 3403 1567 3468 ἄδικος,
1596 3406 1738 3466 tam;
1766 3425 1825 3460 τε

234 3486 455 3557 λεχθείη
502 3486 567 3541 ἂν
614 3489 840 3553 δίκαιος,
888 3491 985 3561 τῆς
1032 3494 1151 3544 κατ’
1184 3494 1343 3546 αὐτὸν
1382 3495 1722 3567 δικαιοσύνης
1745 3497 1826 3551 ὼν

239 3578 565 3648 βραδευτής.
599 3581 709 3633 Καὶ
733 3581 882 3634 ἔσται
910 3585 1007 3652 μὲν
1044 3585 1464 3651 καταδεέστερος
1495 3586 1588 3639 τοῦ
1616 3588 1824 3642 τελείου

235 3667 397 3732 Θεοῦ,
441 3670 665 3740 καὶτῆς
696 3673 909 3724 ἐκείνου
942 3670 1283 3744 δικαιοσύνης
1324 3675 1557 3730 ἐλάττων
1606 3673 1757 3740 οὗτος
1798 3681 1826 3732 6

236 3760 391 3823 θεὸς,
436 3760 529 3812 ἀτε
570 3760 763 3829 δήκαὶ
808 3761 1063 3831 γεννητὸς
1107 3762 1200 3826 ὢν,
1248 3765 1340 3817 καὶ
1382 3766 1482 3817 οὐκ
1508 3767 1819 3838 ἀγέννητος.

237 3847 340 3915 Εἷς
372 3852 478 3922 γάρ
520 3854 666 3904 ἐστιν
710 3852 1004 3924 ἀγέννητος
1045 3856 1072 3907 6
1110 3855 1319 3925 Πατὴρ,
1364 3856 1423 3919 ἐξ
1460 3853 1519 3910 οῦ
1554 3858 1621 3909 τά
1648 3859 1824 3913 πάντα

238 3941 408 4009 ίδξως,
434 3942 542 3993 τῶν
590 3942 806 3995 πάντων
830 3944 1153 4013 ἠρτημένων
1188 3946 1280 3996 ἀπ’
1312 3946 1495 3999 αὑτοῦ.
1522 3949 1737 4012 Μείζων
1765 3950 1822 4002 δὲ

235 4035 334 4084 καὶ
354 4033 684 4103 κυριώτερος
714 4033 805 4084 τοῦ
834 4035 1207 4103 ἀντικειμένου
1247 4039 1551 4105 γενήσεται,
1584 4039 1675 4090 καὶ
1708 4040 1821 4090 ἑτέ-

238 4136 339 4190 ρας
370 4122 553 4183 οὐσίας
582 4138 641 4172 τε
684 4122 776 4173 καὶ
798 4120 1011 4189 φύσεως
1036 4120 1295 4190 πεφυκὼς
1326 4124 1476 4195 παρά
1504 4126 1600 4195 τὴν
1633 4126 1822 4178 ἑκατέ-

237 4226 349 4281 ρων
378 4211 583 4263 τούτων
608 4212 811 4265 οὐσίαν.
847 4212 950 4264 Τοῦ
991 4214 1088 4282 μὲν
1123 4213 1229 4283 γὰρ
1272 4214 1645 4283 ἀντικειμένου
1673 4218 1820 4269 ἐστὶν

234 4304 271 4371 ἡ
320 4301 473 4353 οὐσία
518 4303 693 4370 φθορά
731 4319 789 4353 τε
834 4304 927 4353 καὶ
959 4302 1167 4365 σκότος,
1202 4303 1381 4365 ὐλικὸς
1410 4304 1517 4373 γὰρ
1546 4300 1697 4367 οὗτος
1729 4308 1819 4359 καὶ

235 4394 578 4464 ποὶοςσχεδής
610 4396 649 4425 ⁸⁷
680 4410 692 4423 ⁸
733 4394 827 4445 τοῦ
856 4394 913 4446 δὲ
945 4395 1157 4465 Πατρὸς
1182 4395 1287 4447 τῶν
1317 4396 1449 4447 ὅλων
1471 4395 1563 4447 τοῦ
1593 4398 1819 4467 ἀγεννή-

227 4500 329 4535 του
372 4486 405 4553 ἡ
450 4485 605 4535 οὐσία
649 4486 793 4536 ἐστὶν
836 4484 1111 4554 ἀφθαρσία
1160 4502 1219 4537 τε
1262 4486 1353 4537 καὶ
1396 4486 1507 4553 φῶς
1550 4486 1711 4550 αὐτὸ,
1754 4486 1813 4539 ὃν

231 4575 439 4630 ἁπλοῦν
480 4594 538 4627 τε
564 4578 658 4627 καὶ
690 4574 976 4645 μονοειδές.
1017 4576 1079 4627 Ἦ
1122 4576 1176 4628 δὲ
1206 4575 1409 4629 τούτων
1445 4577 1599 4629 οὐσία
1633 4578 1811 4648 διττὴν

233 4668 339 4737 μέν
364 4685 483 4719 τινα
504 4666 729 4737 δύναμιν
756 4668 1089 4737 προήγαγεν,
1118 4667 1277 4729 αὐτὸς
1300 4667 1356 4719 δὲ
1382 4666 1473 4719 τοῦ
1509 4667 1813 4738 κρείττονός

229 4764 384 4815 ἐστιν
411 4761 587 4813 εἰκὼν.
615 4761 763 4831 Μηδέ
792 4778 849 4813 σε
890 4759 1053 4813 τανῦν
1080 4758 1235 4811 τοῦτο
1271 4759 1565 4829 θορυὸείτω
1583 4800 1596 4823 ,
1626 4760 1811 4811 θέλου-

232 4868 337 4904 σαν
370 4851 580 4920 μαθεῖν,
616 4851 731 4914 πῶς
758 4851 863 4902 ἀπὸ
901 4851 1028 4919 μιᾶς
1052 4850 1226 4920 ἀρχῆς
1254 4849 1362 4901 τῶν
1392 4850 1527 4903 ὅλων
1559 4847 1723 4919 οὔσης
1751 4868 1809 4903 τε

229 4942 331 4993 καὶ
355 4941 612 5011 όμολογου
622 4942 789 5011 μένης
817 4942 971 5009 ἡμῖν,
1023 4940 1117 4991 καὶ
1161 4941 1620 5010 πεπιστευμένης,
1649 4940 1741 4993 τοῦ
1768 4941 1812 4972 ⁸⁸

230 5034 548 5101 ἀγεννήτου,
583 5032 675 5084 καὶ
721 5030 1016 5100 ἀφθάρτου,
1066 5031 1159 5083 καὶ
1198 5031 1428 5101 ἀγαθῆς,
1482 5034 1811 5102 συνέστησαν

230 5126 329 5177 καὶ
354 5120 510 5177 αὗται
537 5125 589 5175 αἱ
629 5122 837 5190 φύσεις,
870 5122 904 5191 ἢ
933 5139 991 5174 τε
1019 5122 1116 5190 τῆς
1156 5123 1358 5192 φθορᾶς
1385 5124 1477 5175 καὶ
1516 5124 1615 5193 τῆς
1654 5125 1812 5193 μεσό-

226 5231 415 5284 τητος,
460 5210 803 5283 ἀνομοούσιαι
848 5198 1006 5265 αὗται
1052 5213 1427 5265 καθεστῶσαι-
1463 5215 1557 5266 τοῦ
1602 5214 1808 5281 ἀγαθοῦ

229 5310 395 5376 φύσιν
423 5306 633 5375 ἔχοντος
668 5304 734 5357 τὰ
774 5306 934 5375 ὅμοια
962 5305 1155 5359 ἑαυτοῦ
1189 5306 1282 5358 καὶ
1312 5306 1572 5374 ὁμοούσια
1618 5310 1811 5380 γεννᾷν

225 5416 289 5452 τι
330 5399 427 5452 καὶ
454 5398 764 5467 προφέρειν.
797 5397 1032 5468 Μαθήσῃ
1061 5398 1202 5467 γὰρ,
1233 5396 1367 5448 Θεοῦ
1398 5398 1650 5462 διδόντος,
1684 5400 1811 5467 ἑξῆς

227 5493 322 5543 καὶ
345 5489 445 5559 τὴν
478 5487 669 5541 τούτου
694 5489 867 5559 ἀρχήν
888 5505 949 5540 τε
978 5487 1067 5541 καὶ¹
1096 5487 1367 5557 γέννησιν,
1397 5480 1688 5559 ἀξιουμένη
1713 5490 1810 5559 τῆς

227 5579 591 5648 ἀτωστολικῆς
636 5577 1002 5648 παραδόσεως,
1050 5578 1115 5648 ἢν
1151 5581 1215 5631 ὲκ
1245 5578 1495 5649 διαδοχῆς
1524 5580 1617 5631 καὶ
1644 5582 1809 5649 ἡμεῖς

1936 3143 2088 3187 vzuor
2120 3131 2390 3195 asseruit,
2428 3148 2586 3196 quem
2626 3143 2678 3186 et
2714 3134 3023 3187 hominibus
3070 3134 3344 3208 patefecit)
3377 3156 3389 3204 ;
3425 3150 3507 3193 est

1932 3233 2112 3274 autem
2164 3232 2218 3275 et
2256 3208 2531 3275 contraria
2589 3234 2785 3277 natura
2832 3225 3114 3293 praeditus,
3151 3226 3325 3281 malus
3355 3228 3507 3281 vide-

1933 3314 2055 3369 licet
2092 3328 2155 3368 ac
2198 3330 2416 3383 pravus,
2474 3317 2563 3383 qui
2615 3316 2876 3383 injustitia
2913 3317 3059 3387 velut
3103 3320 3319 3386 propria
3377 3326 3506 3373 nuta

1930 3406 2446 3471 circtnnscribitur;
2485 3407 2573 3475 qui
2614 3410 2756 3459 inter
2800 3406 2989 3461 ambos
3029 3407 3149 3461 illos
3182 3408 3505 3476 interjectus

1928 3502 2030 3559 est,
2063 3506 2117 3547 ut
2156 3510 2332 3562 neque
2362 3495 2557 3557 b0nus,
2598 3510 2773 3563 neque
2803 3497 2973 3549 malus
3018 3499 3085 3550 sit
3121 3510 3212 3551 aut
3247 3498 3499 3567 injttstus,

1928 3584 2188 3651 peculiari
2245 3584 2480 3651 quadam
2521 3584 2732 3636 ratione
2773 3586 2952 3652 justus
2983 3586 3242 3653 appellari
3298 3600 3497 3656 potest,

1926 3684 2191 3742 quatenus
2237 3672 2468 3739 justitiae
2530 3689 2691 3742 quam
2750 3675 2953 3739 habet,
3026 3677 3500 3733 administratione

1926 3764 2187 3832 fungitur.
2222 3767 2397 3831 Atque
2428 3778 2484 3818 et
2518 3764 2757 3831 perfecto
2792 3764 2903 3818 Deo
2936 3766 3138 3830 minor,
3170 3776 3225 3819 et
3272 3767 3500 3833 iustitia

1927 3854 2071 3906 illius
2104 3856 2278 3922 impar
2312 3855 2382 3909 sit
2413 3855 2552 3908 idem
2586 3854 2677 3908 ille
2727 3854 2869 3910 Deus
2896 3866 3131 3923 oportet,
3166 3868 3355 3924 utpote
3391 3875 3497 3911 non

1926 3946 2217 4012 ingenitus,
2261 3947 2353 3998 sed
2388 3946 2740 4014 generatione
2786 3946 3107 4014 productus.
3160 3946 3311 4001 Unus
3352 3949 3498 4000 enim

1922 4042 2004 4088 est
2034 4036 2307 4105 ingenitus
2340 4034 2523 4100 Pater,
2571 4052 2598 4087 a
2634 4050 2743 4102 quo
2785 4036 3002 4105 proprie
3042 4044 3167 4088 sunt
3208 4037 3491 4101 universa,

1925 4142 2044 4179 cum
2079 4129 2146 4179 ab
2177 4140 2239 4179 eo
2272 4124 2538 4194 pendeant
2571 4127 2776 4179 omnia.
2820 4126 2937 4179 Erit
2968 4135 3143 4179 tamen
3179 4126 3498 4179 adversario

1923 4218 2014 4273 illo
2046 4218 2219 4272 altero
2254 4216 2425 4285 major
2456 4232 2519 4269 ae
2554 4218 2921 4287 praestantior,
2969 4218 3182 4272 tametsi
3220 4218 3492 4272 diversam

1923 4308 1993 4361 sit
2023 4309 2090 4361 ab
2124 4318 2355 4375 utroque
2404 4317 2657 4360 naturam
2705 4308 3179 4376 substantiamque
3244 4308 3490 4361 sortitus.

1856 4385 1896 4441 D
1927 4398 2057 4450 Nam
2114 4396 2413 4450 adversarii
2463 4406 2653 4450 natura
2691 4398 2969 4464 cerrnptio
2996 4405 3077 4449 est
3112 4410 3175 4449 ac
3217 4396 3489 4450 tenebrae:

1923 4504 2045 4543 cum
2082 4488 2307 4542 materia
2354 4487 2551 4555 quippe
2603 4495 2895 4539 concretus
2925 4496 3006 4539 est
3056 4501 3118 4539 ac
3184 4486 3487 4553 multiplex.

1921 4580 1988 4633 At
2023 4578 2269 4631 Parentis
2315 4579 2555 4637 omnium
2610 4577 2835 4644 ingeniti
2892 4572 3085 4629 natura
3121 4576 3492 4644 corruptionis

1921 4679 2001 4724 est
2026 4684 2244 4739 expers,
2273 4669 2472 4737 luxque
2506 4669 2643 4736 ipsa,
2674 4668 2906 4735 simplex
2940 4678 2993 4719 et
3024 4666 3354 4721 uniusmodi.
3384 4665 3491 4721 Ho-

1923 4778 2041 4816 rum
2090 4771 2281 4814 natura
2334 4760 2600 4829 duplicem
2650 4775 2780 4814 sane
2813 4761 3067 4812 virtutem
3110 4758 3338 4827 peperit.
3383 4756 3489 4812 Sed

1916 4854 2179 4909 Conditor
2224 4863 2398 4907 tamen
2450 4855 2562 4921 ipse
2607 4852 2784 4920 imago
2818 4852 3215 4920 praestantioris
3246 4860 3347 4906 est.
3382 4848 3488 4905 Ne-

1913 4961 2018 5017 que
2069 4959 2200 4998 vero
2248 4959 2310 4995 ea
2367 4955 2419 4996 te
2467 4956 2552 4995 res
2599 4944 2905 5010 perturbet,
2959 4943 3103 4995 scire
3148 4941 3483 5009 cupientem,

1913 5037 2181 5105 quomodo
2210 5051 2331 5089 cum
2367 5050 2533 5087 unum
2567 5034 2659 5097 sit,
2708 5042 2761 5087 et
2791 5048 2912 5085 esse
2959 5032 3228 5085 fateamur
3268 5046 3330 5085 ac
3365 5046 3484 5085 creo

1912 5128 2121 5193 damus,
2174 5140 2352 5177 rerum
2403 5124 2646 5178 omnium
2695 5122 3053 5191 Principium,
3114 5122 3481 5191 generationis

1911 5232 2066 5286 aeque
2106 5232 2169 5271 ac
2222 5215 2589 5283 corruptionis
2640 5230 2837 5281 expers
2866 5254 2879 5276 ,
2945 5214 3195 5281 idemque
3239 5214 3476 5277 bonum;

1910 5308 2081 5361 amba:
2108 5308 2187 5360 lia:
2218 5316 2425 5358 natura:
2472 5314 2730 5357 constare
2774 5303 3077 5371 potuerint,
3109 5302 3479 5371 corruptionis

1912 5398 2189 5461 nimirum,
2221 5406 2275 5449 et
2303 5396 2495 5450 media:
2524 5394 2807 5463 cujusdam
2836 5394 3185 5457 conditionis,
3216 5408 3337 5462 qua:
3359 5408 3388 5444 a
3421 5407 3478 5446 se

1911 5488 2141 5541 invicem
2180 5497 2378 5540 natura
2412 5486 2764 5553 discrepent;
2803 5500 2928 5538 cum
2982 5484 3035 5537 id
3073 5485 3216 5538 bono
3252 5484 3475 5537 insitum

1912 5582 2003 5639 sit.
2032 5589 2091 5633 ut
2115 5579 2219 5634 sibi
2258 5593 2423 5647 quam
2454 5578 2750 5643 simillima,
2793 5577 3145 5646 ejusdemque
3174 5588 3355 5631 secum
3389 5590 3478 5629 na-

311 5756 356 5787 “
376 5758 514 5830 Eph.
552 5776 611 5822 ιι,
651 5760 733 5814 15.
806 5761 851 5793 ⁸³
884 5759 1040 5813 Rom.
1071 5775 1172 5825 vn,
1209 5762 1301 5818 12.
1376 5762 1420 5795 “
1457 5758 1646 5815 Matth.
1693 5772 1807 5827 xu,

1856 5756 1929 5813 l7.
2008 5757 2050 5789 "
2087 5755 2215 5812 Cor.
2244 5753 2598 5825 κολυσχιδὴς.
2676 5753 2721 5786 ⁸³
2772 5752 2897 5821 qu.
2931 5752 3054 5824 τῆς.

509 5855 783 5915 Panos.
832 5854 948 5916 Gn.
997 5854 1134 5917 ΥΠ.

3085 5847 3155 5907 Μ
