4230 6322
749 391 882 449 ιθθι

1706 387 2050 444 APPENDIX
2092 387 2182 442 AD
2222 371 2534 455 QUINQUE
2572 387 2831 443 meum
2871 389 3144 448 uanos.

3883 395 4018 451 ηοξ

747 521 885 566 tum
916 510 1100 580 gignat
1131 525 1194 565 ac
1232 508 1498 580 proferat.
1530 507 1608 562 Tu
1646 509 1814 575 enim,
1858 508 2161 578 opitulante
2195 509 2322 572 Deo,

2432 508 2865 578 παρειλήφαμεν,
2904 510 3042 579 μετὰ
3079 511 3172 562 καὶ
3202 510 3295 563 τοῦ
3332 513 3609 568 κανονίσαι
3651 515 3859 576 πάντας
3890 514 4016 576 τοὺς

749 601 911 670 hujus
933 600 1260 671 principium
1284 613 1348 652 ac
1375 598 1787 668 generationem
1823 599 2012 652 animo
2038 598 2326 666 percipies,

749 694 840 748 ubi
875 691 1129 747 traditam
1152 690 1446 761 quamdam
1478 690 1546 743 ab
1588 688 1849 757 apostolis
1896 689 2204 743 doctrinam
2235 703 2333 741 au-

749 784 938 848 dieris,
970 797 1131 852 quam
1166 795 1265 840 nos
1297 780 1652 835 successione
1678 781 1911 847 quadam
1943 780 2009 833 ad
2036 794 2136 833 nos
2157 775 2332 847 usque

751 883 1103 945 propagatam
1133 872 1484 941 accepimus:
1520 888 1644 926 cum
1694 886 1760 925 eo
1803 869 2048 938 quidem,
2081 879 2140 923 ut
2165 868 2329 938 quid-

749 968 880 1037 quid
914 965 1200 1020 offerretur
1224 967 1275 1018 in
1305 965 1564 1027 medium,
1619 963 1670 1018 id
1700 963 1767 1016 ad
1795 962 2098 1018 Salvatoris
2129 962 2334 1016 doctri-

748 1073 872 1112 nam
907 1055 1052 1110 velut
1089 1053 1329 1124 regulam
1361 1053 1636 1124 exigatur.
1673 1051 1800 1107 Haec
1833 1051 1949 1114 tibi,
1984 1050 2148 1106 Flora
2171 1064 2331 1105 soror

747 1150 1097 1214 charissima,
1148 1146 1340 1216 paucis
1390 1147 1667 1215 explicare
1699 1161 1807 1200 non
1852 1144 2047 1213 piguit,
2084 1156 2327 1197 summa-

2430 596 2618 663 λόγους
2663 600 2729 667 τῇ
2779 597 2872 649 τοῦ
2926 597 3178 667 Σωτῆρος
3224 599 3558 670 διδασκαλίᾳ.
3610 599 3799 654 Ταῦτά
3841 591 4016 663 σοι,ὧ

2433 689 2635 762 ἀδελφή
2669 709 2769 760 μου
2797 690 3011 762 Φλώρα,
3040 693 3105 744 δι’
3126 692 3322 760 ὀλίγων
3343 693 3608 763 εἰρημένα
3631 692 3733 746 οὐκ
3755 689 4014 760 ὴτὸνησα,

2434 787 2528 838 καὶ
2555 787 2614 838 τὸ
2641 789 2740 858 τῆς
2786 790 3075 858 συντομίας
3105 790 3428 860 προέγραψα
3449 807 3460 820 ·
3493 791 3608 860 ἅμα
3646 791 3743 861 μὲν
3784 789 3845 841 τὸ
3882 802 4014 859 προσ

2433 879 2684 948 κείμενον
2719 880 3084 952 ἀποχρώντως
3108 881 3366 952 ὲξέφηνα.
3398 883 3463 934 Ἀ
3491 882 3581 935 καὶ
3603 884 3682 944 είς
3703 881 3772 934 τά
3799 878 3927 949 ἑξῆς
3948 879 4017 933 τά

2436 967 2668 1037 μέγιστά
2710 986 2792 1022 σοι
2835 969 3226 1040 συμϐαλεῖται,
3270 971 3364 1024 ὲάν
3395 988 3457 1038 γε
3485 1011 3498 1033 ,
3537 970 3613 1033 ὡς
3651 969 3790 1040 καλὴ
3826 969 3898 1038 γῆ
3927 969 4017 1020 καὶ

2431 1057 2650 1128 ἀγαθὴ,
2695 1059 2934 1128 γονίμων
2962 1060 3294 1130 σπερμάτων
3333 1059 3593 1130 τυχοῦσα,
3619 1060 3708 1112 τὸν
3747 1059 3814 1112 δι’
3832 1058 4014 1125 αὐτῶν

2431 1147 2641 1217 καρπὸν
2679 1148 2988 1213 ἀναδείξης.

749 1243 958 1310 titnque
991 1241 1297 1310 praescripsi
1331 1240 1445 1295 :ita
1518 1250 1696 1295 tamen
1732 1248 1790 1293 ut
1829 1240 1976 1308 quod
2015 1247 2133 1293 erat
2196 1238 2573 1307 propositum,
2620 1254 2886 1310 quantum
2939 1245 3079 1299 satis
3139 1253 3308 1306 esset.
3361 1243 3776 1300 declaraverim.
3843 1240 4016 1307 Quam

747 1349 865 1390 rem
904 1336 1162 1402 deinceps
1211 1349 1408 1403 magno
1463 1335 1559 1389 tibi
1605 1335 1724 1390 usui
1794 1336 1911 1389 fore
1961 1332 2216 1388 confido:
2291 1332 2336 1386 si
2374 1334 2575 1403 modo,
2606 1338 2833 1406 perinde
2886 1352 2952 1394 ac
2983 1339 3162 1394 bonus
3191 1353 3321 1409 ager
3349 1350 3404 1395 et
3433 1339 3734 1404 fecundus,
3789 1342 4018 1403 excepta

747 1427 954 1485 semina
989 1425 1263 1480 fructuum
1295 1425 1544 1482 ubertate
1574 1439 1914 1495 compenses.

1700 1661 1862 1734 362
1893 1664 2450 1728 HERACLEONIS
2486 1667 3003 1731 FRAGMENTA.

744 1801 1122 1878 Fragmenta
1165 1791 1570 1855 Heracleom's
1595 1792 2200 1878 Commentariorum
2224 1797 2294 1855 in
2322 1795 2388 1855 S.
2437 1795 2613 1855 Luca:
2640 1797 3072 1878 Epangelt’um,
3114 1811 3194 1855 ea:
3241 1793 3572 1858 Clementis
3598 1789 4022 1854 Alexandrini

1930 1870 2039 1932 lib.
2071 1889 2133 1934 tv
2158 1873 2480 1946 Stromat.,
2503 1891 2658 1951 pag.
2697 1870 2835 1935 502.

815 2004 970 2058 Hunc
1011 1999 1189 2056 locum
1241 1999 1286 2030 “
1331 2011 1616 2065 exponens
1664 1995 2005 2060 Heracleon,
2057 1995 2213 2064 cujus
2265 1996 2318 2051 in

2497 1997 2699 2050 Τοῦτον
2727 1997 3092 2069 ἐξηγούμενος
3134 1998 3226 2051 τὸν
3270 1997 3434 2051 τόπον
3473 1995 3809 2067 Ἡρακλέων,
3852 1997 3882 2047 ὁ
3919 1996 4023 2064 τῆς

744 2093 930 2152 schola
961 2089 1234 2147 Valentini
1267 2089 1368 2142 fuit
1401 2088 1636 2141 maxima
1670 2087 2033 2152 existimatio,
2074 2086 2163 2142 his
2196 2099 2323 2140 ver-

747 2188 828 2241 bis
857 2185 1010 2249 dicit,
1069 2180 1469 2236 confessionem
1510 2178 1730 2248 quidem
1784 2193 1950 2232 unam
1981 2194 2102 2234 esse
2145 2178 2250 2233 fide
2275 2189 2329 2234 et

743 2279 868 2332 vitae
901 2275 1286 2335 institutione,
1343 2271 1572 2326 alteram
1607 2285 1736 2325 vero
1771 2285 1922 2325 voce.
1977 2271 2159 2339 Atque
2209 2286 2329 2339 quae

743 2369 804 2423 fit
836 2365 1054 2437 quidem
1087 2378 1221 2419 voce
1241 2361 1539 2424 confessio,
1562 2361 1621 2415 fit
1643 2362 1808 2415 etiam
1835 2362 1976 2432 apud
2000 2370 2326 2430 potestates,

741 2470 907 2526 quam
934 2457 1128 2518 solam,
1161 2455 1362 2522 inquit,
1399 2450 1556 2504 multi
1590 2465 1695 2503 non
1742 2459 1890 2504 recte
1925 2448 2326 2504 confessionem

743 2564 868 2603 esse
921 2545 1282 2608 existimant;
1340 2550 1568 2611 possunt
1621 2550 1802 2595 autem
1847 2542 1951 2595 hac
1985 2541 2330 2596 confessione

745 2640 820 2693 uti
853 2637 1018 2694 etiam
1053 2632 1379 2706 hypocrita.
1416 2631 1524 2686 Sed
1555 2646 1732 2700 neque
1758 2632 1846 2686 hic
1882 2645 2062 2687 sermo
2098 2645 2327 2702 genera-

742 2733 870 2787 liter
896 2731 1073 2785 dictus
1103 2725 1562 2796 deprehendetur.
1592 2722 1707 2777 Non
1764 2724 1907 2778 enim
1956 2739 2146 2778 omnes
2168 2763 2183 2787 ,
2233 2722 2327 2792 qui

743 2823 880 2878 salvi
924 2820 1082 2884 fiunt,
1111 2833 1174 2872 ea
1204 2816 1574 2877 confessione,
1602 2829 1721 2882 quae
1753 2829 1886 2868 voce
1935 2813 2015 2875 fit,
2062 2815 2143 2866 usi
2177 2825 2326 2874 sunt,

743 2925 799 2968 et
829 2924 1116 2967 excessere.
1144 2924 1158 2960 :
1193 2921 1262 2961 ex
1295 2907 1499 2976 quibus
1532 2915 1616 2960 est
1662 2904 1975 2970 Mattheus,
2018 2903 2326 2974 Philippus,

745 3004 1008 3066 Thomas,
1046 2998 1226 3062 Levis,
1259 3005 1314 3050 et
1346 2995 1644 3052 aliimulti.
1672 2995 1902 3049 Accedit
1929 2993 2076 3062 quod
2099 3009 2184 3060 ea,
2209 3010 2329 3063 quas

744 3109 877 3148 voce
905 3093 963 3146 fit
987 3090 1286 3154 confessio,
1320 3100 1428 3142 non
1459 3087 1791 3140 universalis
1820 3095 1924 3149 est,
1958 3086 2052 3140 sed
2088 3086 2330 3154 particu-

743 3184 920 3247 laris;
955 3181 1227 3251 generalis
1251 3187 1460 3241 autem,
1485 3179 1553 3231 de
1588 3192 1692 3244 qua
1715 3192 1860 3231 nunc
1901 3175 2141 3245 loquitur
2177 3175 2330 3237 (Ser-

2429 2086 2782 2139 Οὐαλεντίνου
2809 2088 3007 2158 σχολῆς
3049 2085 3437 2156 δοκιμώτατος,
3465 2086 3607 2140 κατά
3639 2086 3783 2149 λέξιν
3831 2085 4022 2154 φησὶν,

2427 2177 2718 2248 ὁμολογίαν
2748 2175 2887 2230 εἶναι
2923 2180 3036 2249 τὴν,
3072 2179 3170 2248 μὲν
3200 2180 3258 2230 ὲν
3293 2178 3368 2249 ’τῇ
3399 2179 3588 2230 πίστει
3612 2177 3706 2230 καὶ
3749 2174 4022 2244 πολιτείᾳ,

2427 2268 2527 2338 τὴν
2559 2267 2614 2320 δὲ
2643 2269 2701 2321 ὲν
2743 2272 2916 2339 φωνῇ.
2961 2270 3024 2322 Ἦ
3072 2270 3170 2338 μὲν
3209 2265 3302 2322 οὖν
3345 2271 3403 2321 ὲν
3446 2271 3596 2338 φωνῇ
3641 2265 3900 2337 ὁμολογία
3925 2263 4027 2318 καὶ

2429 2359 2649 2413 ἐπὶτῶν
2685 2359 2945 2424 ἐξουσιῶν
2990 2360 3230 2429 γίνεται·
3265 2361 3330 2430 ῆν
3365 2361 3566 2430 μόνην,
3599 2359 3786 2429 φησὶν,
3830 2356 4029 2427 ὁμολο-

2428 2451 2554 2519 γίαν
2585 2451 2844 2521 ἡγοῦνται
2874 2447 3014 2505 εἶναι
3047 2453 3096 2503 of
3136 2451 3354 2514 πολλοὶ,
3397 2451 3496 2520 οὐχ
3526 2449 3695 2518 ὑγιῶς
3717 2467 3731 2480 ’
3770 2449 4031 2500 δύνανται

2428 2543 2485 2594 δὲ
2520 2542 2723 2611 ταύτην
2747 2542 2846 2610 τὴν
2874 2541 3165 2611 ὁμολογίαν
3196 2543 3290 2594 καὶ
3317 2543 3364 2593 of
3397 2541 3690 2610 ὑποκριταὶ
3716 2538 4025 2609 ὁμολογεῖν.

2443 2631 2580 2684 Ἀλλ’
2603 2632 2712 2685 οὐδ’
2744 2633 3100 2702 εὑρεθήσεται
3127 2625 3282 2695 οὗτος
3309 2633 3337 2684 ὁ
3358 2631 3514 2699 λόγος
3539 2629 3842 2692 καθολικῶς
3871 2629 4031 2699 εἰρη-

2434 2723 2610 2786 μένος.
2641 2725 2714 2775 Οὐ
2749 2723 2858 2792 γὰρ
2884 2725 3082 2786 πάντες
3125 2727 3174 2776 οἱ
3204 2721 3499 2794 σωζόμενοι
3526 2723 3884 2794 ὡμολόγησαν
3922 2721 4032 2790 τῆν

2429 2813 2518 2865 διὰ
2550 2813 2646 2880 τῆς
2688 2815 2872 2885 φωνῆς
2912 2815 3221 2883 ὁμολογίαν,
3253 2816 3346 2868 καῖ⁹
3390 2815 3610 2886 ἐξῆλθον
3635 2832 3648 2844 ·
3683 2814 3744 2878 ἐξ
3770 2807 3844 2866 ὧν
3869 2815 4032 2866 Ματ-

2432 2902 2608 2967 θαϊος,
2632 2905 2914 2968 Φίλιππος,
2938 2905 3395 2976 Θωμᾶς,Λευῖς⁷⁰,
3420 2907 3512 2959 καὶ
3538 2905 3685 2960 ἄλλοι
3701 2904 4031 2958 πολλοί.Καὶ

2430 2993 2576 3048 ἔστιν
2615 2999 2647 3065 ἡ
2694 2995 2782 3049 διὰ
2811 2997 2910 3066 τῆς
2952 2997 3136 3067 φωνῆς
3174 2998 3433 3067 ὁμολογία
3472 2999 3530 3051 οὐ
3563 2997 3858 3072 καθολικὴ,
3884 2997 4027 3051 ἀλλά

2435 3087 2632 3158 μερική
2655 3105 2667 3116 ·
2701 3087 2963 3158 καθολικὴ
2993 3087 3070 3150 δὲ,
3105 3087 3169 3158 ῆν
3195 3088 3290 3140 νῦν
3318 3087 3486 3156 λέγει,
3513 3089 3611 3159 τὴν
3635 3091 3693 3142 ὲν
3720 3090 3900 3161 ἔργοις
3928 3091 4030 3144 καὶ

2433 3175 2662 3245 πράξεσι
2692 3175 3046 3246 καταλλήλοις
3076 3177 3174 3247 τῆς
3196 3179 3287 3242 -εῐς
3316 3179 3478 3232 αὑτὸν
3505 3180 3760 3244 πίστεως.
3788 3182 4030 3238 Ἕπεται

743 3272 962 3340 valor),
996 3285 1058 3323 ea
1091 3277 1176 3324 est
1197 3282 1320 3336 quae
1351 3267 1411 3320 fit
1443 3267 1603 3321 factis
1627 3275 1680 3320 et
1711 3267 1988 3336 operibus,
2021 3266 2070 3320 ei
2097 3282 2218 3336 quae
2245 3275 2329 3320 est

2432 3266 2488 3318 δὲ
2518 3267 2690 3338 ταύτῃ
2715 3271 2783 3337 τῇ
2815 3267 3072 3339 ὁμολογίᾳ⁵
3099 3270 3190 3321 καὶ¹
3218 3272 3249 3339 ἠ
3280 3272 3502 3342 μερικὴ,
3541 3274 3572 3342 ὴ
3605 3273 3697 3324 ἐπὶ
3724 3275 3831 3326 τῶν
3871 3277 4030 3339 ὲξου-

745 3366 799 3418 in
837 3362 1012 3431 ipsum
1049 3361 1172 3414 fidei
1218 3360 1674 3428 congruentibus.
1713 3357 1865 3410 Hanc
1899 3366 2083 3411 autem
2113 3357 2329 3412 confes-

2437 3355 2586 3419 σιῶν,
2733 3334 2861 3430 δέῃ,⁷
2887 3334 3220 3423 καὶγὸνλὸγος
3239 3334 3376 3432 vri-{pq
3405 3334 3497 3418 “.r
3519 3334 3870 3435 ’ὁμολογήσει
3911 3334 4030 3436 γάρ

739 3456 955 3509 sionem
1005 3452 1259 3515 sequitur
1302 3453 1469 3504 etiam
1519 3447 1890 3518 particularis,
1924 3462 2045 3515 quae
2095 3448 2154 3502 fit
2185 3447 2327 3516 apud

744 3553 1064 3616 potestates.
1094 3543 1138 3598 si
1168 3557 1302 3610 Opus
1329 3543 1516 3606 fuerit,
1545 3551 1600 3594 et
1632 3541 1772 3593 ratio
1801 3539 1855 3593 id
1885 3542 2157 3608 exegerit.
2190 3539 2326 3594 Nam

745 3641 792 3692 is
827 3651 964 3690 voce
1004 3648 1222 3704 quoque
1267 3643 1416 3688 recte
1463 3631 1859 3695 confitebitur,
1909 3632 1997 3684 ubi
2041 3631 2328 3688 affectione

744 3727 898 3793 prius
935 3733 1084 3778 recte
1115 3722 1280 3776 fuerit
1318 3719 1627 3776 confessus.
1663 3719 1897 3774 Pulchre
1928 3729 2109 3774 autem
2143 3721 2210 3775 de
2237 3721 2327 3783 iis,

741 3815 835 3885 qui
863 3812 1196 3868 confitentur
1229 3812 1474 3880 quidem,
1508 3815 1562 3862 in
1588 3826 1689 3875 me,
1728 3809 1864 3864 dixit
1893 3825 1909 3874 ;
1945 3811 2011 3863 de
2044 3810 2109 3863 iis
2146 3821 2327 3863 autem

744 3906 837 3972 qui
864 3912 1092 3974 negant,
1127 3919 1206 3955 me
1235 3898 1594 3970 (simpliciter)
1620 3899 1898 3967 apposuit.
1946 3897 2085 3952 Nam
2122 3899 2181 3963 ii,
2223 3899 2326 3952 etsi

744 3997 924 4066 ipsum
950 4010 1080 4049 Voce
1109 3993 1344 4048 confessi
1375 3990 1605 4052 fuerint.
1641 3991 1820 4059 ipsum
1854 4004 2076 4061 negant,
2107 3991 2329 4047 actione

745 4090 973 4142 minime
997 4085 1346 4140 confitentes.
1366 4082 1405 4137 li
1428 4091 1608 4136 autem
1641 4082 1743 4136 soli
1773 4082 1826 4134 in
1848 4083 1965 4152 ipso
1991 4084 2328 4138 confitentur

743 4179 908 4251 quiin
938 4193 1000 4232 ea
1035 4191 1154 4245 quae
1175 4186 1257 4230 est
1280 4178 1334 4228 in
1361 4176 1534 4241 ipsum
1561 4174 1910 4228 confessione
1932 4184 1985 4228 et
2004 4177 2221 4230 actione
2245 4176 2330 4230 vi-

746 4280 879 4323 vunt
902 4287 915 4322 :
939 4267 994 4322 in
1009 4267 1206 4336 quibus
1222 4267 1335 4335 ipse
1351 4266 1666 4330 confitetur,
1687 4273 1874 4333 utpote
1887 4265 1980 4332 qui
1999 4264 2327 4334 complecta-

747 4373 835 4415 tur
867 4361 1008 4425 illos,
1034 4370 1089 4414 et
1110 4359 1208 4427 ipsi
1235 4374 1358 4411 eum
1387 4357 1845 4426 complectantur.
1882 4357 2163 4419 Ouocirca’
2190 4375 2327 4411 nun-

744 4470 904 4525 quam
926 4462 1090 4521 potest
1113 4452 1339 4517 seipsum
1367 4465 1554 4518 negare
1572 4450 1640 4500 τ’.
1663 4448 1794 4501 Eum
1810 4457 1993 4502 autem
2016 4457 2217 4516 negant
2235 4449 2325 4516 qui

2433 3447 2586 3513 οὗτος
2629 3451 2721 3502 καὶ
2761 3453 2827 3521 τῇ
2861 3454 3012 3522 φωνῇ
3045 3452 3242 3522 ὀρθῶς,
3275 3455 3724 3528 προομολογήσας
3755 3458 4028 3529 πρότερον

2431 3541 2496 3607 τῇ
2523 3537 2780 3591 διαθέσει.
2809 3540 2921 3591 Καὶ
2959 3539 3159 3604 καλῶς,
3194 3543 3286 3594 ἐπὶ
3328 3543 3562 3612 μὲν³τῶν
3593 3547 4026 3616 ὁμολογούντων,

2434 3628 2504 3680 ἐν
2534 3629 2686 3696 ἐμοὶ,
2720 3625 2895 3694 εἶπεν,
2927 3633 3020 3684 ἐπὶ
3050 3631 3232 3684 δὲτῶν
3257 3635 3610 3704 ἀρνουμένων
3638 3636 3700 3690 τὸ
3721 3637 3826 3706 ἐμὲ
3853 3657 4028 3704 προσ-

2433 3719 2649 3790 έθηκεν.
2701 3717 2860 3774 Οὗτοι
2911 3722 3040 3792 γὰρ,
3069 3721 3169 3776 κᾶν
3202 3727 3262 3792 τῇ
3306 3727 3454 3794 φωνῇ
3482 3725 3893 3796 ὁμολογήσωσιν
3929 3731 4028 3782 αὺ-

2432 3809 2543 3873 τὸν,
2593 3810 2883 3881 ἀρνοῦνται
2924 3813 3083 3864 αὑτὸν
3107 3852 3121 3873 ,
3153 3815 3218 3882 τῇ
3257 3812 3452 3882 πράξει
3487 3815 3562 3885 μὴ
3609 3815 4020 3884 ὁμολογοῦντες.

2431 3903 2596 3955 Μόνοι
2635 3902 2690 3956 δὲ
2720 3905 2777 3954 ὲν
2824 3903 2971 3973 αὐτῷ
3018 3903 3371 3971 ὁμολογοῦσιν
3428 3907 3475 3958 of
3519 3909 3576 3959 ἐν
3605 3911 3669 3977 τῇ
3703 3909 3822 3962 κατ’
3858 3912 4026 3965 αὑτὸν

2430 3991 2692 4063 ὁμολογίᾳ
2729 3993 2821 4045 καὶ
2859 3992 3055 4063 πράξει
3091 3991 3350 4061 βιοῦντες·
3387 3996 3444 4048 ὲν
3468 3991 3549 4059 οἷς
3579 4015 3664 4051 κο..
3704 4001 3869 4064 αὐτὸς
3888 4004 4024 4071 ὁμο·

2431 4081 2597 4149 λογεϊ,
2632 4082 3022 4154 ἐνειλημμένος
3049 4083 3267 4144 αὐτοὺς,
3313 4085 3404 4136 καὶ
3446 4087 3703 4157 ἐχόμενος
3748 4090 3854 4142 ὑπὸ
3894 4092 4023 4146 τού-

2430 4187 2557 4223 των.
2583 4171 2780 4243 Διόπερ
2802 4172 3179 4240 ἀρνήσασθαι
3206 4179 3422 4232 ὲιιυτὸν
3439 4177 3733 4230 οὐδέποτε
3747 4177 4022 4234 δύναται.

2444 4261 2755 4331 Ἀρνοῦνται
2779 4261 2835 4313 δὲ
2859 4263 3020 4314 αὑτὸν
3048 4267 3096 4315 οἱ
3139 4265 3212 4336 μὴ
3238 4266 3389 4329 ὄντες
3421 4269 3478 4318 ὲν
3509 4265 3677 4335 αὐτῷ.
3704 4267 3776 4319 Οὐ
3807 4285 3919 4339 γαρ
3946 4264 4025 4320 εί-

2432 4369 2566 4415 πεν,
2603 4351 2662 4414 ὁς
2721 4353 3022 4422 άρνήσηται
3057 4354 3127 4406 ἐν
3158 4355 3287 4423 ἐμοὶ
3315 4396 3329 4420 ,
3370 4356 3482 4409 ἀλλ’
3515 4356 3620 4426 ἐμέ
3641 4375 3654 4386 ο
3697 4358 3873 4422 οὐδεὶς
3913 4362 4026 4432 γάρ

2432 4458 2563 4493 ποτε
2585 4442 2660 4494 ὢν
2699 4443 2758 4494 ὲν
2788 4442 2956 4512 αὐτῷ,
2990 4445 3232 4513 ἀρνεῖται
3258 4447 3437 4500 αὐτόν.
3475 4449 3546 4500 Τὸ
3573 4448 3651 4510 δὲ,
3676 4448 4026 4517 ἔμπροσθεν

747 4551 1000 4595 ncnsttnt
1023 4541 1076 4592 in
1100 4539 1370 4607 ipso.Non
1385 4540 1526 4593 enim
1545 4539 1706 4602 dixit,
1726 4540 1817 4606 qui
1851 4540 2198 4606 negaveritin
2222 4556 2325 4605 me,

2431 4531 2548 4586 τῶν
2572 4532 2915 4600 ἀνθρώπων,
2939 4537 3032 4586 καὶ
3054 4537 3163 4588 τῶν
3189 4536 3530 4608 σωζομένων,
3554 4542 3644 4593 καὶ
3661 4541 3768 4594 τῶν
3789 4541 4023 4598 ἐθνικῶν

747 4634 840 4688 sed
859 4649 958 4688 me.
986 4630 1175 4684 Nullus
1193 4631 1336 4684 enim
1365 4645 1600 4697 unquam
1616 4629 1707 4696 qui
1734 4629 1802 4682 sit
1823 4630 1874 4683 in
1902 4628 2014 4690 illo,
2033 4628 2209 4696 ipsum
2235 4643 2329 4681 ne-

2431 4621 2486 4674 δὲ
2546 4623 2775 4692 ὁμοίως·
2828 4626 2957 4694 παρ’
3001 4622 3081 4688 οἷς
3132 4627 3230 4695 μὲν
3279 4628 3370 4679 καὶ
3428 4631 3494 4698 τῇ
3547 4631 3829 4702 πολιτείᾳ,
3887 4635 4022 4706 παρ’

746 4731 860 4793 gat.
880 4722 1009 4776 Illud
1022 4730 1222 4783 autem,
1236 4718 1748 4779 coramliominibus,
1768 4719 1834 4770 de
1850 4716 2191 4770 confessione
2209 4732 2327 4785 quae

2433 4708 2513 4775 οἷς
2638 4683 2737 4766 καί
2757 4718 2822 4786 τῇ
2855 4683 3024 4786 φωνῇ.
3061 4683 3269 4787 ⁷Διὸπερ
3300 4683 3637 4789 ἀρνήσασθαι
3675 4683 3837 4774 αὑτὸπά

743 4798 807 4868 lit
827 4827 1010 4866 coram
1045 4812 1111 4865 iis
1129 4810 1221 4879 qui
1247 4809 1381 4862 salvi
1407 4809 1558 4869 fiunt,
1580 4821 1732 4875 aeque
1747 4821 1811 4860 ac
1826 4822 2011 4860 coram
2037 4807 2327 4876 gentilibus

2435 4821 2564 4855 ποτε
2612 4804 2897 4858 δύνανται·
2946 4807 3237 4878 ἀρνοῦνται
3280 4810 3335 4862 δὲ
3369 4811 3530 4864 αὑτὸν
3571 4815 3620 4865 of
3663 4814 3740 4883 μὴ
3782 4813 3934 4878 ὄντες
3961 4817 4020 4868 ὲν

749 4899 1111 4970 intelligitur;
1170 4898 1310 4966 apud
1361 4896 1499 4951 alios
1531 4895 1748 4964 quidem
1779 4897 1906 4949 vitae
1957 4896 2324 4959 institutione,
2435 4895 2610 4964 αὐτῷ.

745 4997 887 5069 apud
910 4996 1050 5053 alios
1064 5010 1192 5050 vero
1208 4994 1373 5049 etiam
1392 4990 1921 5057 voce.Quamobrem
1943 5005 2222 5055 nunquam
2244 4999 2470 5058 possunt
2489 4989 2844 5061 ipsi‘negare;
2865 5007 2987 5048 eum
3009 5003 3191 5050 autem
3207 5004 3404 5066 negant
3426 4996 3518 5065 qui
3535 5009 3643 5050 non
3660 5007 3785 5051 sunt
3802 4997 3857 5052 in
3871 5014 4012 5068 ipso.

743 5300 849 5362 Ex
874 5295 1130 5372 Eclogis
1155 5295 1548 5374 propheticis
1571 5291 1897 5354 Clementis
1933 5291 2142 5374 Alea”
2175 5302 2318 5354 ante
2340 5291 2732 5374 medianup.
2771 5290 2910 5364 202,
2946 5291 3230 5356 Auctarii
3261 5291 3588 5352 novissimi
3614 5289 4013 5353 Bibliotheca

2025 5373 2288 5432 Patrum
2320 5370 2700 5448 Combeﬁst’i.

817 5481 1047 5548 Quidam
1088 5494 1239 5544 vero,
1287 5487 1347 5532 ut
1393 5478 1469 5530 ait
1504 5475 1826 5538 Heracleon.
1870 5476 1996 5545 igne
2027 5476 2315 5546 signarunt

2501 5465 2667 5526 Ἔνιοι
2711 5472 2788 5536 δὲ,
2819 5471 2894 5535 ὥς
2922 5490 3086 5543 φησιν
3124 5472 3459 5538 Ἡρακλέων,
3492 5473 3625 5543 πυρὶ
3668 5471 3739 5525 τὰ
3764 5463 3879 5526 ὦτα
3904 5469 4013 5524 τῶν

742 5581 902 5621 aures
923 5579 1134 5629 eorum,
1164 5565 1257 5632 qui
1297 5565 1644 5632 baptismatis
1679 5563 1917 5634 sigillum
1955 5575 2313 5634 acceperunt,

2431 5563 2877 5635 σφραγιζομένων
2902 5565 3372 5636 κατεσημήναντο,
3401 5563 3575 5628 οὓτως
3597 5561 3931 5627 ἀκούσαντες
3951 5559 4012 5614 τὸ

743 5655 818 5713 ita
851 5655 1213 5725 intelligentes
1240 5654 1638 5726 Apostolicum.

2440 5655 2845 5711 Ἀποστολικόν.

825 5807 874 5841 ⁸³
900 5808 1032 5864 Luc.
1071 5824 1163 5869 xit.
1193 5808 1246 5864 8.
1331 5811 1378 5842 ”
1407 5809 1664 5866 Θαδδαίου
1697 5822 2016 5881 cognomen.
2087 5807 2130 5844 "
2179 5809 2309 5882 Leg.

2433 5814 2486 5882 ᾖ.
2566 5813 2610 5844 "
2654 5811 2695 5867 ll
2724 5807 2861 5866 Tim.
2895 5827 2952 5871 ll.
2990 5817 3070 5868 13.
