4230 6322
301 327 427 381 1297

1524 324 1942 379 FRAGMENTA
1982 321 2344 377 GNOSTlCA.

3417 320 3551 375 l298

284 438 594 506 μεγέθους.
645 439 741 491 καὶ
803 438 999 506 σάρκα
1048 439 1223 506 λάϐῃ,
1258 439 1329 504 ὡς
1384 438 1680 507 meamea,
1740 440 1867 503 περὶ
1904 442 1946 496 Α

1904 442 1946 496 Α
1980 434 2361 502 magnitudine,
2390 442 2435 485 et
2462 449 2671 485 carnem
2708 434 2957 501 accipiat,
2994 449 3085 486 ceu
3114 434 3546 495 calceamentum,

285 542 362 599 ης
388 530 502 599 ἐγὼ
534 532 714 599 λόγον
738 529 1062 584 ἀποδοῦναι
1096 532 1166 583 οὐ
1186 529 1461 598 δύναμαι,
1503 527 1642 582 οὐδὲ
1672 526 1874 596 διηγή-

285 624 534 682 σασθαι,
566 621 602 685 ἢ
629 620 911 674 ἐπιλῦσαι
939 620 1053 686 τὴν
1095 621 1224 687 περ)
1266 618 1455 685 αὐτῆς
1507 620 1867 687 οἰκονομίαν.

298 710 617 781 ’Δδμτερον
656 710 713 762 δὲ
769 710 863 762 καὶ
919 708 1417 778 μεγαλοφυέστερον
1444 710 1470 760 6
1498 709 1656 770 αὐτὸς
1702 708 1870 776 Ἠρα-

285 798 484 858 κλέων.
517 802 751 869 κόσμον
793 801 859 852 τὸ
900 799 1178 869 ὑπόδημα
1213 800 1595 871 ἐκδεξάμενος,
1639 799 1868 868 μετέστη

282 891 377 941 ἰπὶ
434 890 496 942 τὸ
554 892 909 959 ἀσεϐέστερον
962 890 1376 962 ἀποφήνασθαι,
1428 890 1613 944 ταῦτα
1674 889 1871 941 πάντα

279 978 415 1031 δεῖν
438 971 765 1033 ἀκούεσθαι
816 979 913 1033 καὶ
967 979 1241 1046 περὶτοῦ
1290 977 1611 1046 προσώπου
1654 978 1869 1029 τούτου

276 1067 379 1123 διὰ
413 1070 521 1124 τοῦ
572 1069 845 1124 Ἰωὰννόυ
890 1069 1240 1137 νοουμένου·
1266 1072 1428 1121 οἴεται
1469 1069 1576 1139 γὰρ
1629 1068 1719 1119 τὸν
1767 1068 1869 1136 Δη-

279 1163 543 1232 μιουργὸν
581 1163 676 1216 τοῦ
742 1164 943 1231 κόσμου
988 1164 1243 1216 ἐλάττονα
1301 1162 1427 1213 ὄντα
1469 1160 1561 1212 τοῦ
1607 1160 1862 1230 Χριστοῦ,

274 1252 437 1306 τοῦτο
465 1253 747 1323 ὁμολογεῖν
770 1254 857 1305 διὰ
893 1253 1095 1306 τούτων
1140 1254 1249 1306 τῶν
1293 1253 1508 1319 λέξεων,
1556 1252 1691 1322 ὅπερ
1747 1254 1866 1304 ἐστὶ

278 1344 499 1396 πάντων
526 1344 907 1396 ἀσεϐέστατον.
949 1345 1007 1396 '0
1024 1345 1131 1415 γὰρ
1160 1345 1379 1413 πέμψας
1405 1344 1564 1396 αὑτὸν
1602 1343 1809 1414 Πατὴρ,
1838 1347 1865 1396 6

276 1434 384 1486 τῶν
415 1434 637 1497 ζώντων
673 1436 825 1499 θεὸς,
858 1437 933 1499 ὼς
958 1438 1119 1500 αὐτὸς
1176 1439 1380 1506 Ἰησοῦς
1430 1442 1717 1510 μαρτυρεῖ,
1770 1438 1861 1491 τοῦ

288 1524 563 1594 ’Δϐραὲμῃ
608 1528 701 1579 καὶ
738 1527 829 1580 τοῦ
892 1528 1097 1591 Ἰσαὰκ,
1150 1530 1241 1581 καὶ
1284 1528 1377 1581 τοῦ
1436 1530 1625 1582 Ἰακὼϐ
1651 1570 1664 1594 ,
1712 1531 1739 1582 6
1775 1530 1862 1582 διὰ

274 1613 433 1667 τοῦτο
462 1616 668 1688 Κύριος
693 1617 786 1670 τοῦ
816 1618 1044 1689 οὐρανοῦ
1080 1622 1172 1671 καὶ
1213 1620 1311 1687 τῆς
1354 1621 1475 1688 γῆς,
1507 1621 1587 1671 ὃτι
1632 1620 1863 1688 πεποίη-

272 1720 369 1756 κεν
389 1705 548 1771 αὐτὰ,
575 1703 727 1771 οὗτος
753 1710 844 1762 καὶ
878 1710 1035 1777 μόνος
1086 1708 1309 1777 ἀγαθὸς,
1345 1711 1436 1762 καὶ
1498 1710 1697 1779 μείζων
1765 1708 1859 1761 τοῦ

272 1796 632 1864 πεμφθέντος.
666 1800 729 1851 ΕΙ
757 1800 812 1851 δὲ
839 1800 951 1862 καὶ,
995 1800 1071 1862 ὡς
1104 1778 1535 1871 προειρήκαμεν,
1569 1800 1857 1870 ἁδρότερον
1893 1778 1934 1831 Β

271 1884 519 1955 νενόηται
549 1890 642 1940 καὶ
688 1891 794 1951 πᾶς
822 1890 850 1940 6
884 1890 1086 1959 κόσμος
1115 1888 1365 1959 ὑπόδημα
1396 1885 1532 1941 εἶναι
1563 1888 1654 1941 τοῦ
1682 1888 1855 1959 Ἰησοῦ

268 1972 349 2041 τῷ
390 1975 755 2047 Ἠρακλέωνι,
810 1978 923 2031 ἀλλ’
954 1980 1052 2031 οὐκ
1092 1974 1244 2049 οἶμαι
1301 1978 1409 2031 δεῖν
1468 1979 1855 2047 συγκατατίθε-

272 2060 419 2118 σθαι.

1979 526 2042 577 de
2067 540 2168 592 qua
2205 524 2458 576 rationem
2498 528 2711 576 reddere
2742 539 2833 593 ego
2857 540 2959 575 non
3004 523 3167 585 valeo,
3198 540 3358 592 neque
3396 540 3547 577 enar-

1978 631 2115 677 rare,
2160 615 2236 669 vel
2289 615 2485 667 solvere
2542 617 2604 668 de
2648 617 2760 679 ipsa
2829 616 3289 682 dispensationem.
3342 616 3550 669 llursus

1978 707 2155 760 minus
2184 708 2503 774 prudenter,
2546 715 2707 774 atque
2740 706 3043 760 animosius
3085 705 3390 759 lleracleon
3426 707 3545 773 ipse

1972 810 2094 850 cum
2127 812 2221 866 per
2246 796 2479 851 calceum
2524 797 2927 864 interpretatus
2965 806 3110 849 esset
3163 799 3415 849 mundum
3440 836 3453 859 ,
3485 799 3548 848 ad

1975 903 2085 941 rem
2111 889 2282 956 magis
2309 888 2529 954 impiam
2560 889 2774 951 transit,
2811 901 3005 954 nempe
3038 886 3103 940 ad
3133 888 3547 948 enuntiamlum,

1971 979 2081 1032 licet:
2124 980 2301 1033 omnia
2352 980 2577 1049 intelligi
2623 982 2782 1033 etiam
2831 988 3067 1043 aporlere
3098 985 3162 1030 de
3202 994 3425 1047 persona
3460 994 3550 1045 per

1970 1070 2237 1124 Joannem
2274 1072 2539 1123 intellecta
2595 1070 2813 1138 (nempe
2879 1069 3207 1138 Demiurgo).
3255 1070 3550 1123 Existimat.

1968 1162 2111 1212 enim
2148 1160 2330 1213 mundi
2363 1160 2613 1225 opilicem
2650 1158 2965 1213 inferiorem
3001 1157 3224 1211 Christo
3271 1160 3547 1211 cxsisteu-

1970 1259 2097 1312 tem,
2136 1249 2237 1303 hoc
2267 1264 2361 1315 per
2392 1249 2507 1301 lucc
2538 1250 2700 1302 verba
2754 1246 2911 1300 lateri
2940 1265 2953 1312 ;
3014 1248 3157 1315 quod
3185 1259 3265 1301 est
3303 1248 3546 1300 Omnium

1969 1341 2367 1407 impiissimum.
2398 1338 2529 1391 Nam
2564 1344 2725 1394 t’ater
2756 1342 2844 1409 qui
2882 1342 3031 1393 misit
3076 1341 3247 1402 illum,
3280 1342 3420 1394 Deus
3476 1342 3551 1390 vi-

1968 1432 2225 1496 ventiuin,
2262 1438 2319 1483 ut
2342 1432 2505 1483 etiam
2532 1432 2646 1498 ipse
2671 1430 2828 1485 Jesus
2851 1430 3011 1500 365
3040 1440 3270 1486 testatur
3302 1471 3315 1495 ,
3355 1446 3549 1499 nempe

1964 1523 2475 1586 Aliraltami,|saaci
2508 1533 2560 1577 et
2592 1522 2804 1584 Jacobi,
2827 1533 2881 1576 et
2917 1524 3125 1575 idcirco
3144 1522 3403 1575 Dominus
3422 1523 3545 1576 ειεΙὶ

1964 1624 2019 1667 et
2052 1615 2395 1684 terraqtmd
2422 1630 2481 1667 ea
2519 1614 2748 1679 fecerit;
2783 1615 2873 1669 hic
2903 1615 3068 1667 etiam
3096 1612 3240 1668 solus
3275 1616 3471 1677 bonus,
3495 1622 3549 1666 et

1966 1709 2138 1775 major
2158 1715 2243 1761 est
2274 1707 2459 1763 misso.
2501 1705 2654 1772 Quod
2683 1709 2727 1762 si
2756 1708 2935 1761 mimis
2963 1707 3275 1774 prudenter,
3306 1716 3360 1757 ut
3387 1714 3546 1762 antea

1965 1800 2218 1862 diximus,
2257 1802 2325 1853 ab
2371 1798 2710 1853 lieracleoue
2742 1800 3114 1868 exCOgitatum
3166 1808 3249 1851 est
3281 1837 3294 1860 ,
3327 1812 3547 1850 omnem

1963 1891 2129 1944 etiam
2157 1889 2416 1943 mundum
2453 1903 2577 1943 esse
2610 1888 3040 1943 calceamentum
3072 1886 3223 1952 Jcsu,
3252 1904 3357 1941 non
3399 1886 3548 1939 arbi-

1963 1990 2079 2036 tror
2097 1994 2354 2049 oportere
2387 1989 2444 2035 ut
2470 1981 2547 2035 illi
2580 1982 2975 2035 assentiamur.

1380 2184 1506 2245 Sub
1535 2184 1717 2261 finem
1749 2184 1903 2244 tomt'
1932 2184 2043 2256 IX,
2074 2198 2226 2260 pag.
2262 2183 2397 2243 1'48.

353 2278 442 2330 Ἕν
490 2278 568 2348 τῷ
632 2280 783 2351 τόπῳ
842 2284 870 2335 6
910 2282 1222 2353 Ἡρακλέων
1294 2285 1583 2353 γενόμενος
1611 2324 1624 2346 ,
1687 2284 1855 2353 χωρὶθ

271 2367 455 2437 πάσης
510 2369 857 2438 κατασκευῆς
912 2372 1007 2422 καὶ
1081 2372 1436 2443 παραθέσεως
1503 2372 1851 2442 μαρτυρίων,

270 2458 655 2527 ἀποφαίνεται,
703 2460 783 2511 ὅτι
840 2461 900 2513 τὸ
954 2462 1084 2530 μὲν,
1132 2461 1337 2529 Ἄμνὸς
1397 2461 1502 2515 τοῦ
1558 2461 1726 2525 Θεοῦ,
1778 2461 1853 2523 ὡς

271 2552 556 2620 προφήτης
610 2552 773 2619 φησὶν
814 2553 841 2603 6
877 2551 1129 2621 Ἰωάννης
1154 2570 1165 2580 ·
1199 2553 1259 2603 τὸ
1291 2552 1367 2613 δὲ,
1420 2552 1482 2603 '0
1519 2552 1702 2617 αἴρων
1738 2551 1833 2617 τὴν

269 2641 564 2709 ἁμαρτίαν
593 2642 698 2695 τοῦ
729 2642 979 2711 κόσμου,
1014 2642 1089 2704 ὡς
1131 2643 1515 2713 περισσότερον
1550 2644 1849 2713 προφήτου.

270 2731 383 2782 Καὶ
418 2731 589 2784 οἴεται
623 2733 684 2784 τὸ
720 2734 818 2802 μὲν
861 2735 1123 2805 πρότερον
1157 2735 1285 2803 περὶ
1326 2733 1420 2786 τοῦ
1453 2734 1704 2803 σώματος
1758 2734 1855 2785 αὑ-

266 2822 366 2878 τοῦ
404 2823 678 2892 λέγεσθαι,
726 2826 787 2877 τὸ
843 2827 897 2878 δὲ
930 2826 1184 2898 δεύτερον
1241 2829 1368 2895 περὶ
1411 2828 1503 2879 τοῦ
1540 2829 1597 2879 ὲν
1642 2828 1721 2895 τῷ
1751 2826 1855 2879 otii-

2033 2284 2113 2336 Ad
2163 2283 2307 2336 hunc
2362 2281 2539 2335 locum
2584 2281 2627 2313 “
2687 2279 2981 2334 lleraclenn
3032 2282 3277 2345 veniens,
3338 2284 3545 2350 alisque

1964 2373 2154 2442 aliqua
2196 2373 2517 2442 probatione
2556 2380 2609 2427 et
2638 2372 3049 2439 comparatione
3085 2374 3539 2439 testimoniorum,

1964 2462 2489 2517 cnuntiatJounnem
2519 2472 2772 2532 tanquam
2801 2464 3119 2531 preplietam
3141 2465 3343 2529 dicere,
3363 2465 3542 2533 Agnus

1961 2556 2101 2619 Dei;
2132 2565 2187 2608 et
2213 2556 2501 2624 velutplus
2532 2572 2695 2621 quam
2739 2556 3061 2624 prophetam
3098 2556 3300 2618 dicere.
3326 2560 3415 2621 qui
3441 2574 3541 2608 au-

1963 2650 2062 2718 fert
2111 2659 2385 2715 peccatum
2426 2650 2633 2701 mundi.
2674 2649 2914 2714 Quorum
2978 2650 3214 2716 primum
3261 2651 3542 2703 existimat

1961 2741 2028 2793 de
2061 2754 2289 2808 corpore
2317 2740 2435 2807 ejus
2466 2740 2596 2805 dici,
2631 2742 2932 2793 secundum
2973 2756 3103 2795 vero
3151 2742 3219 2795 de
3261 2756 3349 2806 eo,
3398 2741 3540 2808 quod

1961 2840 2045 2883 est
2081 2829 2131 2883 in
2162 2844 2417 2897 corpore,
2455 2831 2580 2897 quia
2602 2845 2771 2897 agnus
2805 2828 3155 2897 imperfectus
3180 2832 3249 2883 sit
3283 2832 3334 2883 in
3359 2832 3538 2884 ovium

270 2932 427 2983 ματι,
464 2915 543 2984 τῷ
592 2917 685 2969 τὸν
752 2916 919 2985 ἀμνὸν
975 2920 1141 2988 ἀτελῆ
1174 2915 1310 2971 εἶναι
1357 2921 1413 2973 ὲν
1458 2919 1537 2988 τῷ
1563 2920 1671 2971 τῶν
1719 2936 1851 2989 προ-
1879 2913 1919 2967 C

1879 2913 1919 2967 C
1954 2935 2155 2988 genere
2189 2960 2202 2983 ,
2230 2930 2397 2989 atque
2434 2919 2541 2973 tale
2568 2920 2733 2972 etiam
2783 2921 2853 2972 sit
2894 2935 3091 2988 corpus
3130 2925 3540 2989 comparatione

265 3003 449 3057 ϐάτων
477 3005 657 3073 γένει·
695 3006 835 3059 οὕτω
879 3008 934 3059 δὲ
986 3010 1076 3061 καὶ
1114 3011 1174 3062 τὸ
1213 3012 1369 3080 σῶμα
1420 3011 1715 3078 παραθέσει
1753 3010 1845 3062 τοῦ

262 3094 605 3159 ἐνοικοῦντος
660 3098 825 3167 αὐτῷ.
884 3099 952 3151 Τὸ
1010 3100 1077 3152 δὲ
1132 3102 1363 3155 τέλειον
1418 3106 1471 3155 εὶ
1531 3103 1844 3165 ἐϐούλετο,

262 3184 421 3253 φησι,
451 3184 529 3249 τῷ
552 3186 773 3253 σώματι
792 3189 1193 3257 μαρτυρῆσαι,
1217 3192 1385 3260 κριὸν
1416 3192 1604 3244 εἰπεῖν
1618 3193 1685 3222 ⁸³⁸
1702 3194 1847 3246 αὐτὸ

261 3271 335 3323 τὸ
386 3273 620 3341 μέλλον
645 3277 911 3328 θύεσθαι.

1958 3010 2318 3064 inhabitantis
2366 3010 2417 3062 in
2463 3010 2603 3077 ipso.
2670 3008 3060 3077 Perfectionem
3125 3028 3279 3076 vero,
3338 3016 3535 3081 inquit,

1954 3102 2001 3152 si
2030 3099 2227 3153 colebat
2258 3100 2465 3167 corpori
2509 3098 2819 3163 attribuere,
2873 3101 3090 3154 arietem
3140 3103 3313 3170 ipsum
3348 3104 3533 3159 immo-

1955 3192 2175 3244 landum
2203 3192 2441 3245 dixisset.

1504 3370 1611 3427 Ea:
1639 3379 1801 3429 tomo
1829 3372 2073 3448 X,pag.
2108 3372 2243 3432 158.

350 3463 407 3517 ὐ
461 3465 707 3534 μέντοιγε
747 3467 1059 3540 ’Πρακλέων
1102 3472 1181 3533 τὸ,
1224 3472 1384 3524 Μετὰ
1423 3472 1599 3523 τοῦτο
1628 3470 1843 3539 κατέϐη

258 3558 351 3619 εὶς
386 3559 805 3625 Καφαρναοὺμ,
837 3560 999 3622 αὐτὸς
1043 3560 1416 3631 διηγούμενος,
1466 3562 1629 3631 ἄλλης
1684 3562 1846 3613 πάλιν

259 3647 575 3716 οἰκονομίας
620 3650 796 3719 ἀρχήν
827 3667 959 3719 φησι
988 3651 1298 3722 δηλοῦσθαι,
1350 3654 1450 3704 οὐκ
1505 3652 1690 3722 ἀργῶς
1728 3650 1843 3711 τοῦ,

262 3738 503 3805 κατέϐη,
535 3741 847 3810 εἰρημένου.
888 3742 995 3793 Καί
1038 3759 1171 3811 φησι
1209 3742 1308 3811 τὴν
1336 3744 1715 3812 Καφαρναοὺμ
1745 3758 1845 3811 ση-

265 3829 479 3896 μαίνειν
533 3829 704 3881 ταῦτα
757 3830 827 3882 τὰ
880 3830 1081 3900 ἔσχατα
1131 3830 1225 3882 τοῦ
1278 3833 1505 3899 κόσμου,
1554 3830 1725 3882 ταῦτα
1776 3830 1846 3881 τὰ

261 3919 446 3983 ὑλικὰ,
490 3921 570 3982 εἰς
602 3920 638 3973 ἃ
689 3921 922 3990 κατῆλθε
948 3940 960 3952 ο
994 3924 1087 3975 καὶ
1120 3923 1209 3976 διὰ
1249 3925 1308 3976 τὸ
1348 3923 1634 3983 ἀνοίκειον,
1690 3920 1842 3990 φησι,

260 4006 405 4064 εἶναι
436 4011 527 4063 τὸν
553 4012 740 4075 τόπον,
772 4012 892 4065 οὐδὲ
927 4013 1239 4083 πεποιηκώς
1272 4031 1323 4065 τι
1350 4013 1565 4080 λέγεται
1597 4013 1655 4064 ὲν
1684 4010 1843 4079 αὐτῇ,

260 4099 298 4168 ἢ
335 4099 662 4169 λελαληκώς.

2026 3473 2169 3525 Sane
2228 3471 2527 3525 Heracleon
2589 3473 2705 3539 ipse
2755 3472 2855 3527 hoc
2916 3486 3199 3540 exponens
3260 3488 3273 3524 :
3337 3471 3532 3527 Postea

1952 3564 2214 3615 descendit
2247 3565 2300 3614 in
2352 3563 2725 3631 Capharnamn
2758 3563 2824 3625 ⁸³,
2899 3564 3123 3617 alterius
3182 3579 3371 3617 rursus
3418 3566 3531 3618 dis-

1954 3654 2290 3721 pensationis
2323 3654 2645 3721 principium
2678 3656 2807 3707 dicit
2838 3655 3109 3707 declarari
3146 3671 3296 3717 voce,
3321 3657 3531 3709 descen-

1952 3744 2053 3805 dit,
2086 3759 2192 3795 non
2228 3744 2403 3797 otiose
2452 3744 2623 3797 dicta.
2674 3745 2876 3812 Aitque
2918 3748 3055 3801 urbe
3097 3747 3425 3814 Capliarnao
3458 3747 3531 3800 si-

1955 3834 2205 3901 gniﬁcari
2240 3834 2352 3887 limc
2384 3845 2631 3888 extrema
2679 3838 2887 3901 mundi,
2933 3837 3045 3890 lucc
3098 3839 3423 3901 materialia,
3464 3840 3528 3892 ad

1955 3940 2076 3994 quae
2100 3924 2403 3978 descendit.
2434 3926 2496 3979 Et
2528 3927 2655 3993 quia
2691 3940 2796 3980 non
2833 3938 3012 3995 aptus,
3063 3928 3261 3996 inquit,
3289 3940 3409 3982 erat
3448 3930 3529 3982 lo-

1954 4030 2077 4079 cus,
2110 4014 2249 4068 nihil
2276 4016 2327 4068 in
2353 4031 2415 4070 ea
2448 4016 2669 4073 civitate
2694 4018 2777 4072 vel
2807 4017 3027 4080 fecisse,
3061 4020 3140 4073 vel
3169 4020 3384 4075 locutus
3408 4037 3529 4075 esse

1953 4104 2176 4159 dicitur.

1406 4196 1533 4256 Sub
1564 4196 1745 4273 ﬁnem
1776 4196 1927 4257 tomi
1958 4198 2039 4267 X,
2068 4212 2216 4272 pag.
2253 4199 2388 4258 167.

341 4299 403 4353 '0
444 4300 778 4369 Ἡρακλέων,
827 4303 1010 4371 Αὺτη,
1059 4306 1243 4375 φησὶν,
1289 4308 1327 4373 ἡ
1368 4306 1599 4374 μεγάλη
1640 4308 1835 4376 ἑορτὴ,
1873 4311 1918 4367 Ῐ)

710 4318 778 4365 Ν,
827 4303 1010 4371 Αὺτη.
1059 4306 1243 4375 φησὶν,
1289 4308 1327 4373 ἡ
1368 4306 1599 4374 μεγάλη
1640 4308 1835 4376 ἑορτὴ,
1873 4311 1918 4367 D
2023 4305 2322 4359 Heracleon
2367 4320 2380 4354 :

260 4389 367 4443 τοῦ
410 4388 523 4457 τὰρ
550 4390 784 4456 πάθους
828 4393 935 4445 τοῦ
964 4395 1240 4463 Σωτῆρος
1273 4398 1460 4462 τύπος
1489 4394 1587 4467 ἦν,
1634 4399 1730 4453 ὅτε
1769 4402 1841 4452 οὐ

256 4481 449 4551 μόνον
474 4481 751 4547 ἀνῃρεῖτο
791 4484 859 4535 τὸ
898 4486 1215 4551 πρόϐατον,
1254 4487 1415 4541 ἀλλὰ
1444 4490 1540 4541 καὶ
1576 4489 1845 4543 ἀνάπαυ-

256 4585 363 4621 σιν
405 4570 692 4637 παρεῖχεν
715 4572 1085 4641 ἐσθιόμενον.
1136 4577 1246 4629 Καὶ
1289 4578 1601 4646 θυόμενον,
1627 4578 1692 4631 τὸ
1735 4578 1845 4632 πά-

258 4663 363 4725 θος
394 4660 461 4691 ⁸⁸⁹
488 4660 596 4715 τοῦ
635 4661 909 4731 Σωτῆρος
942 4664 1008 4717 τὸ
1036 4666 1106 4717 ἐν
1131 4668 1338 4735 κόσμῳ
1356 4668 1703 4737 ἐσήμαινεν·
1737 4671 1841 4723 ἐσ-

259 4748 542 4817 θιόμενον
571 4749 660 4816 δὲ,
690 4750 805 4820 τὴν
833 4753 1183 4808 ἀνάπαυσιν
1210 4756 1326 4824 τὴν
1354 4757 1424 4810 ἐν
1444 4757 1624 4826 γάμῳ.

2441 4300 2566 4355 Ηιεε
2618 4318 2833 4369 magna,
2893 4302 3093 4370 inquit,
3141 4313 3215 4356 est
3274 4304 3528 4370 festivitas

1951 4393 2039 4465 (de
2064 4395 2328 4447 Pascliate
2361 4391 2647 4461 loquitur),
2679 4390 3015 4457 ﬁgura'enim
3047 4394 3308 4459 passionis
3344 4392 3530 4448 Serra-

1950 4490 2079 4541 toris
2112 4496 2247 4549 erat,
2271 4487 2485 4555 quando
2512 4502 2613 4538 non
2643 4486 2813 4537 solum
2840 4486 3254 4555 interﬁciebalur
3285 4489 3415 4552 oris,
3446 4505 3527 4540 ve-

1954 4597 2069 4632 rum
2098 4582 2255 4633 etiam
2284 4596 2490 4633 comesa
2523 4580 2784 4644 pra'bebat
2813 4580 3066 4649 requiem.
3132 4579 3197 4631 Et
3252 4581 3527 4633 immolata

1951 4672 2161 4741 quidem
2193 4672 2497 4737 passionem
2525 4669 2821 4723 Servatoris
2856 4671 2907 4720 in
2931 4670 3124 4722 mundo
3153 4671 3526 4739 signiﬁcabat;

1953 4778 2161 4815 comesa
2196 4778 2319 4814 vero
2352 4761 2580 4830 requiem
2609 4762 2845 4828 futuram
2870 4762 2925 4813 in
2953 4761 3168 4827 nuptiis.

1210 4847 1417 4927 Prope
1445 4853 1626 4929 ﬁnem
1660 4862 1808 4914 tom.
1854 4855 1965 4927 ΧΙ,
1990 4872 2144 4932 pag.
2178 4856 2287 4916 181
2321 4864 2373 4915 et
2404 4871 2567 4932 seqq.

332 4940 567 5010 Ἰδωμεν
604 4942 673 4995 τὰ
711 4944 1107 5015 Ἡρακλέωνος,
1164 4950 1225 5012 ὃς
1268 4967 1399 5019 φησι
1438 4951 1555 5019 τὴν
1581 4953 1627 4984 ⁸⁵
1669 4954 1841 5021 Ἰερο-

255 5031 499 5099 σόλυμα
526 5032 748 5087 ἄνοδον
770 5038 1089 5104 σημαίνειν
1112 5038 1157 5070 ⁸⁸
1188 5039 1304 5107 τὴν
1332 5042 1449 5094 ἀπὸ
1478 5042 1597 5095 τῶν
1614 5045 1841 5098 ὐλικῶν

252 5121 344 5185 ρις
384 5122 493 5175 τὸν
533 5124 796 5191 ψυχικὸν
842 5127 1048 5187 τόπον,
1094 5130 1470 5198 τυγχάνοντα
1496 5136 1697 5187 εἰκόνα
1730 5137 1839 5201 τῆς

284 5212 685 5282 ιερουσαλὴμ,
726 5216 1023 5270 ἀνάϐασιν
1054 5220 1160 5272 τοῦ
1206 5224 1446 5289 Κυρίου.
1505 5229 1574 5281 Τὸ
1604 5229 1679 5293 δὲ,
1734 5224 1835 5282 εὗ-

250 5318 362 5363 ρεν
395 5303 467 5355 ἐν
512 5302 591 5367 τῷ
624 5304 774 5371 ἱερῷ,
818 5308 911 5359 καὶ
937 5310 1056 5379 οὐχὶ
1082 5309 1189 5361 τῶν
1218 5312 1329 5364 ἄνω
1361 5313 1532 5365 οἴεται
1562 5316 1832 5385 εἰρῆσθαι,

253 5393 400 5465 ὑπὲρ
430 5394 526 5448 τοῦ
575 5398 649 5465 μὴ
678 5398 777 5467 τὴν
817 5400 1005 5469 κλῆσιν
1059 5404 1226 5472 μόνην
1274 5406 1531 5475 νοηθῆναι
1576 5409 1677 5479 τὴν
1725 5429 1832 5479 χω-

255 5487 338 5554 p'u;
371 5487 683 5558 Πνεύματος
724 5490 1032 5560 βοηθείσοαι
1058 5496 1160 5547 ὑπὸ
1199 5498 1292 5549 τοῦ
1328 5500 1550 5569 Κυρίου.
1594 5503 1832 5569 Ἡγεῖται

2022 4956 2321 5010 Videamus
2378 4970 2497 5021 quae
2534 4953 2833 5007 lleracleon
2878 4953 3041 5017 dicat,
3099 4955 3371 5025 inquiens,
3418 4956 3525 5013 Do-

1951 5050 2080 5103 mini
2113 5065 2385 5102 ascensum
2413 5051 2483 5100 ad
2514 5048 2901 5115 Jerosolgmam
2929 5048 2973 5078 ⁸⁸
3010 5050 3313 5117 signiﬁcare
3342 5068 3526 5104 ascen-

1946 5158 2064 5194 sum
2102 5156 2132 5192 a
2164 5139 2527 5192 materialibus
2562 5141 2631 5190 ad
2664 5140 2949 5191 animalem
3005 5141 3198 5203 locum,
3242 5142 3525 5209 imaginem

1948 5236 2287 5287 exsistentem
2310 5233 2677 5300 Jerosolymw.
2705 5229 2836 5281 Illud
2864 5229 3051 5293 etiam,
3084 5231 3279 5283 invenit
3310 5233 3363 5284 in
3396 5243 3525 5285 tent-

1945 5325 2054 5391 plo,
2082 5340 2188 5379 non
2222 5326 2424 5377 dictum
2454 5324 2624 5376 fuisse
2646 5321 2966 5374 existimans
2992 5322 3055 5374 de
3086 5321 3218 5375 locis
3250 5324 3521 5391 supernis,

1946 5430 2011 5467 ne
2064 5414 2491 5483 iutclligeremus
2529 5415 2868 5466 vocationem
2902 5412 3072 5465 solam
3118 5413 3238 5467 sine
3285 5412 3523 5480 Spiritus

1943 5522 2046 5575 ope
2075 5508 2319 5572 adjuvari
2370 5524 2398 5559 a
2447 5506 2694 5559 Domino.
2754 5505 3043 5559 Existimat
3084 5506 3229 5557 enim
3262 5506 3521 5573 templum

314 5659 543 5751 ""1032.
575 5665 722 5751 1139.
801 5667 1015 5751 “fur.
1050 5671 1198 5738 κριὸν
1229 5671 1291 5725 ἂν
1318 5671 1489 5729 εἶπεν.
1570 5677 1789 5734 "Joan.
1822 5696 1878 5745 ll,
1920 5682 1981 5735 l2

1847 5698 1878 5745 I,
1920 5682 1997 5735 l2.
2068 5683 2132 5714 ³³⁵
2169 5682 2257 5736 Sic
2293 5685 2411 5738 cod.
2446 5683 2594 5737 Bodl.
2674 5683 3126 5751 “Leg.:i;1r',v.
3209 5684 3252 5713 ⁸⁵
3288 5680 3378 5739 Sic
3401 5684 3517 5737 cod.

248 5726 433 5783 λίθω.-
483 5734 526 5764 ⁸⁸
580 5732 736 5790 Joun.
770 5750 829 5799 tt,
870 5738 933 5791 l3
961 5726 1115 5809 seqq.
