4230 6322
687 367 823 426 i999

1620 367 1964 424 APPENDIX
2000 369 2087 424 AD
2120 367 2427 438 QUINQUE
2469 372 2721 428 IRENEI
2752 371 3010 428 LIBROS.

3794 361 3936 420 i500

683 497 805 540 esse
834 481 1033 536 Sancta
1064 487 1398 548 sanctorum,
1433 480 1486 534 in
1529 496 1646 551 quae
1680 485 1829 540 so‘lus
1868 501 2110 540 summus
2135 501 2266 555 pon-
2294 491 2336 544 A
2369 489 2477 560 γὰρ
2505 491 2574 542 τὰ
2603 490 2700 560 μὲν
2732 491 2739 505 ⁴

2369 489 2477 560 γὰρ
2505 491 2574 542 τὰ
2603 490 2700 560 μὲν
2732 491 2893 559 ’Ἅγια
2924 491 3032 542 τῶν
3060 489 3229 558 ἁγίων
3262 482 3398 540 εἶναι
3441 486 3503 539 τὸ
3551 484 3716 556 ἱερλν,
3769 483 3849 543 εἰς
3897 478 3933 537 ἃ

684 575 816 628 til'ex
848 576 1272 643 ingrediebatur,
1314 589 1424 645 quo
1453 575 1614 629 etiam
1641 578 1913 644 prolicisei
1942 581 2254 648 spirituales

683 666 927 731 arbitror
959 666 1112 722 illum
1142 667 1361 731 dicere;
1391 667 1716 722 vestibulum
1749 683 1903 734 vero,
1947 671 2037 723 ubi
2089 672 2253 724 etiam

683 757 886 812 Levita:
924 764 1099 822 erant,
1147 756 1450 814 arbitratur
1474 757 1782 824 symbolum
1811 772 1930 811 esse
1971 760 2255 828 psychico-

682 864 828 912 num,
861 849 952 916 qui
988 849 1336 902 inveniuntur
1361 848 1413 900 in
1460 848 1637 902 salute
1677 857 1832 902 extra
1870 849 2142 906 Plcroma.
2175 853 2254 905 Ad

681 943 818 1004 haec,
847 941 1097 994 inventos
1131 938 1183 991 in
1220 939 1424 1006 templo
1454 940 1750 994 vendentes
1796 941 1985 1005 boves,
2022 957 2153 996 oves
2199 952 2252 996 et

681 1034 980 1096 columbas,
1015 1041 1064 1086 et
1093 1032 1346 1085 sedentes
1375 1032 1702 1096 mensarios,
1745 1034 1850 1087 dici
1878 1035 2128 1102 exposuit
2158 1050 2254 1102 pro

681 1127 790 1192 his,
828 1126 916 1194 qui
954 1123 1086 1179 nihil
1122 1126 1311 1192 gratia:
1350 1126 1616 1190 tribuunt,
1645 1126 1738 1180 sed
1767 1137 2127 1181 mercaturam
2152 1143 2218 1196 pu
2239 1157 2252 1168 -

681 1223 800 1269 tant
855 1224 907 1271 et
967 1215 1204 1279 lucrum,
1256 1216 1564 1284 ingressum
1599 1225 1985 1270 extraneorum
2026 1218 2076 1270 in
2118 1226 2255 1271 tem-

677 1306 860 1374 plum;
915 1306 1190 1368 victimas,
1231 1306 1435 1374 proprii
1478 1305 1615 1360 lucri
1667 1316 1723 1359 et
1761 1308 2008 1361 avaritias
2061 1324 2250 1374 causa,

677 1399 744 1451 ad
776 1398 977 1450 cultum
1008 1397 1101 1451 Dei
1135 1399 1570 1466 suppeditantes.
1608 1399 1762 1465 Quod
1810 1408 1988 1452 autem
2015 1397 2176 1456 Jesus
2223 1418 2254 1456 e

677 1484 938 1542 funiculis
971 1488 1164 1542 fecerit
1196 1487 1495 1556 ﬂagellum,
1549 1505 1657 1543 non
1693 1490 1760 1543 ab
1806 1491 1912 1542 alio
1941 1491 2067 1544 illud
2105 1493 2251 1546 acci.

680 1579 860 1648 piens,
906 1593 1006 1632 suo
1055 1593 1210 1635 more
1237 1579 1498 1645 explicat,
1551 1579 1764 1647 dicens,
1815 1581 2085 1650 ﬂagellum
2121 1583 2253 1636 ima-

676 1670 853 1740 ginem
873 1671 1036 1740 366
1049 1686 1166 1726 esse
1182 1671 1436 1740 potentia:
1448 1683 1500 1726 et
1526 1673 1860 1741 operationis
1875 1671 2109 1742 Spiritus
2121 1687 2252 1729 sau-

677 1761 772 1827 cti,
805 1759 931 1814 ﬂatu
960 1761 1283 1832 expclleutis
1319 1763 1508 1818 malos.
1543 1762 1893 1832 Aﬂirmatque
1915 1804 1929 1830 ,
1955 1764 2244 1832 ﬂagellum,

2363 583 2525 650 μόνος
2568 583 2855 652 ἀρχιερεὺς
2899 583 3075 646 εἰσίει,
3131 581 3258 634 ἔνθα
3309 578 3488 646 οἴομαι
3540 576 3699 630 αὑτὸν
3751 575 3936 641 λέγειν

2356 674 2482 736 τοὺς
2510 677 2912 744 πνευματικοὺς
2939 679 3163 746 χωρεῖν·
3196 673 3264 728 τὰ
3303 673 3360 727 δέ
3397 674 3652 744 προνάου,
3679 672 3810 722 ὅπου
3838 667 3933 720 καὶ

2357 769 2406 818 oi
2435 769 2677 828 Λευῖται,
2719 767 2983 836 σύμϐολον
3016 763 3154 821 εἶναι
3204 769 3311 820 τῶν
3355 769 3458 834 ἔξω
3487 765 3581 819 τοῦ
3622 763 3930 835 Πληρώμα-

2359 873 2449 918 τος
2496 856 2763 926 ψυχικῶν,
2799 859 3201 930 εὑρισκομένων
3231 861 3288 911 ἐν
3320 858 3578 928 σωτηρίᾳ.
3638 856 3780 926 Πρὸς
3806 852 3932 904 τού-

2355 963 2490 1009 τοις,
2546 949 2669 1010 τοὺς
2723 949 3141 1020 εὑρισκομένους
3188 952 3244 1002 ἐν
3289 947 3366 1018 τῷ
3426 948 3586 1019 ἱερῷ,
3616 945 3930 1006 πωλοῦντας

2359 1035 2507 1104 βόας,
2554 1037 2645 1088 καὶ
2671 1038 2937 1108 πρόϐατα,
2972 1040 3066 1091 καὶ
3112 1037 3457 1111 περιστερὰς,
3505 1037 3755 1098 καὶτοὺς
3799 1034 3933 1088 καθ’

2356 1125 2587 1194 ημένους
2635 1127 3004 1197 κερματιστὰς
3029 1168 3044 1192 ,
3085 1128 3360 1194 ἐξεδέξατο
3400 1128 3651 1196 λέγεσθαι
3679 1128 3797 1180 ἀντὶ
3820 1127 3931 1179 τῶν

2359 1215 2525 1285 μηδὲν
2558 1217 2737 1285 χάριτι
2765 1217 3033 1283 διδόντων,
3067 1218 3180 1271 ἀλλ’
3209 1219 3475 1290 ἐμπορίαν
3505 1219 3597 1270 καὶ
3621 1217 3807 1287 κέρδος
3832 1215 3932 1285 τὴν

2355 1305 2464 1357 τῶν
2497 1304 2659 1368 ξένων
2687 1309 2766 1370 είς
2805 1308 2862 1359 τὸ
2891 1309 3032 1378 ἱερὸν
3064 1307 3266 1362 εἴσοδον
3293 1306 3639 1380 νομιζόντων,
3671 1305 3761 1359 τοῦ
3799 1305 3930 1358 ίδίου

2356 1394 2582 1465 κέρδους
2637 1397 2730 1448 καὶ
2770 1397 3131 1468 φιλαργυρίας
3181 1401 3387 1463 ἕνεκεν,
3426 1400 3523 1462 τὰς
3578 1401 3654 1460 είς
3705 1396 3801 1466 τὴν
3841 1396 3934 1448 λα-

2354 1489 2542 1558 τρείαν
2564 1487 2658 1540 τοῦ
2688 1487 2822 1542 Θεοῦ
2863 1489 3054 1554 θυσίας
3087 1491 3482 1565 χορηγούντων.
3517 1491 3625 1543 Καὶ
3665 1491 3724 1541 τὸ
3756 1502 3933 1556 φραγε-

2353 1579 2529 1647 γέλιον
2578 1580 2634 1632 δέ
2667 1581 2992 1651 πεποιῆσθαι
3046 1584 3111 1635 ἐκ
3162 1583 3408 1653 σχοινίων
3448 1583 3553 1634 ὑπὸ
3593 1580 3684 1633 τοῦ
3729 1578 3929 1650 Ἰησοῦ,

2354 1673 2473 1742 οὐχὶ
2525 1674 2655 1744 παρ’
2684 1674 2841 1727 ἄλλου
2895 1673 3170 1740 λαϐόντος,
3219 1675 3532 1746 ἰδιοτρόπως
3576 1672 3929 1742 ἀπαγγέλλει»

2353 1761 2526 1830 λέγων
2551 1763 2610 1814 τὸ
2640 1763 2965 1832 φραγγέλιον
2994 1765 3178 1818 είκόνα
3211 1766 3498 1836 τυγχάνειν
3543 1765 3587 1796 ⁸⁷
3629 1766 3726 1834 τῆς
3763 1763 3931 1816 δυνά·-

675 1852 864 1916 linum,
897 1854 1187 1919 sindonem,
1215 1863 1262 1907 et
1292 1863 1480 1907 caetera
1513 1853 1665 1915 talia.
1704 1854 1988 1921 imaginem
2016 1870 2124 1907 esse
2146 1870 2243 1922 ρο·
2279 1832 2323 1887 Β
2356 1869 2521 1922 μεως,
2553 1853 2645 1905 καὶ
2678 1855 2736 1906 ἐν

2356 1869 2521 1922 μεως,
2553 1853 2645 1905 καὶ
2678 1854 2957 1924 ἐνεργείας
2980 1853 3072 1907 τοῦ
3110 1854 3265 1923 ἁγίου
3289 1832 3619 1924 Πνεύματος,
3650 1832 3932 1923 ἐκφυσῶν-

676 1946 855 1997 tenlia:
900 1954 946 1996 et
996 1945 1314 2011 operationis
1360 1944 1590 2012 Spiritus
1647 1947 1839 1998 sancti.
1895 1942 2087 1998 Postea
2118 1945 2244 2000 illud

673 2034 897 2104 insuper
928 2033 1029 2088 sibi
1063 2034 1258 2087 tribuit
1299 2036 1443 2103 quod
1487 2036 1752 2104 scriptum
1797 2050 1905 2089 non
1950 2045 2052 2102 est,
2085 2036 2244 2089 uimi-

657 2135 793 2180 ‘rum
832 2124 974 2198 quod
991 2122 1260 2192 ﬂagellmn
1289 2125 1352 2177 ad
1393 2123 1595 2188 lignum
1628 2123 1848 2193 ligatum
1877 2123 2070 2187 fuerit;
2102 2123 2244 2192 quod

673 2215 878 2282 lignum
924 2216 1313 2284 interpretatus
1359 2225 1440 2270 est
1486 2215 1710 2285 ligurum
1751 2230 1873 2270 esse
1910 2218 2112 2280 erucis,
2153 2219 2250 2270 hoc

671 2306 858 2375 ligno,
919 2307 1152 2370 dicens,
1210 2317 1542 2375 consumptos
1600 2318 1646 2361 et
1704 2309 1898 2362 deletos
1949 2307 2249 2375 aleatores,

672 2404 1013 2461 mercatores,
1045 2412 1349 2465 omnemque
1379 2396 1666 2449 malitiam.
1702 2396 1811 2451 Nec
1837 2398 1952 2451 scio
1977 2400 2249 2466 quomodo

672 2499 884 2553 nugans
916 2487 1062 2540 dicat
1087 2485 1358 2553 ﬂagellum
1399 2503 1465 2542 ex
1516 2489 1669 2543 hisce
1699 2487 1911 2541 duabus
1949 2491 2111 2542 rebus
2155 2505 2248 2556 pa-

674 2584 845 2637 ratum
900 2575 1088 2643 fuisse,
1123 2578 1408 2646 inquirens
1435 2581 1577 2647 quod
1627 2595 1654 2633 a
1686 2579 1812 2635 Jesu
1862 2579 2064 2633 factum
2099 2581 2198 2634 l'uit
2227 2599 2242 2635 :

671 2666 858 2734 Neque
899 2667 1042 2719 enim
1072 2682 1137 2720 ex
1174 2667 1334 2739 pelle,
1368 2669 1562 2741 inquit,
1597 2680 1807 2723 mortua
1841 2669 1969 2722 illud
1997 2671 2146 2736 fecit,
2187 2683 2244 2724 ut

671 2757 972 2811 Ecclesiam
1036 2756 1272 2817 eﬂiceret
1327 2773 1434 2811 nou
1499 2758 1728 2824 amplius
1789 2759 2105 2826 speluncam
2170 2761 2244 2815 la-

675 2859 887 2903 tronum
915 2855 968 2899 et
1000 2857 1387 2910 mercatorum,
1415 2848 1509 2901 sed
1545 2847 1765 2900 domum
1799 2847 1978 2902 Patris
2007 2849 2114 2903 sui.

2350 1957 2442 2005 τος
2478 1944 2608 2003 τοὺς
2630 1943 2897 2014 χείρονας.
2951 1947 3060 1998 Καί
3098 1961 3252 2014 φησι,
3300 1946 3365 1998 τὸ
3408 1944 3786 2014 φραγ-γέλων,
3830 1943 3926 1997 καί

2350 2028 2419 2082 τό
2472 2031 2668 2095 λίνον,
2719 2033 2817 2085 καί
2863 2033 2980 2101 τὴν
3028 2035 3300 2098 σινδόνα,
3351 2035 3449 2086 καὶ
3501 2035 3617 2087 ὅσα
3660 2033 3906 2090 τοιαῦτα

2349 2122 2611 2202 εἰκόνας,
2633 2122 2746 2191 τῆς
2780 2123 3088 2194 δυνάμεως
3136 2127 3234 2178 καὶ
3278 2125 3390 2192 τῆς
3431 2126 3731 2193 ἐνεργείας
3774 2122 3933 2177 εἷναι

2350 2213 2460 2267 τοῦ
2497 2213 2671 2282 ἁγίου
2716 2216 3081 2284 Πνεύματος.
3114 2217 3345 2268 Ἔπειτα
3385 2215 3559 2284 ἐαυτῷ
3596 2215 3931 2286 προσείληφε

2351 2303 2411 2363 τὸ
2455 2303 2530 2374 μὴ
2576 2305 2979 2374 γεγραμμένον,
3022 2305 3097 2368 ὡς
3141 2307 3247 2376 ἄρα
3273 2308 3351 2368 είς
3407 2305 3559 2368 ξύλον
3608 2305 3814 2362 ἐδέδετο
3862 2304 3931 2358 τὸ

2350 2393 2698 2463 φραγγὲλιον,
2743 2394 2877 2466 ὅπερ
2918 2392 3074 2459 ξύλον
3102 2395 3146 2427 ⁸³
3171 2395 3339 2454 τύπον
3381 2393 3625 2447 ἐκλαϐὼν
3650 2391 3786 2447 εἶναι
3827 2391 3932 2446 τοῦ

2364 2487 2620 2557 σταυροῦ,
2639 2491 2770 2556 φησι
2796 2489 2979 2553 τούτῳ
2992 2487 3071 2550 τῷ
3087 2487 3249 2551 ξύλῳ
3271 2486 3631 2553 ἀνηλῷσθαι,
3659 2484 3756 2536 καί
3774 2483 3927 2549 ἠφα-

2363 2575 2565 2629 νίσθαι
2593 2574 2735 2639 τοὺς
2768 2574 3074 2639 κυϐευτὰς,
3110 2577 3423 2643 ἐμπόρους,
3446 2575 3544 2626 καί
3579 2570 3780 2625 πᾶσαν
3807 2568 3926 2634 τὴν

2363 2665 2599 2715 κακίαν.
2645 2664 2753 2716 Καὶ
2791 2665 2891 2732 οὐκ
2930 2661 3023 2717 οἷδ’
3064 2666 3210 2725 ὅπως
3244 2663 3497 2734 φλυαρῶν
3541 2678 3700 2731 φησιν
3738 2667 3801 2712 ἐκ
3827 2658 3926 2710 δύο

2359 2756 2562 2808 τούτων
2618 2755 2953 2825 πραγμάτων
3001 2754 3324 2824 φραγγέλιον
3385 2749 3877 2813 κατασκευάζεσθαι
3903 2788 3922 2810 ,

2361 2845 2536 2916 ζητῶν
2554 2851 2614 2897 τὸ
2636 2846 2740 2898 ὑπὸ
2755 2846 2848 2898 τοῦ
2882 2845 3053 2912 Ἰησοῦ
3075 2847 3381 2912 γενόμενον.
3406 2846 3479 2897 Uti
3504 2845 3610 2911 γὰο
3636 2846 3697 2896 ἐκ
3720 2842 3928 2894 ὃέοιια-

671 2955 780 2999 τος,
829 2939 982 3008 φησὶ,
1027 2937 1220 3008 νεκροῦ
1274 2939 1527 3009 ἐποίησεν
1556 2939 1715 3004 αὐτὸ,
1766 2939 1854 2993 ἶνα
1892 2940 1991 3010 τὴν
2040 2943 2367 3016 Ἐκκλησίαν
2423 2940 2810 3011 κατασκευάσῃ
2845 2935 3026 2989 οὐκέτι
3058 2933 3271 3006 λῃστῶν
3330 2933 3423 2986 καὶ
3482 2931 3735 3002 ἐμπόρων
3786 2933 3936 3004 anile

671 3033 838 3094 λαιον,
872 3029 986 3081 ἀλλ’
1021 3026 1167 3081 οἷκον
1192 3029 1286 3082 τοῦ
1319 3031 1532 3101 Πατρὶς
1564 3031 1748 3084 αὑτοῦ.

1698 3123 1783 3181 Et
1810 3123 1875 3182 in
1913 3123 2049 3202 ipso
2077 3123 2371 3203 ﬁnetomi
2396 3120 2511 3194 XI,
2539 3134 2685 3196 pag.
2725 3115 2861 3180 183..

743 3221 1158 3275 luobscrvanter
1188 3220 1487 3276 lleracleon
1523 3221 1648 3276 illud
1686 3240 1698 3274 :
1731 3221 1891 3279 Zelus
1927 3223 2113 3277 deum:
2139 3233 2242 3276 tute
2270 3227 2312 3283 C

670 3314 894 3364 comedit
931 3328 1010 3365 me
1033 3312 1076 3342 "
1098 3353 1113 3377 ,
1143 3311 1250 3365 dici
1293 3319 1452 3380 putat
1503 3326 1567 3364 ex
1600 3325 1831 3378 persona
1865 3324 2053 3363 earum
2093 3318 2244 3377 pote-

674 3413 901 3468 statum,
943 3418 1065 3471 quze
1103 3402 1292 3469 ejecta!
1342 3402 1561 3455 fuerunt
1593 3411 1645 3455 et
1681 3412 2020 3470 consumptae
2053 3417 2080 3454 a
2115 3402 2245 3455 Ser-

675 3507 884 3563 vatore,
946 3510 1052 3547 uou
1099 3501 1284 3547 valens
1328 3494 1522 3550 seriem
1577 3494 1878 3562 prophetiae
1934 3494 1988 3546 in
2039 3493 2246 3561 psalmo

671 3601 915 3646 servare.
950 3585 1083 3639 Nam
1130 3587 1174 3639 si
1216 3589 1328 3640 haec
1360 3584 1735 3653 intelligantur
1759 3599 1823 3637 ex
1861 3583 2157 3650 ejectarum
2195 3592 2250 3636 et

672 3689 1117 3746 ironsumptarum
1150 3687 1482 3747 potestatum
1503 3692 1733 3745 persona
1760 3677 1888 3739 dici,
1907 3690 2248 3744 consequens

672 3772 952 3839 est,juxta
993 3771 1109 3839 ejus
1133 3771 1471 3835 opinionem,
1507 3770 1570 3822 de
1606 3769 1738 3836 ipsis
1762 3767 1924 3820 etiam
1957 3767 2060 3818 dici
2097 3766 2183 3817 illa
2231 3783 2242 3815 :

672 3861 936 3918 Dederunt
989 3863 1042 3913 in
1086 3877 1256 3913 escam
1324 3875 1492 3917 meum
1529 3859 1596 3927 {el
1646 3860 1722 3921 9‘;
1781 3872 1900 3924 qua:
1943 3857 1992 3909 iu
2053 3858 2241 3908 eodem

671 3952 878 4019 scripta
926 3961 1052 4004 sunt
1108 3951 1340 4018 psalmo.
1382 3950 1508 4007 Sed.
1545 3957 1601 4002 ut
1636 3947 1914 4015 probabile
1952 3957 2056 4008 est,
2096 3946 2242 3998 ἱΙΙιιιιι

673 4045 914 4098 turbavit
963 4058 1092 4105 vox,
1141 4042 1387 4094 comedit.
1453 4041 1676 4109 perinde
1730 4038 1882 4106 quasi
1937 4054 1966 4090 a
2023 4037 2244 4094 Christo

674 4133 779 4187 dici
833 4147 938 4187 non
997 4141 1200 4200 posset,
1231 4147 1337 4184 non
1372 4129 1646 4182 videntem
1689 4143 1894 4180 morem
1932 4126 2244 4187 Scriptura.

675 4239 816 4286 l‘lllll,
869 4222 1143 4276 hominum
1199 4219 1423 4274 aﬂ‘ectus
1471 4219 1583 4274 Deo
1631 4229 1683 4274 et
1733 4219 1954 4279 Christo
1989 4218 2237 4276 tribuen-

676 4322 830 4364 luunt.

2429 3217 2892 3288 ,Απαρατηρήτως
2919 3214 2946 3263 ὁ
2980 3209 3293 3284 Ἡρακλέων
3330 3208 3498 3265 οἴεται
3538 3208 3617 3271 τὺ,
3658 3207 3717 3260 '0
3751 3207 3939 3278 ζῆλος

2353 3308 2459 3362 τοῦ
2509 3308 2677 3360 οἴκου
2725 3319 2840 3357 σου
2897 3301 3299 3370 καταφάγεταί
3344 3317 3422 3368 με
3451 3317 3463 3330 ·
3514 3301 3576 3351 ἐκ
3636 3298 3939 3369 προσώπου

2353 3399 2459 3451 τῶν
2486 3395 2857 3466 ἐκϐληθέντων
2887 3393 2980 3444 καὶ
3009 3391 3397 3443 ἀναλωθέντων
3437 3389 3538 3441 ὑπὸ
3562 3388 3653 3441 τοῦ
3682 3389 3941 3459 Σωτῆρος

2354 3488 2634 3556 δυνάμεων
2682 3483 2956 3551 λέγεσθαι,
3013 3482 3087 3550 μὴ
3129 3481 3424 3550 δυνάμενος
3466 3481 3557 3532 τὸν
3601 3481 3784 3550 εἱρμὸν
3828 3479 3938 3548 τῆς

2356 3583 2412 3632 ἐν
2433 3577 2509 3647 τῷ
2530 3576 2729 3644 ψαλμῷ
2753 3573 3084 3644 προφητείας
3108 3572 3249 3642 τηρῆ
3259 3589 3364 3624 σαι.
3381 3572 3519 3623 Νοου
3527 3572 3706 3640 μένων
3733 3569 3838 3641 γὰρ
3855 3571 3934 3630 ὀ,

2357 3671 2420 3721 ἐκ
2458 3666 2745 3738 προσώπου
2775 3665 2880 3716 τῶν
2919 3664 3290 3731 ἐκϐληθέντων
3320 3663 3413 3714 καὶ
3444 3660 3820 3714 ἀναλωθέντων
3852 3661 3901 3690 ’⁸

2353 3759 2632 3826 δυνάμεων
2676 3754 2951 3822 λέγεσθαι,
2999 3752 3288 3806 ἀκόλουθον
3334 3752 3392 3804 δέ
3440 3755 3556 3809 ἐστι
3602 3753 3720 3808 κατ’
3765 3751 3942 3809 αὑτὸν

2328 3849 2445 3900 ’καὶ
2494 3849 2571 3911 τὸ,
2622 3829 2884 3897 Ἔδωκαν
2936 3847 3022 3908 είς
3060 3847 3128 3900 τό
3165 3841 3376 3910 ,βρῶμά
3423 3859 3538 3912 μου
3589 3839 3798 3908 χολήν,
3834 3841 3940 3891 καὶ

2354 3942 2438 3991 ἐπ’
2483 3938 2705 3990 ἐκείνων
2750 3936 3024 4004 λέγεσθαι,
3056 3937 3113 3988 ἐν
3146 3934 3224 4003 τῷ
3261 3933 3407 4002 αὐτῷ
3435 3931 3933 4002 ἀναγεγραμμένον

2351 4031 2568 4100 ψαλμῷ.
2615 4029 2775 4090 Ἀλλ’,
2808 4029 2882 4090 ὼς
2920 4028 3086 4090 είκὸς,
3133 4025 3393 4095 ἐτάραξεν
3441 4024 3603 4076 αὐτὸν
3633 4022 3713 4083 τὸ,
3749 4036 3938 4073 κατα-

2351 4119 2600 4188 φάγεταί
2637 4135 2731 4187 με,
2769 4117 2843 4179 ὡς
2897 4117 2969 4187 μὴ
2999 4116 3289 4184 δυνάμενον
3329 4115 3433 4167 ὑπὸ
3483 4111 3715 4183 Χριστοῦ
3745 4113 3938 4178 ἀπαγτ

2351 4208 2656 4277 γέλλεσθαι,
2696 4208 2755 4258 ού
2791 4205 3073 4275 χωροῦντα
3105 4206 3164 4256 τὸ
3189 4204 3308 4266 ἔθος
3341 4203 3446 4255 τῶν
3483 4198 3938 4270 ἀνθρωποπαθών

2354 4303 2482 4374 περὶ
2511 4301 2643 4354 Θεοῦ
2670 4302 2763 4360 καὶ
2811 4297 3045 4370 Χριστοῦ
3089 4297 3301 4366 λόγων.,

1893 4423 1997 4481 Ex
2029 4430 2190 4480 tomo
2233 4417 2372 4487 ΧΠ,
2408 4433 2549 4492 pag.
2585 4416 2720 4475 187.

745 4523 1074 4586 lleracleou,
1114 4526 1165 4576 in
1194 4524 1386 4586 tribas,
1439 4523 1598 4586 dicit,
1636 4535 1733 4589 pro
1767 4536 1831 4575 eo
1867 4521 2007 4590 quod
2041 4529 2142 4581 est,
2192 4518 2246 4570 in
2282 4528 2320 4580 1]

671 4616 829 4668 tertia
858 4617 924 4679 θ’,
959 4631 1062 4668 non
1096 4625 1478 4683 perscrutatus
1511 4613 1784 4682 (quamvis
1827 4614 2031 4666 notarit
2074 4627 2242 4665 vocu-

673 4707 779 4763 lam
819 4707 1007 4774 tribus)
1041 4715 1314 4773 quomodo
1357 4709 1408 4760 in
1463 4707 1636 4761 tribus
1698 4706 1888 4760 diebus
1949 4713 2245 4771 peragatur

676 4800 1027 4852 resurrectio.
1055 4800 1232 4867 Atque
1256 4801 1419 4853 etiam
1461 4807 1723 4868 praetcrea
1751 4797 1955 4849 tertiam
1989 4795 2122 4844 diem
2149 4807 2244 4860 ap-

679 4889 839 4949 pellat
875 4887 1230 4950 spiritualem,
1259 4889 1308 4940 iu
1340 4903 1442 4956 qua
1469 4888 1733 4941 declarari
1770 4894 1957 4954 putant
1991 4882 2247 4935 Ecclesia:

675 4980 1155 5033 resurrectionem.
1191 4976 1287 5031 llis
1319 4992 1661 5045 consequens
1692 4987 1792 5038 cst,
1827 4985 1881 5025 ut
1911 4975 2083 5040 prima
2132 4972 2245 5022 dies

678 5069 976 5131 terrestris,
1003 5066 1240 5120 secunda
1268 5065 1520 5118 animalis
1546 5065 1779 5119 dicatur.
1815 5076 1914 5114 nou
1964 5060 2103 5112 facta
2146 5056 2244 5109 Ec-

677 5159 857 5215 clesiae
896 5159 1301 5212 resurrectione
1331 5160 1380 5210 in
1421 5156 1576 5224 ipsis.

2441 4515 2494 4566 Ὀ
2530 4512 2845 4584 Ἡρακλέων
2891 4511 2971 4574 τὸ,
3000 4511 3069 4563 ἐν
3102 4507 3281 4576 τρισὶ,
3317 4507 3497 4577 φησὶν,
3551 4506 3671 4560 ἀντὶ
3697 4506 3808 4568 τοῦ,
3855 4507 3934 4558 ὲν

2354 4605 2539 4671 τρίτῃ,
2587 4604 2658 4672 μὴ
2687 4604 2984 4672 ἐρευνήσας
3036 4600 3298 4670 (καίτοιγε
3337 4598 3635 4666 ἐπιστήσας
3674 4596 3750 4666 τῷ
3781 4598 3826 4628 ’³
3855 4599 3938 4649 ἐν

2353 4695 2554 4761 τρισί),
2589 4694 2703 4755 πῶς
2752 4695 2808 4743 ἐν
2851 4693 3026 4762 τρισὶν
3057 4693 3088 4760 ή
3122 4688 3416 4750 ἀνάστασις
3449 4690 3746 4758 ἐνεργεῖται
3784 4689 3935 4758 ἡμέ-

2356 4804 2493 4856 ραις.
2531 4786 2649 4835 Ἔτι
2690 4783 2745 4834 δὲ
2792 4782 3011 4848 καὶτὴν
3039 4781 3241 4845 τρίτην
3256 4779 3387 4848 φησὶ
3402 4776 3936 4845 τὴνπνευματικὴν

2356 4875 2600 4942 ἡμέραν,
2632 4875 2686 4924 ἐν
2779 4871 2976 4922 οἴονται
3011 4869 3294 4938 δηλοῦσθαι
3334 4870 3431 4937 τὴν
3471 4868 3571 4936 τῆς
3608 4865 3937 4932 Ἐκκλησίας

2356 4966 2670 5018 ἀνάστασιν.
2701 4962 2916 5016 Τούτων
2940 4961 2995 5013 δὲ
3021 4960 3309 5012 ἀκόλουθόν
3337 4961 3472 5020 ἐστι,
3506 4956 3725 5025 πρώτην
3749 4954 3939 5019 λέγειν

2359 5054 2499 5109 εἶναι
2531 5055 2626 5124 τὴν
2663 5054 2848 5122 χοῖκὴν
2879 5055 3111 5122 ἡμέραν,
3160 5053 3253 5103 καὶ
3281 5053 3376 5120 τὴν
3408 5049 3663 5118 δευτέραν
3702 5045 3798 5114 τὴν
3826 5044 3938 5112 ψυ-

2365 5150 2543 5220 χικὴν,
2577 5149 2635 5199 ού
2670 5147 3041 5216 γεγενημένης
3088 5143 3411 5215 Ἐκκλησίας
3449 5142 3545 5210 τῆς
3584 5137 3939 5209 ἀναστάσεως

2357 5243 2412 5291 ἐν
2452 5239 2658 5296 αὑταῖς.

1889 5353 1968 5410 Et
1999 5350 2190 5426 paulo
2214 5361 2384 5426 post,
2422 5367 2566 5426 pag.
2602 5351 2736 5410 189.

745 5480 1044 5537 Heracleon
1073 5494 1140 5533 ne
1174 5480 1414 5548 inspecta
1434 5477 1651 5546 quidem
1684 5475 1906 5529 historia
1940 5476 2094 5536 dicit,
2121 5473 2220 5527 Sa-

748 5617 793 5650 "
843 5616 956 5671 Sic.
985 5615 1104 5668 COtl.
1139 5613 1287 5666 Bodl.
1336 5611 1497 5664 2281.

678 5703 742 5750 tt,
777 5687 862 5741 Π.
961 5686 1006 5716 ⁸⁰
1048 5685 1136 5739 Sic
1168 5685 1286 5738 cod.
1333 5681 1484 5735 Bodl.

679 5760 725 5790 es
757 5754 911 5812 δορυ,
948 5769 1005 5822 ιι³
1041 5755 1120 5808 19,.
1202 5753 1242 5784 ³³
1273 5754 1361 5805 Sic
1409 5752 1505 5805 cud
1567 5750 1715 5804 Bodl.

1577 5610 1620 5641 ⁸⁸
1665 5607 1913 5672 Quinque
1950 5620 2108 5657 vuccs
2137 5605 2335 5656 additm
2385 5620 2448 5654 cx
2479 5602 2642 5653 codd.
2677 5599 2856 5672 Bndl._
2878 5596 3038 5672 228i:

1601 5666 1841 5747 “‘WLeg.‘
1867 5673 2229 5744 ἐκϐληθειττιτιν
2263 5678 2354 5725 καὶ
2385 5672 2770 5726 ἀναλωθεισῶν.
2819 5668 2974 5722 Εῡιτ.
3002 5666 3234 5720 Ρλῐιιοι..

2415 5473 2473 5523 Ὀ
2517 5470 2855 5540 Ἡρακλέων,
2889 5468 3020 5537 μηδὲ
3069 5469 3365 5536 ἐπιστήσας
3411 5467 3477 5535 τῆ
3521 5462 3754 5533 ἱστορίᾳ,
3797 5464 3938 5534 φησὶ

3133 5597 3178 5627 ⁸⁸
3211 5596 3356 5650 Psal.
3386 5611 3575 5654 vam.
3628 5595 3720 5657 l0;
3767 5593 3934 5650 Joau.

3341 5669 3381 5697 ⁹¹
3409 5665 3547 5719 Psal.
3590 5679 3777 5723 vattt,
3841 5665 3933 5717 2'2.
