4230 6322
739 397 881 453 1303

1660 393 1999 449 APPENDIX
2037 392 2126 447 AD
2167 389 2476 458 QUINQUE
2509 386 2768 442 ΙΒΕΝΑΞΙ
2807 383 3070 439 LIBROS.

3853 373 3996 431 1304

734 534 830 584 que
858 517 1057 570 veniam
1091 516 1191 570 huc
1219 517 1287 570 ad
1326 516 1710 579 hauriendum;
1748 516 1822 570 ait
1859 514 2137 568 mulierem
2185 514 2298 566 haec
2329 517 2370 574 Α
2401 551 2404 558 .

2329 517 2370 574 Α
2401 510 2564 579 Λέγει
2593 504 2746 574 αὐτῇ
2779 505 2930 577 φησί·
2951 503 3168 571 ’Δῆλον
3200 499 3288 554 ὅτι
3313 499 3550 553 τοιοῦτό
3579 515 3634 551 τι
3658 494 3882 567 λέγων*
3922 498 3997 550 ΕΙ

732 608 916 662 dicere
948 608 1324 664 ostendentem
1358 623 1500 676 aegre
1535 607 1767 670 hauriri,
1814 617 1870 662 et
1905 621 2028 660 cum
2077 604 2304 660 dillicul-

733 707 840 752 tate
867 701 1168 769 comparari
1214 715 1408 769 aquam
1443 698 1614 765 illam,
1647 714 1751 754 nec
1794 698 2085 753 nutritioni
2121 707 2300 768 aptam

729 804 871 845 esse.
908 789 1059 844 Unde
1101 801 1277 861 potest
1322 792 1611 846 ostendere
1647 805 1845 858 aquam
1896 788 2087 850 Iacob,
2121 789 2302 842 nutri-

732 881 861 933 tioni
897 880 1039 934 haud
1075 881 1414 935 conducere?
1445 881 1635 934 Adhuc
1682 882 1734 932 in
1787 882 1901 934 haec
1935 881 2042 933 duo
2094 880 2299 931 verba:

732 970 872 1024 Dicit
916 972 1024 1038 illi,
1071 971 1197 1025 dicit
1253 971 1554 1026 Ileracleon
1599 970 1848 1026 :Scilicet
1891 969 1998 1024 tale
2046 970 2172 1039 quid
2220 969 2304 1022 di-

727 1065 848 1111 cens
876 1074 894 1112 :
928 1056 987 1112 Si
1023 1060 1097 1112 vis
1124 1062 1357 1126 accipere
1385 1061 1518 1114 hanc
1552 1077 1765 1130 aquam,
1792 1061 1946 1124 unde,
1970 1076 2090 1113 voca
2133 1061 2300 1114 virum

726 1158 873 1200 tuum
899 1163 918 1200 :
944 1160 998 1202 et
1039 1150 1319 1204 existimat
1353 1134 1551 1208 virum.
1584 1166 1742 1218 quem
1792 1149 2139 1205 Samaritidis
2182 1166 2302 1204 esse

727 1236 989 1290 Servatur
1018 1239 1168 1298 dicit,
1211 1237 1457 1292 Pleroma
1508 1239 1855 1294 Samaritidis
1894 1255 2034 1306 esse,
2073 1251 2128 1293 ut
2173 1256 2301 1311 pro-

725 1328 866 1382 fecta
894 1343 1016 1382 cum
1052 1324 1144 1384 illo
1188 1329 1253 1385 ad
1305 1330 1690 1396 Servatorem,
1730 1342 2014 1401 reportare
2058 1334 2126 1388 ab
2178 1334 2301 1402 ipso

724 1420 1051 1486 potentiam,
1098 1431 1152 1473 et
1188 1422 1464 1485 unionem,
1500 1432 1555 1474 et
1596 1424 2033 1480 commistionem
2071 1426 2138 1478 ad
2182 1426 2303 1479 Ple-

724 1525 876 1563 roma
909 1524 1068 1565 suum
1105 1523 1308 1582 posset.
1342 1515 1435 1566 Ast
1483 1509 1724 1567 Christus
1766 1531 1869 1568 non
1911 1516 2079 1579 dixit,
2123 1516 2304 1585 inquit

726 1600 1065 1666 lleracleon,
1103 1604 1312 1657 mulieri
1357 1605 1419 1658 de
1457 1607 1668 1660 homine
1713 1608 2007 1672 mundano,
2050 1621 2106 1661 ut
2145 1625 2302 1661 uoca-

724 1701 826 1753 ret,
859 1692 983 1760 quia
1036 1709 1136 1746 non
1188 1694 1492 1763 ignorabat,
1523 1713 1636 1751 eam
1670 1699 1960 1769 legitimum
1996 1699 2165 1751 virum
2196 1716 2300 1752 non

725 1783 931 1837 habere.
970 1783 1238 1840 (laterum
1271 1787 1555 1843 manifeste
1587 1789 1685 1844 hoc
1733 1792 1784 1844 in
1817 1793 1934 1846 loco
1969 1794 2147 1846 verbis
2196 1793 2298 1844 vim

725 1872 891 1927 infert
919 1875 1113 1928 dicens.
1151 1879 1292 1946 quod
1321 1880 1534 1933 mulieri
1566 1881 1828 1935 Servatur
1855 1884 2057 1937 dixerit
2082 1897 2096 1936 :
2138 1881 2298 1947 Vnde,

723 1981 850 2018 uoca
888 1967 1058 2018 uirum
1095 1977 1266 2032 tuum,
1297 1979 1345 2022 et
1379 1971 1494 2024 ueni
1526 1972 1628 2024 huc
1653 1973 1729 2036 ";
1766 1973 2084 2042 signiﬁcans
2133 1955 2303 2028 mari-

724 2064 858 2118 tum,
891 2071 1050 2123 quem
1091 2073 1156 2111 ex
1188 2057 1500 2114 Pleromate
1539 2061 1780 2118 habebat
1809 2083 1823 2117 :
1860 2079 1983 2117 nam
2017 2064 2060 2120 si
2092 2064 2195 2119 hoc
2225 2066 2303 2119 sic

721 2160 782 2201 se
833 2149 1104 2215 habebat,
1162 2161 1482 2219 oportuerat
1533 2156 1708 2208 Virum
1775 2156 2028 2220 dicendo,
2079 2159 2300 2211 modum

721 2239 906 2303 etiam,
948 2254 1058 2308 quo
1089 2245 1365 2297 vocandus
1405 2252 1557 2308 erat,
1591 2246 1796 2314 dicere,
1829 2256 1888 2300 ut
1920 2258 2044 2302 cum
2089 2249 2205 2316 ipso
2235 2239 2300 2303 ad

721 2328 1074 2382 Servatorem
1115 2343 1390 2400 pergeret.
1429 2333 1534 2388 Sed
1583 2339 1854 2404 quoniam,
1890 2346 1946 2390 ut
1985 2337 2298 2393 lleraclenn

721 2424 885 2486 dicit,
908 2421 1070 2490 juxta
1108 2423 1513 2492 intelligentiam
1545 2429 1874 2494 spiritualem
1907 2430 2184 2498 ignorabat
2221 2431 2302 2484 vi-

721 2531 842 2567 rum
885 2531 1057 2580 suum,
1093 2517 1379 2569 secundum
1412 2533 1528 2570 vero
1569 2518 1858 2585 simplicem
1894 2510 2300 2590 intelligentiam

721 2607 1049 2658 erubescebat
1069 2605 1256 2666 dicere,
1286 2607 1424 2676 quod
1443 2603 1694 2660 moechum
1723 2606 1952 2671 haberet,
1979 2623 2080 2660 non
2104 2611 2301 2675 virum;

721 2695 994 2758 quomodo
1021 2708 1125 2747 non
1157 2693 1357 2746 frustra
1393 2696 1698 2763 imperavit,
1737 2698 1955 2751 dicens:
1989 2697 2150 2763 Vade,
2179 2715 2302 2752 voca

721 2783 889 2855 368
908 2785 1073 2837 virum
1108 2794 1280 2847 tuum,
1308 2795 1354 2837 et
1388 2785 1502 2838 veni
1527 2785 1701 2838 huc'?
1731 2785 1935 2840 Deinde
1957 2789 2021 2840 ad
2052 2788 2138 2840 id:
2170 2787 2303 2841 Vere

721 2874 938 2936 dixisti,
975 2875 1097 2940 quia
1127 2874 1292 2927 virum
1321 2889 1422 2925 non
1461 2872 1641 2935 habes,
1677 2875 1852 2943 inquit
1887 2892 1900 2927 :
1939 2866 2204 2940 Quoniam
2247 2877 2302 2931 in

723 2966 921 3017 mundo
952 2967 1124 3017 virum
1164 2981 1268 3017 non
1306 2965 1526 3017 habebat
1559 2963 1863 3028 Samaritis,
1894 2968 2003 3020 uiro
2033 2983 2128 3020 suo
2163 2969 2304 3020 cassi.

720 3063 886 3109 stenle
927 3056 1067 3108 inter
1107 3053 1326 3107 /Eones.
1367 3055 1546 3122 Atque
1598 3071 1695 3109 nos
1740 3057 1960 3124 quidem
2013 3057 2243 3126 legimus
2284 3077 2298 3112 :

2405 599 2599 665 θέλεις
2631 597 2841 651 λαϐεῖν
2881 593 3060 648 τοῦτο
3106 591 3174 645 τὸ
3228 589 3404 657 ὕδωρ,
3451 590 3660 658 ὕπαγε,
3704 586 3999 656 φώνησον

2403 691 2512 746 τὸν
2554 688 2745 757 ἄνδρα
2792 701 2908 741 σου
2931 703 2944 715 ·
2980 685 3074 737 καὶ
3117 682 3286 737 οίιται
3324 681 3424 749 τῆς
3462 679 3849 751 Σαμαρείτιδος
3896 678 3989 730 τὸν

2405 783 2694 853 λεγόμενον
2726 780 2830 834 ὑπὸ
2866 777 2960 832 τοῦ
2993 768 3246 846 Σωτῆρος
3292 772 3460 844 ἄνδρα
3489 774 3548 826 τὸ
3580 773 3858 842 Πλήρωμα
3915 763 3990 820 εἷ-

2406 891 2491 926 ναι
2523 872 2724 941 αὐτῆς,
2759 871 2846 922 ῐνα
2878 869 2974 921 σὺν
3029 863 3221 934 ἐκείνῳ
3265 862 3528 932 γενομένη
3564 861 3698 931 πρὸς
3734 860 3824 912 τὸν
3876 859 3993 911 Σωο

2405 965 2543 1034 τῆρα
2589 961 2918 1032 κομίσεσθαι
2965 959 3096 1028 παρ’
3130 954 3296 1009 αὑτοῦ
3339 955 3438 1024 τὴν
3469 951 3717 1020 δύναμιν,
3751 949 3844 1004 καὶ
3889 949 3992 1018 τὴν

2404 1056 2614 1117 ἕνωσιν,
2649 1054 2746 1106 καὶ
2801 1053 2901 1123 τὴν
2947 1049 3248 1120 ἀνάκρασιν
3295 1047 3395 1117 τὴν
3446 1045 3582 1116 πρὸς
3611 1044 3673 1094 τὸ
3711 1043 3992 1112 Πληρωμα

2405 1147 2572 1216 αὐτῆς
2604 1143 2828 1214 δυνηθῇ.
2876 1143 2957 1194 Οὐ
2995 1140 3106 1210 γὰρ
3140 1138 3271 1207 περὶ
3307 1135 3549 1205 ἀνδρὸς,
3580 1134 3739 1204 φησὶ,
3786 1148 3996 1201 κοσμιο

2404 1237 2514 1290 κοῦ
2554 1235 2764 1304 ἔλεγεν
2817 1230 2993 1299 αὐτῇ,
3022 1233 3121 1284 ἵνα
3169 1227 3432 1295 καλέσῃ,
3459 1227 3703 1292 ἐπείπερ
3741 1227 3851 1278 οὐκ
3884 1225 3997 1292 ἠτα-

2404 1329 2525 1381 νόει
2568 1326 2656 1379 ὅτι
2694 1327 2804 1378 οὐκ
2848 1321 2974 1392 εἶχε
3016 1325 3271 1390 νόμιμον
3338 1318 3547 1386 ἄνδρα.
3609 1315 3893 1388 Προδήλως
3931 1313 3992 1368 δι

2404 1417 2638 1473 ἐνταῦθα
2675 1415 2920 1487 βιάζεται
2969 1415 3168 1481 λέγων,
3207 1413 3344 1482 αὐτῇ
3381 1411 3472 1463 τὸν
3507 1409 3732 1478 Σωτῆρα
3768 1408 3993 1476 εἰρηκέ-

2404 1529 2512 1566 ναι·
2555 1509 2845 1576 Φώνησόν
2883 1520 3000 1560 σου
3032 1504 3140 1558 τὸν
3180 1502 3390 1570 ᾆνόρα,
3438 1499 3536 1554 καὶ
3571 1498 3711 1552 ἐλθὲ
3746 1496 3984 1559 ἐνθάδε,

2402 1601 2663 1673 δηλοῦντα
2708 1599 2799 1652 τὸν
2832 1597 2939 1650 ἀπὸ
2974 1594 3068 1649 τοῦ
3121 1595 3492 1665 Πληρώματος
3527 1593 3754 1658 σύζυγον
3775 1607 3787 1619 ·
3827 1589 3995 1658 εἴπερ

2403 1695 2512 1766 γὰρ
2544 1693 2688 1746 τοῦθ’
2720 1690 2892 1753 οὕτως
2914 1685 3079 1759 εἶχεν,
3103 1686 3274 1757 ἐχρῆν
3306 1687 3397 1737 τὸν
3429 1684 3596 1754 ἄνδρα
3615 1683 3710 1734 καὶ
3730 1682 3850 1734 τίνα
3867 1681 3994 1751 τρό-

2404 1805 2504 1839 πον
2518 1785 2793 1856 φωνητὲον
2815 1782 2964 1835 ἔσται
2984 1780 3145 1834 αὐτὸν
3172 1781 3209 1843 ⁸,
3223 1779 3306 1832 ἵνα
3327 1778 3422 1830 σὺν
3441 1775 3588 1844 αὐτῷ
3609 1773 3831 1843 γένηται
3853 1772 3996 1842 πρὸς

2402 1877 2492 1928 τὸν
2526 1875 2769 1945 Σωτῆρα.
2817 1872 2964 1925 Ἀλλ’·
2985 1871 3114 1924 ἐπεὶ
3134 1911 3149 1934 ,
3177 1871 3252 1933 ὡς
3297 1866 3609 1938 Ἡρακλέων
3644 1865 3806 1933 φησὶ,
3839 1863 3996 1915 κατὰ

2401 1967 2468 2021 τὸ
2493 1967 2825 2034 νοούμενον
2846 1965 3048 2030 ἠγνόει
3074 1961 3180 2014 τὸν
3211 1960 3367 2014 lator
3396 1957 3609 2026 ἄνδρα,
3647 1956 3796 2009 κατὰ
3827 1955 3894 2008 δὲ
3923 1955 3992 2008 τὸ

2403 2058 2640 2114 ἁπλοῦν
2684 2057 2988 2126 ᾐσχύνετο
3042 2053 3264 2117 εἰπεῖν,
3317 2053 3407 2105 ὅτι
3457 2050 3695 2120 μοιχὸν,
3735 2050 3872 2118 οὐχὶ
3923 2048 3994 2102 δὲ

2403 2151 2613 2219 ἄνδρα,
2645 2146 2790 2218 εἶχε,
2837 2147 2954 2211 πῶς
2996 2147 3118 2216 οὐχὶ
3154 2145 3331 2216 μάτην
3374 2144 3525 2196 ἔσται
3569 2142 3925 2213 προστάσσων
3965 2141 3995 2194 ὁ

2402 2247 2575 2314 λέγων
2599 2265 2610 2273 ·
2662 2244 2913 2311 "fruare,
2963 2239 3252 2310 φώνησον
3303 2236 3413 2291 τόν
3473 2233 3662 2302 ἄνδρα
3711 2251 3848 2296 σου,
3887 2232 3992 2285 καὶ

2401 2336 2540 2391 ἐλθὲ
2566 2333 2809 2396 ἐνθάδες
2848 2329 2979 2386 Εἶτα
3025 2332 3162 2403 πρὸς
3193 2330 3352 2383 τοῦτο
3373 2330 3393 2359 ·’
3432 2326 3682 2394 Ἀληθές
3715 2325 3990 2393 εἴρηκας,

2403 2428 2492 2482 ὅτι
2528 2425 2715 2494 ἄνδρα
2748 2428 2858 2479 οὐκ
2903 2426 3090 2493 ἔχεις·
3121 2424 3284 2494 φησίν
3306 2439 3319 2453 ο
3361 2421 3528 2476 Ἐπεὶ,
3553 2421 3623 2472 ἐν
3663 2418 3743 2481 τῷ
3781 2420 3995 2486 κόσμῳ

2402 2524 2514 2576 οὐκ
2559 2516 2717 2584 εἶχεν
2759 2516 2947 2586 ἄνδρα
2984 2517 3020 2582 ἡ
3063 2512 3439 2582 Σαμαρεῖτις,
3472 2511 3550 2579 ἦν
3589 2509 3698 2579 γὰρ
3737 2507 3927 2575 αὐτῆς
3958 2511 3994 2562 ὁ

2403 2610 2559 2678 ἀνὴρ
2600 2611 2671 2662 ἐν
2725 2607 2806 2672 τῷ
2852 2605 3050 2660 Αιῶνι.
3095 2606 3287 2676 Ἡμεῖς
3339 2603 3436 2672 μὲν
3496 2598 3588 2656 οὖν
3640 2600 3991 2668 ἀνέγνωμεν·

2405 2701 2588 2754 Πέντε
2618 2699 2841 2765 ἄνδρας
2868 2697 3080 2765 ἔσχες-ο
3121 2695 3273 2766 παρὰ
3311 2696 3368 2746 δὲ
3400 2693 3478 2764 τῷ
3531 2694 3866 2764 Ἡρακλέωνι
3899 2691 3997 2745 εὖ-

2404 2808 2602 2861 ρομενο
2642 2789 2744 2854 Ἓξ
2789 2788 3014 2856 ἄνδρας
3077 2790 3287 2856 ἕσχες’
3323 2788 3415 2840 καὶ
3461 2786 3751 2857 ἐρμηνεὺει
3785 2801 3849 2852 γε
3889 2785 3996 2853 τὴν

2403 2881 2591 2952 ὑλικὴν
2632 2883 2811 2934 πᾶσαν
2849 2879 3049 2932 κακίαν
3081 2877 3369 2946 δηλοῦσθαι
3401 2877 3488 2930 διὰ
3518 2876 3626 2929 τῶν
3661 2876 3720 2940 ἓξ
3757 2874 3994 2945 ἀώρῶν,

2404 2966 2438 3045 ᾖ
2473 2969 2872 3024 συνεπέπλεκτο
2901 2970 2995 3022 καὶ
3023 2968 3341 3038 ἐπλησίαζε,
3380 2965 3532 3038 παρὰ
3565 2967 3726 3034 λόγον
3764 2967 3997 3038 πορνεύ-

2402 3079 2557 3125 ουσα,
2590 3060 2682 3114 καὶ
2713 3060 3126 3130 ὲνυὸριζομένη,
3166 3059 3260 3111 καὶ
3300 3058 3660 3128 ἀθετουμένη,
3693 3061 3787 3110 καὶ
3819 3059 3994 3124 ἐγκα-

724 3144 964 3214 Quinque
1010 3147 1148 3198 enim
1193 3147 1329 3199 viros
1373 3147 1683 3201 habuisti':
1727 3149 1866 3217 apud
1913 3149 2298 3205 lleracleonem
2329 3171 2370 3227 ο

2329 3171 2370 3227 C
2402 3152 2764 3222 ταλειπομένη
2797 3152 2888 3203 ὑπ’
2919 3149 3117 3202 αὐτῶν.
3155 3150 3386 3202 Λεκτέον
3420 3149 3479 3202 δὲ
3527 3149 3663 3218 πρὸς
3699 3149 3879 3210 αὑτὸν,
3907 3149 3995 3202 ὅτι

721 3252 852 3292 vero
879 3237 1180 3292 invenimus
1210 3257 1221 3290 :
1254 3237 1361 3292 Sex
1404 3240 1541 3291 viros
1575 3240 1844 3293 habuisti:
1878 3241 2295 3309 interpretatur-

721 3342 830 3398 que
857 3344 955 3397 per
990 3329 1136 3381 viros
1174 3342 1288 3393 sex,
1319 3331 1625 3383 universam
1661 3330 1924 3384 malitiam
1958 3333 2294 3388 materialem

723 3420 1017 3484 declarari,
1051 3435 1154 3490 «lita
1203 3435 1321 3474 sese
1380 3422 1756 3490 implicuerat,
1792 3432 1844 3476 et
1887 3424 1952 3477 ad
1999 3441 2163 3494 quam
2204 3441 2284 3480 ae-

723 3521 996 3573 cesserat.
1040 3523 1234 3581 praeter
1281 3513 1547 3566 rationem
1594 3512 1892 3578 fornicans,
1947 3520 2302 3572 contumeliis

724 3601 940 3666 alfecta,
982 3612 1041 3656 et
1088 3601 1327 3670 rejecta,
1365 3611 1417 3656 et
1464 3601 1724 3656 derelicta
1761 3605 1830 3657 ab
1873 3607 1997 3660 illis.
2043 3606 2149 3661 Sed
2199 3609 2302 3678 ipsi

733 3692 1052 3748 lleracleoni
1085 3694 1372 3747 dicendum
1400 3700 1503 3756 est,
1531 3693 1575 3746 si
1616 3692 1884 3750 fornicata
1918 3709 2001 3751 est
2046 3700 2306 3766 spiritua-

728 3784 814 3848 lis,
856 3799 1107 3851 peccasse
1163 3783 1535 3850 spiritualem;

2401 3244 2556 3315 εἴπερ
2579 3243 2868 3313 ὲπόρνευεν
2896 3244 2928 3312 ἡ
2961 3241 3326 3310 πνευματικὴ,
3351 3241 3662 3312 ἡμάρτανεν
3687 3241 3717 3310 ἡ
3749 3258 3996 3310 πνευμα-

2401 3337 2559 3405 τική-
2597 3335 2644 3386 εί
2683 3334 2740 3387 δὲ
2787 3334 3067 3405 ἡμάρτανε
3121 3332 3496 3402 πνευματικὴ,
3527 3331 3742 3405 δένδρον
3784 3332 3993 3399 ἀγαθὸν

2404 3427 2503 3477 οὐκ
2539 3422 2607 3495 ἦν
2635 3428 2667 3494 ἠ
2703 3425 3062 3494 πνευματική.
3095 3423 3251 3476 Κατὰ
3295 3421 3402 3493 γὰρ
3437 3423 3496 3475 τὸ
3538 3422 3881 3490 Εὐαγγέλιον,
3905 3425 3994 3476 Οὐ

2413 3515 2656 3568 δύναται
2680 3514 2932 3582 δένδρον
2957 3514 3183 3582 ἀγαθὸν
3210 3515 3476 3582 καρποὺς
3499 3515 3800 3580 πονηροὺς
3823 3515 3996 3581 ἐγστ-

2413 3607 2577 3660 κεῒνο
2621 3608 2713 3660 καὶ
2768 3607 2944 3677 δῆλον,
2988 3607 3070 3659 ὅτι
3102 3608 3306 3683 οἴχεται
3351 3607 3532 3669 αὐτοῖς
3562 3606 3630 3658 τὰ
3673 3607 3771 3676 τῆς
3821 3606 4013 3676 μυθοτ

2411 3701 2610 3762 ποιίας.

1609 3787 1653 3840 si
1700 3803 1828 3840 vero
1873 3789 2117 3855 peccavit
2173 3790 2493 3856 spiritualis,
2537 3791 2786 3844 arborem
2849 3791 3047 3842 bonam
3101 3803 3206 3842 non
3270 3788 3439 3843 luisse
3507 3787 3663 3842 istam
3721 3789 3993 3856 spiritua-

727 3876 855 3930 lem.
921 3875 1081 3931 Juxta
1140 3881 1284 3935 enim
1360 3880 1738 3956 Evangelium,
1813 3882 1936 3936 Non
1995 3892 2162 3952 potest
2209 3881 2393 3937 arbor‘
2421 3883 2555 3936 bona
2623 3884 2790 3938 malos
2845 3883 3048 3950 [ructus
3095 3883 3232 3950 ferre
3266 3886 3323 3949 ‘;
3378 3882 3603 3955 proinde
3652 3894 3836 3954 aperte
3887 3885 3994 3940 illis

726 3971 929 4042 perire,
956 3986 1075 4040 qua:
1109 3971 1404 4027 ﬁnxerunt.

2053 4067 2208 4146 Pag.
2237 4069 2358 4128 209
2390 4075 2442 4125 et
2475 4083 2636 4143 seqq.

800 4163 1095 4220 lleracleon
1149 4167 1200 4220 in
1244 4168 1356 4220 lure
1400 4167 1564 4222 verba
1611 4168 1835 4235 (Patres
1877 4172 2042 4224 nostri
2089 4172 2146 4224 in
2198 4173 2293 4223 hoc

726 4267 902 4308 monte
955 4256 1308 4309 adoraverunt
1362 4255 1417 4322 ')
1461 4258 1571 4320 ait,
1624 4259 1850 4314 honeste
1914 4260 2295 4314 Samaritidem

730 4349 929 4400 fassam
959 4345 1144 4408 fuisse,
1174 4362 1292 4415 qua:
1323 4348 1423 4400 sibi
1453 4345 1609 4402 Jesus
1656 4349 1919 4405 dixisset:
1951 4351 2128 4405 Solius
2159 4353 2296 4404 enim

728 4438 1014 4506 prophetrv,
1050 4437 1229 4506 inquit
1276 4438 1669 4510 (Heracleon),
1707 4453 1782 4494 est
1824 4446 1999 4495 omnia
2047 4460 2256 4497 cernere
2281 4463 2299 4498 :

729 4529 1021 4597 utrobique
1071 4531 1359 4585 mentiens.
1397 4531 1529 4584 Nam
1569 4534 1732 4586 etiam
1766 4535 1938 4603 angeli
1991 4535 2296 4602 huiusmodi

727 4635 954 4674 eernere
1002 4631 1244 4690 queunt,
1288 4634 1342 4675 et
1390 4624 1647 4691 propheta
1704 4640 1808 4678 non
1855 4627 2002 4681 videt
2058 4628 2239 4681 omnia
2282 4647 2294 4682 :

730 4714 815 4767 Ex
862 4725 1008 4779 parte
1038 4717 1177 4768 enim
1233 4719 1616 4784 cognoscimus.
1654 4728 1702 4772 et
1734 4735 1799 4773 ex
1835 4731 1987 4786 parte
2026 4721 2300 4790 propheta-

730 4821 843 4857 mus
873 4805 927 4868 ⁸,
975 4805 1088 4858 sive
1124 4807 1534 4873 prophetemns,
1570 4809 1685 4862 sive
1733 4823 2145 4879 cog-noscamus.
2198 4813 2300 4866 De-

731 4896 855 4949 inde
899 4896 1282 4951 Satnaritidem
1328 4898 1530 4961 laudat,
1569 4911 1826 4968 tanquam
1873 4915 1991 4969 qua;
2044 4904 2300 4956 decenter

730 4997 940 5042 naturre
968 5003 1078 5043 sua:
1110 4989 1330 5052 fecerit,
1370 5006 1490 5059 quae
1533 5007 1708 5061 neque
1740 4994 1960 5047 mentita
1996 4995 2088 5058 sit,
2129 5009 2302 5062 neque

727 5079 905 5147 palam
943 5077 1082 5133 fassa
1120 5079 1508 5146 turpitudinem
1547 5100 1699 5139 Suum
1730 5103 1743 5139 :
1773 5093 1824 5136 et
1867 5098 2184 5152 persuasam
2217 5085 2299 5137 in-

727 5169 848 5243 quit
903 5169 1106 5238 ipsam,
1151 5170 1334 5226 Jesum
1398 5176 1716 5240 prophetam
1767 5190 1907 5236 esse,
1957 5175 2299 5245 interrogare

727 5274 851 5311 eum
879 5299 893 5322 ,
941 5261 1324 5316 ostendentem
1362 5262 1526 5315 simul
1567 5264 1730 5316 etiam
1777 5278 2030 5328 causam,
2081 5275 2302 5332 prepter

726 5365 890 5420 quam
946 5352 1209 5405 fornicata
1286 5354 1489 5416 fuerit;
1557 5355 1814 5407 nimirum
1879 5356 2022 5424 quod
2079 5367 2301 5425 pr0pter

730 5443 1092 5512 ignorantiam
1132 5445 1260 5508 Dei,
1299 5457 1352 5498 et
1398 5445 1640 5498 divinum
1683 5447 1886 5500 cultum
1935 5447 2294 5517 neglexisset,

729 5547 776 5589 et
820 5535 1004 5586 omnia
1057 5533 1310 5588 deessent
1347 5549 1466 5603 qua:
1509 5534 1612 5588 sibi
1662 5534 1729 5587 ad
1759 5534 1937 5598 ,vitam
1989 5536 2298 5589 necessaria

829 5688 1054 5743 910ml.
1091 5705 1164 5751 Iv,
1194 5690 1274 5741 16.

729 5759 797 5810 ‘I
847 5761 969 5813 (lor.
1011 5775 1128 5821 xm,
1191 5761 1240 5813 9.

730 5826 751 5861 ⁸
788 5827 918 5894 Leg.
953 5829 1076 5880 τῶν.

1395 5693 1408 5720 ¹
1449 5691 1598 5742 Adde
1628 5691 1819 5743 εἰπεῖν.

1395 5693 1408 5720 ¹
1449 5691 1598 5742 Adde
1628 5691 1819 5743 εἰπεῖν.
1923 5692 1943 5720 ²
1971 5688 2128 5743 Joan.
2159 5705 2230 5750 tv,
2262 5691 2349 5743 l7.
2456 5692 2476 5721 ³
2513 5692 2670 5756 lbid.,
2715 5692 2801 5747 18.
2909 5693 2929 5722 ⁸
2961 5691 2994 5744 Μ

1324 5761 1340 5788 τ
1399 5760 1530 5829 Leg.
1584 5760 1676 5812 ἅτε
1714 5760 1778 5812 δι’
1811 5759 2049 5827 ἄγνοιαν.
2130 5761 2150 5792 ³
2206 5761 2587 5830 Supplendutu
2635 5773 2790 5834 puto,
2831 5762 2994 5818 ἁποτι

2306 5691 2349 5743 7.
2456 5692 2476 5721 ³
2513 5692 2670 5756 lbid.,
2715 5692 2801 5747 18.
2909 5693 2929 5722 ⁸
2961 5691 3146 5744 Matth.
3195 5705 3292 5751 vn,
3335 5691 3419 5743 l8.
3521 5689 3540 5719 '
3575 5688 3731 5740 Joun.
3762 5701 3838 5740 Ir.
3887 5688 3976 5736 ΞΟ.

2306 5761 2587 5829 ιριειιώιιιι
2635 5773 2790 5834 puto,
2831 5762 3338 5831 ἁποτυγχάνουοαν,
3374 5759 3454 5813 vel
3481 5757 3755 5829 quidpiam
3785 5754 3976 5810 simile.

2482 4166 2542 4221 '0
2583 4167 2893 4237 ’Πρακλέων
2922 4169 3002 4230 είς
3029 4167 3098 4220 τὰ
3123 4168 3259 4221 αὐτὰ
3293 4169 3508 4238 ῥήματα
3533 4167 3700 4235 λέγει,
3724 4168 3992 4237 εὐσχημύ⁴

2405 4273 2511 4318 νως
2537 4256 2953 4326 ὡμολογηκέναι
2985 4259 3084 4329 τὴν
3115 4259 3437 4328 Σαμαρεῖτιν
3456 4257 3522 4310 τὰ
3546 4259 3636 4309 ὑπ’
3659 4258 3824 4310 αὑτοῦ
3853 4259 3991 4330 προς

2406 4348 2571 4418 αὐτὴν
2635 4350 2927 4419 εἰρημένα·
2980 4351 3293 4419 Προφήτου
3349 4349 3459 4419 τὰρ
3509 4353 3734 4417 μόνου,
3790 4352 3989 4419 φησὶν,

2407 4442 2578 4495 ἐστὶν
2609 4441 2826 4495 ειδέναι
2855 4441 2926 4494 τὰ
2957 4441 3172 4505 πάντα,
3200 4443 3523 4514 ψευδόμενος
3553 4443 3846 4512 ἑκατέρως.
3874 4442 3988 4495 Καὶ

2407 4533 2512 4604 γὰρ
2543 4535 2590 4585 οἰ
2633 4533 2852 4600 ἄγγελοι
2898 4533 2965 4585 τὰ
2998 4534 3218 4587 τοιαῦτα
3253 4535 3504 4586 δύνανται
3553 4535 3777 4598 ειδέναι,
3824 4536 3917 4586 καὶ
3961 4537 3988 4587 6

2406 4627 2691 4695 προφήτης
2726 4626 2788 4677 οὑ
2822 4625 3001 4678 πάντα
3026 4621 3165 4678 οἶδεν
3182 4643 3193 4656 ’
3234 4626 3295 4678 Ἐ
3301 4643 3331 4677 κ
3343 4624 3562 4693 μέρους
3580 4625 3684 4694 γὰρ
3700 4625 3985 4692 γινώσκο-

2404 4729 2538 4783 μενν
2558 4717 2655 4769 καὶ
2673 4717 2739 4770 ἐκ
2753 4717 2974 4786 μέρους
2993 4722 3458 4787 προφητεύομεν,
3499 4716 3602 4770 κᾶν
3649 4714 3989 4786 upon-rebo-

2411 4824 2529 4876 μεν,
2575 4807 2667 4860 καὶ
2708 4806 3062 4874 γινώσκεμεν.
3110 4809 3262 4861 Μετὰ
3316 4808 3372 4861 δὲ
3425 4806 3597 4860 ταῦτα
3649 4809 3862 4858 ἐπαινεῖ
3908 4805 3987 4867 ὡς

2409 4899 2724 4970 πρεπόντως
2751 4902 2815 4970 τῇ
2852 4900 3022 4969 αὐτῆς
3057 4900 3215 4968 φύσει
3255 4902 3556 4971 ποιήσασαν
3583 4901 3683 4971 τὴν
3713 4900 3988 4971 Σαμαρεῖ-

2408 5007 2512 5054 τιν,
2547 4992 2641 5043 καὶ
2681 4993 2815 5061 μήτε
2865 4991 3232 5062 ψευσαμένην,
3268 4994 3400 5063 μήτε
3431 4992 3686 5063 ἄντικρυς
3715 4991 3987 5064 ὁμολογή-

2408 5097 2575 5134 σασαν
2613 5083 2712 5152 τὴν
2765 5082 2964 5150 ἑαυτῆς
3013 5081 3418 5151 ἀσχημοσύνην,
3472 5081 3843 5151 πεπεισμένην
3891 5097 3985 5145 τε,

2407 5175 2593 5243 φησὶν,
2620 5175 2806 5245 αὐτὴν,
2839 5177 2918 5228 ὅτι
2959 5177 3243 5246 προφήτης
3274 5174 3382 5245 εἴη,
3411 5176 3618 5245 ἐρωτᾷν
3651 5173 3833 5235 αὐτὸν,
3869 5173 3983 5242 ἃμα

2405 5263 2502 5332 τὴν
2551 5264 2728 5317 αἰτίαν
2780 5265 3166 5332 ὲμφαίνουσαν,
3211 5263 3276 5315 δι’
3327 5264 3392 5332 ἢν
3443 5262 3856 5332 ὲξεπὸρνευσεν,
3901 5261 3986 5312 ὅτι

2407 5356 2683 5410 διὰνοιαντ
2734 5355 2890 5414 Θεοῦ,
2939 5357 3032 5410 καὶ
3081 5355 3178 5424 τῆς
3225 5353 3363 5406 κατὰ
3411 5353 3501 5405 τὸν
3553 5352 3685 5404 Θεὸν
3731 5348 3984 5420 λατρείας

2406 5446 2778 5516 ἁμελήσασαν,
2826 5447 2920 5498 καὶ
2973 5445 3188 5498 πάντων
3223 5444 3331 5495 τῶν
3366 5443 3506 5496 κατὰ
3553 5443 3641 5494 τὸν
3701 5441 3810 5511 βίον
3845 5441 3981 5510 αὐτῇ

2405 5538 2716 5604 ἀναγκαίων
2737 5538 2778 5601 ⁸,
2812 5538 2905 5591 καὶ
2932 5537 3104 5600 ἄλλως
3133 5537 3218 5590 ἀεὶ
3251 5536 3349 5606 τὴν
3376 5537 3395 5566 ⁸
3446 5537 3502 5586 ἐν
3541 5533 3616 5604 τῷ
3653 5533 3750 5602 βίῳ
3782 5531 3981 5601 τδγχάε

2456 5692 2476 5721 ³
2513 5692 2670 5756 lbid.,
2715 5692 2801 5747 18.
2909 5693 2929 5722 ⁸
2961 5691 3146 5744 Matth.
3195 5705 3292 5751 vn,
3335 5691 3419 5743 l8.
3521 5689 3540 5719 '
3575 5687 3731 5740 Joun.
3762 5701 3838 5740 Ir.
3887 5684 3978 5756 20.
