4230 6322
709 393 848 450 1507

1636 391 1986 447 ΔΡΡΕΝΒΙΧ
2027 391 2118 446 AD
2155 390 2466 461 QUINQUE
2505 389 2761 445 ΙΒΕΝᾹΞΙ
2802 388 3065 446 LIBROS.

3838 389 3971 448 1308

707 510 878 578 ipsum
943 509 1160 562 adorent
1222 509 1288 561 ”.
1334 508 1412 564 Si
1455 508 1653 577 quaerit
1699 510 1884 578 Pater,
1933 525 2031 579 per
2083 511 2282 565 Filium

2388 510 2726 573 κυνοῦντας
2751 510 2937 562 αὐτόν
2960 525 2971 537 ·
3003 510 3052 560 εί
3079 506 3124 538 ’⁸
3152 505 3305 575 ζητεί
3323 507 3350 558 6
3371 504 3580 577 Πατὴρ,
3608 505 3694 558 διὰ
3720 504 3814 558 τοῦ
3838 503 3968 556 Υίοῦ

705 599 923 666 quaerit,
959 601 1051 666 qui
1082 611 1215 652 venit
1241 601 1310 652 ad
1335 601 1680 667 quierendum
1711 611 1758 654 et
1797 601 2114 656 servandum
2143 601 2284 672 quod

704 691 931 752 perierat
958 689 1003 720 "
1031 705 1042 740 :
1080 703 1214 756 quos
1239 689 1538 756 purillcans
1583 701 1637 745 et
1668 691 1930 745 erudiens
1966 690 2201 750 ratione.
2233 700 2287 744 et

705 779 854 832 sanis
883 780 1258 847 dogmatibus,
1285 778 1418 834 facit
1450 795 1575 835 esse
1617 795 1779 835 veros
1805 782 2143 835 adoratores.
2178 780 2284 833 Pe-

705 869 860 923 riisse
889 882 1088 934 autem,
1136 871 1268 924 dicit
1309 870 1637 938 Heracleon,
1667 873 1722 924 in
1751 873 2018 941 profunda
2063 873 2285 926 materia

699 964 897 1016 erroris
931 965 987 1016 id
1013 963 1152 1031 quod
1177 965 1450 1032 proprium
1475 975 1586 1017 erat
1614 963 1817 1029 Patris,
1835 965 1976 1033 quod
2003 965 2118 1017 ideo
2146 981 2287 1033 qutt-

701 1055 861 1119 ritur,
893 1065 948 1108 ut
975 1073 1007 1108 ιι
1031 1058 1142 1108 suis
1166 1056 1441 1109 adoretur.
1465 1057 1652 1126 Itaque
1669 1057 1812 1110 hunc
1831 1057 2049 1124 quidem
2074 1070 2284 1110 sermo-

701 1157 825 1195 nem
855 1143 898 1197 si
935 1143 1292 1198 intellexisset
1323 1147 1390 1198 de
1409 1145 1591 1198 ovium
1620 1145 1946 1214 perditione,
1970 1155 2025 1200 et
2053 1144 2120 1199 de
2149 1146 2280 1212 lilio,

700 1233 792 1301 qui
820 1234 1014 1301 patriis
1043 1235 1204 1288 bonis
1234 1236 1520 1298 exciderit,
1557 1237 1637 1289 sic
1667 1236 2081 1290 admisissemus
2111 1236 2281 1304 ipsius

698 1325 1137 1379 enarrationem.
1162 1324 1267 1380 Sed
1297 1326 1739 1395 quandoquidem
1771 1327 1966 1382 nescio
2002 1327 2134 1394 quid
2159 1334 2280 1379 tan-

700 1414 824 1468 dem
859 1425 1048 1483 aperte
1076 1418 1310 1469 doceant
1344 1417 1410 1470 de
1439 1419 1752 1486 perditione
1784 1417 2083 1486 spiritualis
2120 1425 2280 1469 natu-

698 1517 794 1568 rae,
837 1506 928 1572 qui
959 1505 1137 1573 ipsum
1163 1514 1472 1573 sequuntur
1496 1505 1830 1571 fabulantes,
1873 1515 1927 1559 et
1954 1505 2089 1559 nihll
2118 1519 2277 1572 aper-

698 1604 812 1648 tum
850 1609 951 1648 nos
981 1594 1244 1651 docentes
1273 1596 1342 1649 de
1391 1596 1627 1661 saeculis,
1670 1597 1757 1651 vel
1790 1595 2126 1666 temporibus
2157 1589 2277 1664 qua:

696 1685 854 1739 fuere
887 1694 1014 1740 ante
1046 1702 1218 1756 Ipsam
1250 1687 1612 1756 perditionem
1651 1688 1852 1759 (neque
1880 1689 2023 1741 enim
2053 1687 2274 1757 propria

694 1775 839 1828 dicta
863 1775 1144 1830 declarare
1181 1777 1466 1848 possunt);
1505 1779 1644 1834 hanc
1675 1780 1745 1833 ob
1771 1794 1994 1833 causam
2047 1788 2276 1846 praeter-

2392 602 2564 672 ζητεῑ,
2589 600 2694 652 τοῦ
2722 600 3091 665 ἐληλυθότος
3115 595 3361 663 ζητῆσαι
3395 596 3489 648 καὶ
3510 595 3701 649 σῶσαι
3719 595 3784 647 τὸ
3823 595 3974 648 ἀπο-

2387 691 2606 756 λωλὸς,
2642 689 2894 752 οὕστινας
2920 687 3216 758 καθαίρων,
3253 689 3346 738 καὶ
3390 685 3658 738 παιδεύων
3683 685 3762 755 τῷ
3797 685 3965 754 λόγῳ,

2388 783 2484 836 καὶ
2517 785 2628 845 τοῖς
2662 781 2836 849 ὑγιέσι
2869 780 3119 848 δόγμασι,
3159 775 3559 840 κατασκευάζει
3585 775 3804 845 ἀληθεῖς
3838 777 3965 838 τοὺς

2387 870 2790 942 προσκυνγιάς.
2831 866 3221 921 Ἀπολωλέναι
3253 865 3341 928 δὲ,
3372 868 3534 934 φησὶν
3565 867 3593 917 6
3628 864 3960 936 Ἡρακλέων,

2383 960 2453 1013 ἐν
2487 959 2560 1026 τῇ
2595 960 2811 1023 ,ϐαθείᾳ
2853 959 2969 1024 ὕλῃ
2995 953 3102 1021 τῆς
3130 954 3372 1021 πλάνης
3394 955 3460 1008 τὸ
3487 955 3704 1008 οικεῖον
3728 953 3808 1018 τῷ
3843 957 3962 1007 Πα-

2384 1053 2495 1118 τρὶ,
2518 1052 2663 1118 ὅπερ
2694 1049 2962 1116 ζητεῖται,
3004 1049 3104 1100 ἵνα
3129 1049 3161 1100 ὁ
3193 1047 3395 1115 Πατὴρ
3433 1047 3549 1100 ὑπὸ
3581 1046 3697 1099 τῶν
3729 1047 3964 1099 οἰκείων

2383 1140 2817 1210 προσκυνῆτιιι.
2862 1141 2924 1191 Et
2962 1139 3060 1209 μὲν
3088 1133 3181 1190 οὖν
3221 1137 3371 1207 ἑώρα
3407 1138 3497 1189 τὸν
3529 1137 3658 1207 περὶ
3689 1137 3786 1205 τῆς
3815 1137 3964 1188 ἀπω-

2381 1235 2529 1296 λείας
2557 1233 2663 1286 τῶν
2693 1231 2976 1303 προϐάτων
3008 1231 3182 1297 λόγον,
3219 1229 3309 1281 καὶ
3343 1229 3435 1282 τοῦ
3471 1230 3836 1291 ἀποπεσόντος
3854 1227 3964 1280 τῶν

2378 1319 2471 1372 τοῦ
2498 1319 2702 1389 πατρὸς
2732 1317 2869 1381 υἱοῦ,
2899 1316 3004 1370 κᾶν
3032 1316 3406 1387 ἀπεδεξάμεθα
3443 1317 3606 1370 αὐτοῦ
3640 1318 3734 1387 τὴν
3774 1317 3968 1387 διήγη-

2382 1429 2483 1464 σιν·
2517 1411 2636 1462 ἐπεὶ
2658 1409 2714 1460 δὲ
2749 1407 3165 1478 μυθοποιοῦντες
3194 1409 3368 1460 οἱάπὸ
3400 1407 3498 1476 τῆς
3521 1406 3744 1477 γνώμης
3772 1407 3962 1470 αὑτοῦ,

2379 1504 2478 1555 οὐκ
2500 1497 2594 1553 οἷδ’
2631 1501 2657 1552 6
2677 1518 2728 1552 τι
2763 1500 2892 1551 ποτὲ
2921 1498 3133 1570 τρανῶς
3163 1501 3461 1569 παριστᾶσι
3484 1499 3730 1570 περὶτῆς
3751 1498 3966 1551 ἀπολω-

2379 1592 2532 1654 λυίας
2561 1589 2936 1659 πνευματικῆς
2967 1589 3202 1658 φύσεως,
3238 1589 3389 1641 οὐδὲν
3421 1589 3587 1657 σαφὲς
3619 1588 3964 1652 διδάσκοντες

2379 1686 2525 1756 ἡμᾶς
2565 1683 2693 1753 περὶ
2733 1681 2841 1734 τῶν
2883 1681 2990 1752 πρὸ
3029 1681 3127 1751 τῆς
3166 1681 3440 1744 ἀπωλείας
3481 1681 3649 1751 αὐτῆς
3683 1681 3890 1751 χρόνων
3928 1681 3962 1750 ἢ

2378 1775 2588 1827 αἰώνων
2653 1773 2795 1843 (οὐδὲ
2821 1773 2929 1843 γάρ
2959 1771 3190 1842 τρανοῦν
3217 1772 3469 1826 δύνανται
3517 1771 3724 1827 ἑαυτῶν
3750 1773 3842 1825 τὸν
3881 1771 3966 1823 λό-

693 1864 946 1921 m'simus
984 1867 1129 1937 ipsos
1155 1878 1348 1935 sponte
1373 1910 1388 1936 ,
1441 1871 1728 1940 hucusque
1779 1871 2089 1940 disputasse
2137 1884 2269 1924 con-

2374 1868 2512 1936 γον)·
2544 1865 2631 1920 διὰ
2661 1865 2816 1918 τοῦτο
2846 1863 3044 1927 αὖτοὺς
3073 1864 3290 1928 ἑκόντες
3315 1862 3815 1934 παραπεμψάμεθα,
3838 1880 3965 1916 τοσ-

696 1956 852 2011 teuti.

2377 1956 2530 2008 οῦτον
2559 1955 3031 2025 έπαπορήσαντες.

2001 2058 2087 2117 Et
2113 2072 2261 2134 pag.
2295 2055 2415 2114 217
2448 2060 2502 2109 et
2530 2069 2652 2129 seq.

761 2152 818 2207 lu
850 2169 912 2210 ea
943 2157 1133 2224 verba,
1186 2159 1323 2213 Deus
1369 2169 1448 2214 est
1493 2159 1728 2230 Spiritus
1767 2162 1838 2224 “,
1882 2159 2062 2228 inquit
2095 2159 2266 2214 [lera-

688 2243 846 2299 cleon
875 2259 891 2300 :
922 2248 1267 2302 immaculata
1310 2252 1474 2315 enim,
1505 2261 1552 2304 et
1583 2268 1743 2320 pura,
1765 2263 1814 2305 et
1855 2251 2140 2305 invisibilis
2188 2258 2265 2304 est

686 2334 866 2388 divina
885 2336 1054 2402 ipsius
1075 2348 1292 2391 natura.
1311 2339 1416 2393 Sed
1444 2340 1560 2394 haec
1587 2357 1710 2395 cum
1734 2342 1954 2402 dixerit,
1982 2341 2127 2394 haud
2153 2343 2268 2395 scio

687 2437 756 2476 an
787 2422 1040 2478 docuerit
1078 2440 1202 2490 nos,
1233 2432 1515 2495 quomodo
1541 2428 1681 2484 Deus
1713 2430 1785 2483 sit
1819 2428 2083 2498 Spiritus.
2131 2429 2266 2484 Illud

687 2511 878 2576 etiam,
897 2513 1183 2567 adorantes
1202 2525 1400 2582 Oportet
1423 2517 1652 2570 adorare
1672 2515 1866 2584 spiritu
1887 2527 1935 2570 et
1970 2517 2186 2571 veritate
2199 2516 2265 2578 ",

689 2612 842 2654 ratus
879 2617 938 2656 se
970 2603 1258 2657 declarare
1279 2647 1292 2670 ,
1341 2606 1538 2674 inquit,
1573 2623 1668 2675 pro
1712 2607 1975 2673 dignitate
2005 2608 2144 2673 ejus,
2175 2607 2267 2675 qui

686 2693 985 2759 adoratur;
1039 2697 1419 2764 spiritttaliter,
1450 2715 1554 2750 non
1576 2699 1882 2754 carnaliter.
1917 2696 2130 2750 Etenim
2167 2699 2266 2761 ipsi

685 2784 922 2845 ejusdem
966 2795 1172 2840 natum
1205 2799 1324 2838 cum
1360 2783 1524 2841 Patre
1555 2791 1888 2850 exsistentes,
1938 2795 2060 2840 sunt
2099 2787 2267 2856 spiri-

687 2887 794 2940 tus,
820 2891 912 2945 qui
939 2880 1228 2931 secundum
1252 2880 1552 2943 ceritatem,
1578 2889 1625 2932 et
1671 2895 1775 2932 non
1801 2881 2090 2932 secundum
2116 2895 2265 2932 erro-

686 2982 794 3020 rem
839 2971 1089 3036 adorant,
1130 2971 1594 3039 quemadmodum
1639 2979 1696 3025 et
1747 2971 2041 3038 Apostolus
2079 2971 2262 3035 docet,

682 3055 880 3111 dicens
915 3059 1286 3112 rationabilem
1333 3061 1535 3113 cultant
1577 3060 1624 3092 “
1667 3059 1828 3114 talem
1882 3059 1977 3114 Dei
2033 3060 2260 3116 Cultum.

684 3148 1154 3203 Scdadvertamus
1178 3167 1355 3204 annon
1381 3151 1534 3205 valde
1551 3151 1623 3206 sit
1654 3153 1877 3220 impium
1902 3153 2263 3222 dicerenqnod

681 3239 980 3295 adorantes
1023 3241 1195 3296 Deum
1234 3244 1286 3296 in
1330 3244 1551 3311 spiritu,
1581 3245 1826 3312 ejusdem
1866 3245 1975 3298 sint
2010 3246 2263 3300 cssentite

680 3343 803 3383 cum
831 3330 1077 3400 ingenita
1112 3331 1202 3384 illa
1228 3343 1281 3385 et
1309 3333 1671 3402 undequaque
1687 3335 1847 3386 beata
1873 3344 2096 3397 natura,
2125 3349 2262 3402 quos

2441 2155 2532 2215 Είς
2570 2152 2821 2222 μέντοιγε
2859 2149 2940 2213 τὸ,
2986 2151 3230 2220 Πνεῦμα
3280 2153 3312 2204 ό
3345 2151 3520 2216 Θεὸς,
3574 2151 3603 2202 6
3643 2150 3963 2222 Ἡρακλέων

2371 2246 2555 2317 φησίν·
2578 2245 2878 2313 ἄχραντος
2928 2243 3060 2312 γὰρ,
3097 2244 3192 2296 καὶ
3223 2243 3478 2310 καθαρὰ,
3505 2242 3602 2296 καί
3627 2243 3878 2310 ἀόρατος
3919 2241 3962 2308 ἡ

2371 2339 2496 2391 θεία
2523 2338 2565 2366 ’⁷
2588 2335 2774 2404 φύσις
2815 2334 3022 2388 αὑτοῦ.
3056 2335 3167 2387 Οὐκ
3193 2331 3309 2389 οῖδα
3346 2335 3421 2398 δὲ,
3459 2336 3506 2385 εί
3536 2333 3772 2399 ἐδίδαξεν
3805 2334 3959 2403 ἡμᾶς

2369 2429 2542 2483 ταῦτα
2581 2425 2823 2480 ἐπειπὼν
2863 2428 2929 2489 ’⁸,
2975 2425 3092 2491 πῶς
3124 2429 3151 2479 6
3181 2427 3314 2489 Θεὸς
3347 2424 3565 2496 πνεῦμά
3595 2428 3730 2481 ἐστι.
3765 2425 3837 2477 T6
3872 2425 3958 2487 δὲ,

2371 2520 2510 2584 τοὺς
2528 2517 3026 2584 προσκυνοῦντας
3048 2517 3115 2568 ἐν
3139 2518 3428 2584 πνεύματι
3463 2517 3558 2568 καὶ
3592 2516 3840 2583 ἀληθείᾳ
3865 2515 3962 2568 δεῖ

2371 2608 2756 2678 προσκυνεῖν,
2788 2606 3103 2677 σαφηνίζειν
3131 2608 3383 2676 νομίζων,
3407 2606 3586 2676 φησίν·
3621 2605 3802 2671 ἀξίως
3831 2607 3945 2661 τοῦ

2368 2697 2908 2768 προσκυνοίυμένου
2935 2737 2949 2761 ,
2999 2693 3428 2766 πνευματικῶς,
3456 2683 3464 2692 ’
3494 2699 3565 2750 οὐ
3625 2695 3956 2764 σαρκικώς.

2365 2793 2474 2845 Καὶ
2499 2789 2614 2859 γὰρ
2631 2789 2798 2843 αὐτοὶ
2821 2787 2931 2856 τῆς
2955 2787 3144 2856 αὐτῆς
3176 2788 3416 2853 φύσεως
3444 2787 3615 2853 ὄντες
3635 2787 3713 2852 τῷ
3742 2788 3956 2856 Harp),

2368 2883 2603 2950 πνεῦμά
2627 2885 2805 2944 εἰσιν,
2825 2883 2881 2933 οῖ
2909 2898 3066 2945 τινες
3101 2881 3228 2932 κατ’
3247 2878 3554 2943 ἀλήθειαν,
3584 2879 3681 2932 καί
3707 2883 3778 2933 οὐ
3801 2879 3959 2934 κατὰ

2367 2971 2615 3039 πλάνην
2650 2971 3091 3038 προσκυνοῦσι,
3129 2969 3250 3022 καθ’
3274 2969 3300 3020 ὂ
3329 2971 3422 3022 καὶ
3444 2973 3470 3022 6
3520 2970 3840 3034 Ἀπόστθλος
3870 2971 3961 3024 διο

2364 3065 2571 3125 δάσκει,
2607 3063 2780 3131 λέγων
2813 3061 3067 3131 λογικὴν
3099 3063 3381 3128 λατρείαν
3414 3063 3510 3132 τὴν
3564 3063 3818 3134 τοιαύτην
3849 3064 3958 3134 τὴν

2366 3149 2696 3202 θεοσέϐειαν.
2747 3149 3162 3218 Ἐπιστήσωμεν
3200 3150 3279 3213 δὲ,
3322 3151 3370 3201 εί
3425 3151 3498 3220 μὴ
3553 3151 3756 3222 σφόδρα
3800 3153 3958 3204 ἐστὶν

2363 3237 2577 3300 ἀσεϐὲς,
2599 3237 2879 3307 ὀμοούσιον
2891 3241 2956 3307 τῇ
2975 3239 3252 3307 ἀγεννήτῳ
3285 3237 3444 3304 φύσει
3465 3241 3557 3293 καὶ
3578 3242 3959 3313 παμμακαρίᾳ

2364 3328 2504 3384 εἶναι
2535 3330 2712 3396 λέγειν
2737 3331 2861 3392 τοὺς
2883 3329 3329 3401 προσκυνοῦντας
3345 3333 3402 3384 ὲν
3429 3331 3785 3403 πνεύματιτῷ
3804 3333 3955 3404 Θεῷ,

681 3424 841 3494 paulo
870 3434 995 3478 ante
1047 3425 1260 3479 dixerat
1310 3424 1610 3481 Heracleon
1653 3427 1838 3492 lapsos
1893 3424 2082 3491 fuisse,
2133 3441 2256 3478 cum

2365 3420 2458 3483 οὒς
2494 3421 2599 3490 πρὸ
2627 3420 2854 3489 βραχέος
2885 3417 3038 3473 εἶπεν
3071 3421 3231 3484 αὐτὸς
3252 3424 3279 3474 6
3323 3423 3638 3492 Ἡρακλέων
3662 3425 3960 3478 ἐκπεπτω-

678 3510 1063 3566 Samaritidem
1093 3513 1300 3568 diceret
1331 3514 1636 3582 spiritualis
1659 3515 2015 3568 exsistentem
2047 3521 2255 3568 natura:

677 3605 1002 3661 fornicatam
1037 3619 1176 3659 esse.
1200 3606 1366 3675 37o
1395 3606 1550 3671 Quod
1585 3607 1630 3659 si
1660 3621 1792 3660 vero
1822 3605 2123 3673 splritualis
2153 3619 2253 3658 na-

677 3705 820 3758 tura,
858 3710 977 3762 quae
1005 3695 1076 3749 sit
1103 3695 1344 3762 ejusdem
1371 3697 1622 3751 essentia:
1643 3712 1765 3750 cum
1796 3697 1977 3748 divina
2011 3705 2066 3747 et
2094 3696 2258 3748 unde-

671 3800 891 3855 quaque
910 3787 1066 3840 beata
1093 3798 1306 3848 natura,
1339 3795 1402 3840 ut
1425 3787 1523 3857 ipsi
1559 3787 1800 3852 tradunt,
1829 3785 2121 3838 admiserit
2143 3785 2256 3838 lor-

673 3878 1044 3941 nicationem;
1083 3877 1338 3946 profana,
1395 3887 1450 3930 et
1494 3878 1682 3946 impia,
1731 3886 1785 3931 et
1824 3876 2134 3946 irreligiosa
2183 3878 2250 3930 de

673 3967 785 4023 Deo
814 3977 1120 4040 sequuntur
1143 3968 1383 4035 ipsorum
1409 3967 1474 4021 de
1504 3966 1612 4022 Deo
1641 3967 1996 4023 sententiam.

2366 3511 2550 3573 κότας,
2587 3510 2684 3579 τὴν
2721 3510 3050 3580 Σαμαρεῖτιν
3087 3509 3259 3577 λέγων
3309 3514 3684 3582 πνευματικῆς
3730 3513 3958 3581 φύσεως

2362 3596 2526 3652 οὖσαν
2555 3600 3000 3668 πεπορνευκέναι.
3052 3600 3189 3651 Ἀλλ’
3215 3601 3312 3669 οὐχ
3337 3601 3538 3671 ὁρῶσιν
3566 3603 3675 3656 ³ί...
3703 3604 3782 3656 ὅτι
3809 3622 3961 3658 navo

2361 3692 2517 3753 τὸς...
2548 3692 2642 3742 καὶ
2671 3690 2776 3742 τῶν
2801 3691 2980 3742 αὐτῶν
3010 3691 3277 3746 δεκτικόν.
3314 3694 3376 3744 El
3400 3693 3456 3745 δὲ
3489 3693 3701 3758 ἐδέξατο
3733 3697 3791 3747 τὸ
3815 3714 3962 3765 πορ-

2361 3780 2548 3834 νεῦσαι
2574 3782 2606 3850 ἠ
2643 3779 2983 3850 πνευματικὴ
3007 3780 3186 3849 φύσις,
3209 3782 3493 3850 ὁμοούσιος
3515 3779 3649 3836 οὖσα
3670 3785 3767 3853 τῆς
3791 3783 3958 3848 θείας

2360 3873 2455 3924 καὶ
2479 3871 2886 3941 παμμακαρίας
2913 3871 3148 3940 φύσεως,
3181 3872 3258 3935 ὡς
3285 3872 3441 3926 αὐτοὶ
3465 3873 3700 3940 λέγουσι,
3734 3875 3957 3940 ἀνόσια,

2357 3963 2450 4016 καί
2478 3962 2630 4024 ἄθεα,
2667 3963 2760 4014 καὶ
2785 3963 2958 4033 ἀσεϐῆ
2993 3961 3275 4016 ἀκολουθεῖ
3299 3963 3377 4034 τῷ
3415 3963 3557 4033 λόγῳ
3585 3964 3664 4034 τῷ
3687 3967 3803 4018 κατ’
3839 3969 3954 4020 αὐ-

2358 4052 2482 4114 τοὺς
2507 4052 2636 4121 περὶ
2669 4050 2824 4103 Θεοῦ.

2020 4147 2224 4206 Porro
2238 4163 2390 4224 pag.
2413 4147 2551 4207 220.

743 4250 875 4306 Vide
900 4252 1027 4320 quid
1077 4250 1377 4305 Heracleon
1414 4250 1600 4304 dicat:
1649 4251 1728 4305 ait
1765 4247 1936 4314 enim,
1978 4250 2122 4318 quod
2154 4265 2245 4302 ea:-

2430 4243 2670 4320 Ὂρατὸν
2699 4249 3067 4321 Ἡρακλέωνα,
3094 4251 3145 4301 τί
3169 4267 3318 4320 φησι·
3340 4251 3486 4318 λέγει
3505 4251 3731 4322 γάρ,ὃτι
3758 4265 3958 4320 προσ-

667 4343 973 4409 spsctatverit
1009 4339 1245 4394 Ecclesia
1274 4339 1566 4404 Christum,
1597 4349 1646 4393 et
1675 4355 1928 4408 persuasa
1978 4339 2139 4408 fuerit
2182 4340 2246 4392 de

2362 4338 2591 4407 εδέχετο
2616 4342 2653 4408 ἠ
2685 4342 3011 4407 Ἐκκλησία
3043 4339 3155 4392 τὸν
3181 4341 3459 4408 Χριστὸν,
3497 4344 3594 4395 καὶ
3617 4343 3951 4398 ἐπέπειστο

665 4447 751 4496 eo,
779 4431 921 4500 quod
942 4431 1084 4484 solus
1116 4431 1205 4484 ille
1231 4435 1406 4483 omnia
1437 4432 1656 4484 noverit.

2355 4433 2486 4498 περὶ
2506 4431 2712 4497 αὑτοῦ,
2737 4431 2824 4486 ὅτι
2846 4431 2918 4485 τὰ
2951 4431 3149 4485 πάντα
3158 4434 3346 4500 μόνος
3361 4431 3589 4499 ἐκεῖνος
3604 4434 3947 4490 ἐπίσταται.

2098 4524 2182 4583 Et
2205 4540 2348 4587 paa.
2376 4525 2515 4587 221.

2098 4540 2182 4583 ιιι
2250 4542 2284 4581 a

737 4626 1037 4683 Heracleon
1069 4628 1122 4682 in
1150 4642 1212 4682 ea
1235 4626 1428 4680 verba:
1449 4626 1558 4696 Ego
1585 4643 1699 4680 sum
1725 4627 1814 4694 qui
1851 4627 2036 4696 loquor
2058 4627 2151 4678 tibi
2178 4540 2287 4693 ’2'}

2376 4540 2515 4587 221.

2427 4629 2535 4682 Καὶ
2581 4630 2608 4680 6
2664 4630 2973 4700 Ἡρακλέων
3013 4630 3066 4682 δέ
3109 4647 3241 4701 φησι
3275 4631 3410 4700 πρὸς
3448 4632 3528 4696 τὸ,
3569 4633 3706 4702 Ἐγώ
3746 4636 3859 4702 ειμι
3907 4639 3951 4689 ό

671 4714 746 4767 ait
773 4713 915 4781 quod
939 4713 1277 4778 Santaritidi,
1309 4717 1433 4784 quia
1462 4732 1717 4783 persuasa
1742 4716 1916 4783 fuerat
1939 4713 2240 4779 Christum,

665 4819 785 4858 cum
822 4805 1065 4867 venisset,
1089 4807 1266 4856 omnia
1299 4805 1377 4856 illi
1406 4806 1870 4868 annuntiaturum,
1895 4804 2089 4858 dixerit
2130 4805 2242 4875 (Je-

2347 4719 2546 4774 λαλῶν
2558 4735 2699 4783 τσοι,
2745 4724 2848 4786 ὅτι,
2909 4724 3076 4790 ειπερ
3116 4725 3160 4756 ³⁸
3186 4724 3508 4779 ἐπέπειστο
3532 4728 3570 4793 ἠ
3594 4728 3948 4795 Σαμαρεῖτις

2351 4810 2482 4876 περὶ
2509 4809 2614 4862 τοῦ
2643 4813 2924 4877 Χριστοῦ,
2953 4814 3033 4878 ὼς
3062 4813 3175 4882 ἄρα
3192 4816 3387 4869 ἐλθὼν
3408 4815 3604 4869 πάντα
3623 4817 3950 4886 ὲπαγγελεῖ

664 4897 777 4963 ιιι)
793 4910 809 4947 :
827 4895 971 4949 Scito
990 4896 1325 4964 illum,quem
1349 4905 1402 4947 tu
1425 4906 1714 4964 exspectas,
1732 4913 1811 4950 me
1833 4912 1941 4950 esse
1957 4897 2045 4965 qui
2072 4907 2240 4951 tecum

2362 4899 2520 4967 κὺτῇ,
2542 4904 2712 4969 φησι·
2754 4904 3045 4969 Γίνωσκε,
3073 4906 3161 4959 ὅτι
3183 4908 3432 4973 ἐκεῖνος,
3475 4908 3547 4962 ὃν
3568 4910 3941 4980 προσδοκᾷς,

665 4987 854 5055 loquor
881 5001 899 5039 :
930 4995 978 5038 et
1015 5002 1134 5038 cum
1166 4987 1400 5050 seipsum
1457 5003 1573 5038 eum
1615 5004 1725 5041 esse
1752 4989 1840 5056 qui
1870 4997 2118 5041 venturus
2148 5004 2242 5041 ea:-

663 5088 1017 5146 tpectaretur,
1047 5079 1324 5146 confessus
1347 5086 1509 5142 esset,
1540 5080 1713 5146 inquit
1741 5079 2066 5144 Hcracleon,
2093 5098 2240 5134 vene-

665 5173 789 5216 runt
813 5164 882 5217 ad
911 5180 1029 5217 eum
1058 5164 1324 5234 discipuli,
1356 5182 1578 5236 quorum
1611 5183 1770 5221 causa
1795 5179 2006 5222 venerat
2037 5170 2093 5222 in
2133 5169 2239 5224 Sa-

665 5266 909 5304 murtam.

2344 4990 2459 5058 ἐγώ
2485 4995 2602 5060 ειμι
2629 4997 2660 5046 ὁ
2688 4994 2896 5048 λαλῶν
2937 5012 3057 5050 σοι’
3087 4999 3182 5051 καὶ
3209 4999 3355 5052 ὅταν
3369 4999 3758 5069 ὡμολόγησεν
3788 5004 3899 5059 ἐαυ
3917 5035 3931 5042 -

2345 5082 2454 5134 τὸν
2488 5084 2594 5136 τὸν
2631 5087 3132 5156 προσδοκώμενον
3154 5090 3536 5156 ἐληλυθέναι,
3571 5088 3780 5161 ἦλθον,
3835 5113 3939 5166 φη-

2346 5174 2450 5237 σὶν,
2482 5178 2536 5228 οἱ
2561 5178 2823 5244 μαθηταὶ
2852 5179 3001 5246 πρὸς
3033 5181 3241 5245 αὑτὸν,
3289 5181 3364 5234 δι’
3393 5183 3503 5248 οὓς
3527 5183 3805 5252 ἐληλύθει
3841 5189 3941 5252 εὶς

2342 5282 2373 5315 τ
2385 5264 2458 5332 ὴν
2486 5267 2838 5336 Σαμάρειαν.

1676 5349 1759 5410 Et
1793 5351 1906 5412 sub
1936 5355 2119 5431 ﬁnem
2147 5357 2331 5436 hujus
2364 5364 2538 5434 tomi,
2570 5381 2716 5442 pag.
2743 5366 2883 5428 2‘23.

734 5443 1036 5502 Heracleon
1065 5449 1310 5517 ltydriant
1343 5451 1390 5482 “
1418 5452 1702 5507 existimat
1725 5469 1848 5509 esse
1887 5457 2232 5514 aﬁectionem

659 5544 822 5605 atque
853 5539 1129 5592 notionem
1153 5544 1521 5611 susceptivam
1553 5547 1698 5614 vita,
1729 5558 1788 5603 ut
1811 5559 1866 5603 et
1898 5551 2014 5610 eius
2041 5563 2234 5620 poten-

659 5696 780 5766 cod.
813 5695 962 5753 Bodl.
1005 5701 1050 5730 "
1080 5701 1239 5756 Joau.
1265 5721 1334 5766 tv,
1368 5708 1458 5760 24.

659 5763 898 5826 Ρηιυι..
1005 5771 1048 5801 ³³
1075 5771 1232 5827 Joan.
1260 5763 1331 5838 tv,
1363 5777 1450 5830 26.
1528 5780 1571 5811 ³³

2425 5465 2483 5517 '0
2531 5467 2590 5519 Ἢ
2602 5468 2844 5538 ρακλέων
2877 5469 2973 5540 τὴν
3008 5471 3212 5542 ὑδρίαν,
3241 5472 3339 5543 τὴν
3361 5473 3615 5545 δεκτικὴν
3642 5475 3784 5546 ζωῆς
3800 5477 3937 5531 61:0-

2341 5555 2608 5625 λαμϐάνει
2643 5557 2782 5614 εἶναι
2825 5561 3064 5615 διάθεσιν
3100 5564 3194 5616 καὶ
3230 5565 3460 5630 ἔννοιαν,
3496 5568 3590 5620 καὶ
3626 5569 3724 5638 τῆς
3765 5569 3932 5624 δυνά-

739 5628 783 5718 :’
813 5627 972 5718 ἔρῃ.
1005 5631 1193 5718 23.23.
1271 5636 1317 5666 “
1349 5638 1439 5718 Sic
1469 5641 1762 5718 cod:_l}otll.
1843 5644 1884 5676 "
1910 5644 2039 5718 Luc.
2062 5664 2173 5706 XIX.
2209 5651 2287 5703 to.

2377 5652 2421 5681 ’θ
2463 5651 2618 5705 Jnnn.
2654 5670 2727 5718 tv,
2753 5655 2842 5710 24.
2920 5659 2962 5688 ¹⁷
3003 5658 3093 5712 Sic
3115 5659 3238 5712 cod.
3273 5658 3426 5714 Bodl.

3530 5662 3574 5694 ’⁸
3601 5662 3690 5716 Sic
3725 5664 3926 5718 iterum

1538 5711 1581 5811 ῖς
1604 5711 1760 5794 Itum.
1791 5730 1902 5800 xm,
1926 5717 1972 5770 t.
2052 5719 2090 5749 ³¹
2114 5721 2203 5772 Sir
2229 5723 2350 5773 cod.
2378 5719 2527 5774 Bodl.
2558 5711 2780 5780 Counna
2813 5711 3212 5785 mutilumnon
3237 5711 3920 5802 vertitlinterlirc'sil‘ioi‘;

1599 5781 1758 5839 ἑοιἰο
1784 5787 2029 5847 ὲπειπερ.
2075 5788 2292 5844 3Noun.
2332 5807 2405 5847 ιν.
2456 5792 2544 5847 28.

2283 5830 2292 5840 ο
2332 5830 2405 5858 ,1,
2461 5830 2544 5847 ηυ.
