4230 6322
214 364 355 421 1309

1420 363 1848 420 FRAGMENTA
1884 361 2251 419 GNOSTICA.

3348 358 3481 412 tam

215 500 361 553 μεως
418 484 515 555 τῆς
565 484 715 556 παρὰ
760 484 851 537 τοῦ
902 485 1154 556 Σωτῆρος
1180 526 1195 549 ,
1234 486 1483 543 Ἦντινα
1550 490 1790 540 καταλι-

1901 487 1981 539 liae
1996 499 2114 553 qum
2129 500 2157 537 a
2176 482 2341 537 Serva
2352 488 2467 535 tore
2483 488 2585 535 est:
2608 480 2780 545 Quam
2800 480 3119 548 relinquens,
3136 476 3481 546 lnqult,apu¢l

208 576 443 638 ποῦσα,
481 576 636 644 φησὶ,
667 576 804 642 παρ’
835 574 1014 640 αὐτῷ,
1034 574 1347 629 τουτέστιν
1376 578 1613 646 ἔχουσα
1645 576 1804 644 παρὰ

206 664 294 730 τῷ
320 664 545 733 Σωτῆρι
573 668 635 718 τὸ
666 666 942 719 τοιοῦτον
964 666 1205 733 σκεῦος,
1231 668 1301 719 ἐν
1320 659 1367 732 ᾧ
1397 668 1678 734 ἐληλύθει
1705 670 1805 719 λα-

207 756 347 809 ϐεῖν
373 758 434 809 τὸ
470 754 580 816 ζῶν
621 755 798 823 ὕδωρ,
841 756 1227 826 ὑπέστρεψεν
1268 760 1355 823 είς
1398 757 1506 810 τὸν
1547 760 1800 825 κόσμον,

203 844 705 915 εὐαγγελιζομένη
738 846 811 915 τῇ
856 847 1071 913 κλήσει
1120 848 1227 902 τοῦ
1273 848 1532 915 Χριστοῦ
1582 865 1805 914 παρου-

203 936 381 988 σίαν·
411 935 508 989 διὰ
529 935 639 1005 γὰρ
672 936 777 989 τοῦ
820 938 1163 1006 Πνεύματος
1190 938 1287 991 καὶ
1321 937 1442 991 ὑπὸ
1471 939 1576 992 τοῦ
1618 940 1804 993 Πνεύ-

195 1041 399 1092 ματος
420 1024 783 1094 προσάγεται
808 1027 851 1093 τῑ
860 1026 1031 1094 ψυχὴ
1082 1025 1163 1092 τῷ
1178 1025 1423 1094 Σωτῆρι.
1451 1028 1801 1098 Κατανόησον

202 1115 273 1185 δὴ
319 1119 369 1167 εί
402 1114 623 1168 δύναται
663 1116 1026 1186 ἐπαινουμένη
1056 1116 1343 1186 τυγχάνειν
1380 1119 1413 1187 ἡ
1445 1117 1601 1187 ὑδρία
1638 1117 1799 1189 αὕτη,

201 1206 387 1277 πάντη
435 1205 730 1277 ἀφιεμένη·
784 1204 1163 1275 Ἇφῆκετὰρ,
1211 1207 1380 1277 φησὶ,
1430 1206 1547 1274 τὴν
1589 1200 1812 1275 ὑδρίαν’

199 1295 405 1363 αὐτῆς
432 1298 470 1363 ἠ
514 1295 689 1364 γυνή·
719 1296 778 1347 οὐ
810 1295 919 1366 γὰρ
962 1296 1302 1367 πρόσκειται,
1335 1298 1419 1350 ὅτι
1459 1298 1671 1368 ἀφῆκεν
1706 1298 1804 1350 αὑ-

203 1385 312 1456 τὴν
343 1385 493 1456 παρὰ
518 1386 596 1455 τῷ
629 1386 861 1456 Σωτῆρι.
891 1388 1016 1450 Πῶς
1048 1387 1104 1439 δὲ
1129 1389 1223 1439 καὶ
1248 1388 1349 1440 οὐκ
1387 1388 1670 1453 ἀπίθανον,
1706 1408 1803 1445 κα-

206 1476 548 1529 ταλιποῦσαν
574 1476 742 1546 αὐτὴν
784 1476 883 1547 τὴν
918 1476 1172 1547 δεκτικὴν
1216 1478 1316 1545 τῆς
1350 1476 1496 1547 ζωῆς
1536 1479 1798 1545 διάθεσιν,

1907 580 2102 645 ipsum,
2144 578 2243 628 hoc
2274 582 2374 639 est,
2422 571 2618 625 habens
2662 571 2803 639 apud
2839 568 3164 625 Senatorem
3218 567 3325 621 tale
3368 584 3481 630 vas,

1906 668 1961 719 in
1990 683 2090 735 quo
2132 682 2324 735 aquam
2344 664 2513 717 vivam
2549 662 2811 714 haustura
2843 669 3074 720 venerat,
3099 673 3308 711 reversa
3332 667 3404 709 est
3428 656 3482 709 in

1906 756 2163 809 mundum
2198 755 2448 807 nuntians
2478 751 2728 805 vocandis
2755 752 3091 817 praesentiam
3115 747 3356 802 Christi:
3391 762 3484 813 per

1908 845 2165 913 Spiritum
2210 845 2349 898 enim
2387 854 2433 897 et
2471 861 2501 895 a
2551 840 2757 909 Spiritu
2798 843 2978 893 anima
3026 841 3093 893 ad
3150 839 3480 893 Seruatorem

1905 936 2212 988 adducitur.
2241 933 2411 1001 Igitur
2450 934 2761 995 considera,
2787 930 3144 985 laudabilisne
3170 943 3292 984 esse
3312 927 3484 995 possit

1904 1023 2021 1078 haec
2055 1024 2268 1093 hydria,
2294 1039 2414 1091 qua:
2435 1027 2659 1077 omnino
2689 1024 3052 1089 relinquitur‘:
3086 1020 3293 1074 Dimisit
3316 1021 3482 1080 enim,

1902 1114 2102 1183 inquit,
2154 1114 2401 1184 hydriam
2438 1132 2586 1169 suam
2616 1116 2842 1179 mulier;
2889 1128 2993 1167 non
3042 1113 3188 1165 enim
3237 1110 3479 1172 additur,

1904 1210 2046 1278 quod
2074 1207 2341 1263 dimiserit
2365 1225 2482 1263 eam
2511 1210 2650 1277 apud
2684 1210 3057 1263 Servatorem.
3076 1203 3191 1261 Sed
3210 1202 3482 1271 quomodo

1905 1315 2008 1353 non
2051 1300 2346 1355 absurdum
2378 1302 2486 1355 erit
2522 1316 2666 1363 eam,
2705 1314 2827 1367 qua:
2856 1294 3190 1351 deseruisset
3240 1291 3483 1347 aﬂectio-

1905 1407 2023 1445 nem
2052 1392 2416 1458 susceptivatn
2453 1392 2601 1453 Viue,
2632 1399 2686 1443 et
2722 1388 2973 1443 notitiam
3002 1386 3262 1454 potentia:
3288 1400 3316 1437 a
3353 1382 3484 1436 Ser-

1903 1492 2091 1535 vatore
2114 1484 2409 1548 manantis,
2438 1491 2491 1536 et
2521 1496 2637 1543 vas,
2666 1480 2719 1533 in
2751 1494 2860 1548 quo
2898 1485 3144 1540 venerat,
3182 1485 3239 1528 ut
3268 1472 3481 1541 accipe-

199 1567 302 1624 καὶ
336 1565 433 1636 τὴν
467 1564 674 1618 ἔννοιαν
709 1566 806 1637 τῆς
860 1567 1141 1637 δυνάμεως
1176 1568 1275 1637 τῆς
1313 1566 1466 1637 παρὰ
1497 1566 1589 1621 τοῦ
1622 1570 1803 1640 Σωτῆ-

206 1670 331 1723 ρος,
366 1652 459 1706 καὶ
490 1653 549 1705 τὸ
576 1652 789 1716 σκεῦος,
819 1656 877 1709 ὲν
900 1645 945 1721 ᾧ
980 1652 1227 1724 ἐληλύθει
1258 1652 1557 1723 λαμϐάνειν
1595 1656 1655 1709 τὸ
1695 1657 1802 1721 ζῶν

1905 1582 1989 1625 rct
2022 1589 2219 1642 aquam
2252 1576 2451 1634 vivam,
2501 1573 2705 1627 abiisse
2745 1572 2797 1625 in
2836 1570 3098 1624 mundum
3138 1567 3257 1621 sine
3279 1565 3387 1626 his,
3420 1570 3482 1617 ut

1640 1662 1655 1741 ᾇ
1695 1657 1802 1721 ζῶν
1903 1666 2305 1734 evangelizaret
2329 1666 2588 1719 vocandis
2616 1666 2907 1717 adventum
2935 1660 3175 1715 Christi?
3339 1655 3479 1722 Quin

201 1744 379 1815 ὕδωρ,
424 1744 821 1815 ἀπεληλυθέναι
857 1747 936 1809 είς
971 1747 1063 1799 τὸν
1109 1746 1330 1827 κόσμον⁴
1357 1748 1528 1819 χωρὶς
1554 1750 1798 1813 τούτων,

1904 1764 1957 1808 et
1986 1755 2116 1809 illud
2146 1772 2159 1808 :
2189 1756 2450 1809 Exierunt
2478 1772 2505 1810 e
2533 1756 2745 1809 civitate
2767 1755 2834 1817 ³⁸,
2886 1751 3136 1822 exposuit
3185 1750 3253 1802 de
3304 1747 3482 1815 prima

196 1832 659 1901 εὐαγγελίσασθαι
684 1836 746 1904 τῇ
779 1833 969 1904 κλήσει
996 1834 1096 1905 τὴν
1120 1824 1356 1905 Χριστοῦ
1386 1836 1794 1905 παρουσίανς...

1910 1843 2155 1912 ipsorum
2193 1846 2571 1907 conversione,
2598 1859 2717 1914 quae
2739 1844 3011 1897 mundana
3035 1850 3155 1896 erat
3186 1858 3199 1892 :
3239 1837 3307 1891 Et
3331 1854 3483 1892 vene-

199 1924 323 1976 Καὶ
334 1921 713 1991 τδ,Ἐξῆ.ιθον
740 1924 807 1977 δὲ
832 1926 901 1978 ἐκ
935 1924 1046 1993 τῆς
1071 1926 1325 1991 πόλεως,
1358 1926 1653 1997 διηγήσατο
1682 1928 1799 1981 ἀντὶ

1911 1944 2033 1985 runt
2068 1950 2161 2002 per
2192 1935 2376 2002 ﬁdem,
2415 1937 2612 2005 inquit,
2643 1937 2711 1988 ad
2736 1933 3091 1987 Senatorem.

195 2010 325 2073 τοῦ,
357 2013 421 2064 ὲκ
443 2014 541 2083 τῆς
572 2016 843 2087 προτέρας
868 2017 1048 2072 αὐτῶν
1078 2018 1422 2088 ἀναστροφῆς
1447 2018 1614 2090 οὔσης
1630 2023 1922 2094 κοσμικῆς,
1954 2027 2053 2079 καί
2084 2027 2345 2097 ἤρχοντο
2400 2029 2497 2082 διὰ
2546 2027 2658 2097 τῆς
2706 2028 2985 2092 πίστεως,
3015 2025 3167 2095 φησὶ,
3188 2024 3340 2091 πρὸς
3377 2021 3485 2074 τὸν

195 2107 469 2176 Σωτῆρα.

1175 2211 1302 2273 Sub
1335 2212 1591 2273 initium
1622 2216 1775 2275 tomi
1807 2218 1948 2289 XV,
1974 2234 2124 2295 pag.
2155 2216 2274 2276 22h
2298 2224 2351 2276 et
2381 2234 2505 2294 seq.

285 2304 346 2359 '0
390 2305 703 2377 ’Πρακλέων
729 2311 912 2379 φησὶν,
947 2311 1030 2365 ὅτι
1062 2312 1343 2368 ὲόούλοντο
1375 2319 1657 2369 κοινωνεῖν
1692 2320 1789 2371 αὐ-

1968 2320 2273 2375 Heracleon
2311 2320 2407 2384 ait,
2439 2316 2736 2384 discipulos
2751 2312 2990 2367 voluisse
3007 2327 3128 2366 cum
3161 2310 3288 2364 .Iesu
3322 2322 3474 2362 com-

196 2394 282 2463 τῷ
318 2394 376 2460 ἐξ
406 2390 480 2451 ὧν
514 2398 881 2468 ἀγοράσαντες
922 2404 1029 2457 ὑπὸ
1072 2406 1170 2475 τῆς
1199 2406 1516 2477 Σαμαρείας
1558 2410 1786 2479 κεκομί-

1901 2413 2175 2467 municare
2220 2427 2341 2481 qute
2361 2411 2623 2466 emissent
2652 2417 2857 2475 atquea
2878 2402 3122 2457 Samaria
3147 2401 3478 2455 attulissent.

199 2502 415 2543 κεισαν.
454 2488 591 2541 Τάδε
638 2492 833 2559 φησὶν,
878 2493 965 2547 ἵνα
996 2494 1270 2549 τινὰ......
1312 2498 1367 2549 al
1410 2497 1571 2550 πέντε
1607 2501 1789 2571 μωραὶ

1901 2500 2021 2555 Haec
2046 2509 2227 2556 autem
2256 2507 2671 2559 commemorat,
2703 2507 2761 2549 ut
2800 2494 3083 2561 aliqua....
3130 2492 3373 2558 quinque
3393 2486 3479 2540 la-

200 2574 577 2645 παρθένοι.....
604 2581 711 2633 ἀπὸ
744 2581 837 2633 τοῦ
863 2584 1117 2653 νυμφίου·
1156 2585 1273 2648 πῶς
1301 2584 1567 2656 οἷμαι.....
1593 2606 1627 2642 α
1650 2590 1793 2644 αὐτὰ

1901 2602 2005 2648 tum
2025 2592 2350 2663 virgineam.
2370 2606 2399 2644 ι
2418 2603 2640 2658 sponso.
2659 2584 2945 2652 Quomodo
2961 2592 3142 2637 autem
3170 2581 3481 2636 arbitror...

199 2670 416 2738 ἔχειν...
451 2672 665 2738 έγονται
848 2670 938 2739 αἷς
960 2678 1371 2741 ἀποκλιθείσαις
1400 2684 1611 2750 μωραίς
1650 2698 1792 2752 τιαρ-

1904 2686 2085 2740 sadem
2122 2685 2390 2738 habere...
2423 2682 2620 2751 quibus
2652 2679 2889 2734 occlusis
2940 2676 3101 2730 fatuis
3143 2673 3481 2742 virginibus,

199 2761 401 2825 θένοις,
436 2762 584 2825 ἄξιον
621 2764 749 2817 ίδεῖν
780 2770 1117 2837 κατηγορίαν
1144 2769 1468 2840 περιέχοντα
1486 2773 1593 2825 τῶν
1613 2773 1787 2845 μαθηδ

1901 2790 2077 2843 operte
2090 2775 2327 2844 pretium
2348 2784 2430 2827 est
2450 2774 2633 2827 videre
2656 2786 2745 2835 ea,
2765 2783 2886 2837 qua:
2914 2766 3301 2834 discipulorum
3328 2778 3485 2817 accu-

196 2854 315 2906 τῶν
352 2857 463 2916 τοῖς
487 2854 671 2918 αὐτοῖς
699 2859 1056 2927 κοιμωμένων
1088 2865 1208 2924 ταῖς
1237 2866 1446 2932 μωραῖς
1479 2864 1786 2935 παρθένοις.

203 2945 367 2998 Ἔστι
388 2946 445 2998 δὲ
476 2947 572 3000 καὶ
601 2949 732 3000 αὐτὸ
762 2950 828 3002 ἂν
857 2952 1041 3021 ὅμοιον
1067 2951 1159 3004 τοῦ
1185 2954 1363 3021 φωτὸς
1395 2955 1533 3024 πρὸς
1558 2956 1787 3027 τροφὴν,

200 3036 303 3088 καὶ
326 3036 420 3088 τοῦ
458 3037 622 3090 ποτοῦ
654 3041 791 3109 πρὸς
824 3041 893 3093 τὰ
931 3042 1193 3113 βρώματα
1378 3062 1578 3108 σαντας
1609 3048 1787 3100 αίτιά-

1900 2866 2168 2920 sationem
2192 2865 2499 2925 continent,
2522 2862 2715 2916 eodem
2743 2858 2905 2913 modo
2933 2855 3213 2927 quofatuae
3246 2854 3486 2924 virgines

1901 2955 2305 3010 dormientium.
2342 2954 2455 3008 Hoc
2488 2963 2670 3005 autem
2717 2951 2967 3004 eamdem
2994 2948 3261 3002 rationem
3289 2946 3487 2999 habeat

1896 3048 2034 3103 lucis
2051 3047 2117 3101 ad
2135 3047 2337 3108 cibum,
2352 3060 2512 3113 quam
2528 3053 2690 3112 potus
2701 3045 2766 3096 ad
2780 3043 2960 3097 cibum
2978 3041 3417 3095 babet...accusa
3428 3051 3484 3089 re

202 3127 404 3179 σασθαι
432 3128 529 3197 τὴν
556 3130 803 3200 ἐκδοχὴν·
836 3112 1212 3203 καίπερίκατά
1233 3152 1284 3187 τι
1313 3135 1610 3204 δυνάμενον
1645 3139 1792 3207 σαφῆ

1904 3112 2410 3202 repreliendereque
2454 3130 3318 3201 interpretationem.Quanquam
3371 3142 3471 3194 pro

200 3215 427 3283 ποιῆσαι
457 3218 547 3269 τὸν
574 3217 728 3285 λόγον
757 3222 925 3290 ἐχρῆν
965 3224 1145 3287 αὐτὸν,
1180 3225 1270 3277 διὰ
1318 3226 1579 3281 πλειόνων
1610 3245 1788 3297 παρα-

205 3305 497 3373 μυθεῖσθαι
527 3312 1003 3375 κατασκευάζοντα
1034 3315 1129 3384 τὴν
1162 3316 1296 3369 ἰδίαν
1325 3318 1573 3388 ὲκδοχήν.

1908 3226 2054 3279 virili
2091 3234 2249 3293 parte
2290 3224 2339 3277 id
2384 3224 2524 3289 quod
2566 3224 2665 3285 ait,
2704 3222 2923 3290 planum
2970 3218 3154 3274 facere
3188 3215 3395 3277 debuit,
3428 3221 3486 3265 et

1911 3317 2158 3385 pluribus
2182 3316 2396 3377 docere,
2428 3314 2756 3367 c0nlinnans
2775 3309 3281 3379 interpretationem
3302 3319 3482 3359 suam.

1511 3435 1667 3507 371
1718 3432 1797 3492 Et
1827 3449 1971 3510 pag.
2002 3433 2142 3493 227.

282 3522 507 3588 Ἔλεγον
560 3519 652 3576 οὖν
692 3526 739 3576 oi
787 3527 1023 3595 μαθηταὶ
1075 3527 1211 3597 πρὸς
1252 3528 1531 3599 ἀλλήλους·
1571 3529 1663 3594 Μή
1713 3546 1803 3593 τις

204 3609 467 3678 ἤνεγκεν
492 3612 650 3669 αὐτῷ
674 3614 910 3683 sem-679';
929 3616 993 3668 Εί
1021 3616 1115 3668 καὶ
1145 3617 1444 3683 σαρκικῶς
1485 3620 1802 3689 ὑπολαμϐά-

203 3722 288 3756 νει
312 3706 499 3757 ταῦτα
525 3706 807 3775 λέγεσθαι
831 3710 860 3758 ὀ
876 3708 1186 3778 Ἡρακλέων
1208 3709 1325 3762 ὑπὸ
1350 3708 1471 3761 τῶν
1493 3709 1796 3778 μαθητῶν,

203 3795 290 3857 ὡς
325 3796 413 3846 ἔτι
450 3799 874 3864 ταπεινότερον
919 3796 1323 3864 διακειμένων,
1352 3798 1449 3850 καὶ
1468 3798 1581 3865 τὴν
1599 3803 1791 3866 Σαμα-

198 3884 1116 3957 ρεῖτινμιμουμένωνλέγουσαν·
1146 3890 1293 3942 Οὔτε
1306 3888 1582 3956 ἄντλημα
1619 3890 1798 3956 ἔχεις,

200 3979 308 4029 καί
332 3979 398 4031 τὸ
421 3979 605 4047 φρέαρ
644 3980 952 4043 ἑστὶβαθύ
986 3999 998 4010 ·
1034 3982 1184 4047 ἄξιον
1211 3985 1361 4052 ἡμᾶς
1399 3984 1552 4046 ίδεῖν,
1596 3986 1802 4054 μήποτε

208 4067 502 4135 βλέποντές
529 4087 580 4121 τι
606 4068 877 4140 θειότερον
915 4073 963 4123 oi
996 4072 1263 4141 μαθηταὶ,
1306 4074 1439 4141 φασὶ
1474 4074 1610 4143 πρὸς
1638 4073 1802 4144 ἀλλή-

206 4157 355 4221 λους·
387 4159 484 4224 Μή
508 4156 882 4230 τιςῆνεγκεν
906 4160 1065 4227 αὑτῷ
1091 4164 1343 4232 search;

1987 3530 2251 3583 Dicebant
2286 3530 2449 3598 igitur
2482 3527 2733 3594 discipuli
2766 3527 2907 3579 inter
2953 3538 3012 3579 se
3048 3540 3063 3576 :
3104 3520 3249 3575 Nunt
3286 3521 3481 3586 aliquis

1909 3622 2086 3672 attulit
2116 3620 2197 3672 illi
2235 3620 2439 3689 aliquid
2475 3622 2544 3672 ad
2574 3619 2835 3672 edendum
2870 3616 2950 3669 “3
2986 3616 3207 3670 Etiamsi
3246 3613 3482 3666 carnali-

1906 3722 1984 3763 ter
2012 3710 2312 3763 Heracleon
2341 3712 2453 3762 hazc
2491 3728 2522 3762 a
2553 3709 2827 3775 discipulis
2860 3710 3002 3759 dicta
3033 3713 3200 3775 putet,
3226 3714 3480 3770 tanquam

1906 3802 1996 3870 qui
2018 3802 2189 3853 adhuc
2217 3802 2469 3853 humilius
2500 3801 2774 3862 sentirent,
2802 3797 3178 3851 Samaritidem
3211 3796 3480 3847 imitantes

1910 3894 2164 3946 dicentem
2187 3908 2204 3943 :
2232 3891 2411 3960 Neque
2434 3890 2771 3943 haustorium
2807 3889 2964 3940 habes
2985 3925 3000 3950 ,
3031 3896 3079 3940 et
3115 3897 3304 3954 puteus
3341 3885 3483 3937 altus

1912 3991 2031 4045 est;
2066 3983 2284 4050 dignum
2315 3990 2398 4035 est
2423 4022 2437 4046 ,
2480 3993 2541 4033 ut
2577 3994 2898 4045 cernamus,
2944 3992 3071 4031 num
3104 3975 3242 4030 forte
3279 3974 3483 4042 aliquid

1913 4073 2149 4127 divinius
2188 4072 2437 4125 videntes
2481 4070 2732 4137 discipuli
2779 4070 2967 4123 dicant
3009 4068 3151 4121 inter
3189 4079 3248 4120 se
3286 4082 3301 4119 :
3339 4063 3483 4117 Num

1908 4165 2027 4231 quis
2051 4162 2228 4216 attulit
2252 4163 2351 4227 illi,
2380 4162 2519 4232 quod
2546 4162 2710 4216 edat?
2738 4169 2844 4216 etc.

1684 4252 1837 4331 Pag.
1862 4253 2003 4313 230.

294 4348 352 4399 '0
396 4348 708 4417 ’Πρακλέων
741 4351 828 4402 διὰ
868 4351 981 4403 τοῦ·
1030 4351 1209 4419 Ἐμὸν
1235 4351 1446 4419 βρῶμά
1480 4353 1668 4415 ἐστιν,
1703 4353 1804 4404 ἵνα

1985 4351 2287 4404 lleracleon
2310 4365 2405 4419 per
2433 4351 2546 4403 haec
2577 4348 2740 4401 verba
2770 4364 2785 4401 :
2824 4346 2976 4400 Meus
2999 4346 3142 4398 cibus
3167 4354 3264 4407 est,
3306 4353 3360 4396 ut
3400 4344 3486 4411 fa-

205 4435 445 4501 ποιήσω
466 4437 529 4489 τὸ
548 4437 775 4506 θέλημα
792 4440 895 4493 τοῦ
912 4442 1262 4508 πέμψαντός
1276 4442 1513 4511 με,φησὶ
1542 4440 1799 4508 διηγεῖσ-

1908 4442 2044 4493 ciant
2080 4441 2394 4494 uoluntatem
2425 4439 2567 4507 ejus,
2604 4439 2693 4506 qui
2726 4439 2866 4489 misit
2895 4453 2974 4488 me
3008 4436 3047 4466 ³⁷
3076 4475 3091 4499 ,
3136 4435 3269 4488 dicit
3297 4432 3484 4488 Serva-

205 4531 303 4583 θαι
339 4528 447 4581 τὸν
480 4529 723 4596 Σωτῆρα
758 4531 878 4597 τοῖς
913 4533 1204 4600 μαθηταῖς
1227 4573 1241 4595 ,
1292 4532 1382 4585 ὅτι
1416 4533 1590 4585 τοῦτο
1622 4530 1733 4603 ἦν,
1770 4533 1801 4585 ὃ

206 4620 523 4684 συνεζῆτει
554 4620 706 4690 μετὰ
732 4622 841 4689 τῆς
882 4625 1195 4691 γυναικὸς,
1239 4624 1451 4691 βρῶμα
1487 4624 1670 4688 ιδιον,
1706 4622 1802 4677 λέ-

206 4730 329 4778 ⁸των
356 4711 422 4764 τὸ
454 4712 684 4779 θέλημα
708 4715 811 4765 τοι)
838 4716 1082 4781 Πατρός·
1110 4714 1285 4768 τοῦτο
1317 4713 1424 4782 γὰρ
1456 4714 1640 4766 αὐτοῦ
1666 4731 1795 4781 τρο-

207 4799 317 4866 φὴ,
356 4800 455 4852 καὶ
483 4800 853 4865 ἀνάπαυσις,
898 4804 993 4856 καί
1024 4802 1279 4870 δύναμις
1315 4798 1411 4869 ἦν.
1459 4801 1697 4869 Θέλημα
1733 4801 1801 4853 δὲ

211 4888 449 4955 Πατρός
494 4890 703 4956 ἔλεγεν
743 4887 893 4943 εἶναι
934 4891 998 4943 τὸ
1037 4891 1256 4959 γνῶναι
1298 4890 1649 4957 ἀνθρώπους
1694 4889 1799 4941 τὸν

211 4978 468 5046 Πατέρα,
505 4980 601 5031 καὶ
633 4980 899 5047 σωθῆναι
918 5023 931 5043 ,
962 4981 1106 5049 ὅπερ
1138 4979 1215 5051 ἦν
1251 4982 1427 5049 ἔργον
1454 4980 1560 5033 τοῦ
1599 4980 1798 5047 Σωτῆ-

201 5089 334 5137 ρος,
372 5071 480 5124 τοῦ
514 5071 693 5123 ἕνεκα
722 5075 935 5125 τούτου
980 5071 1439 5140 ἀπεσταλμένου
1482 5074 1567 5137 εὶς
1608 5072 1801 5142 Σαμά-

202 5179 400 5228 ρειαν,
430 5159 746 5213 τουτέστιν
773 5166 858 5227 εἰς
883 5162 941 5215 τὸ
954 5180 990 5214 ν
1016 5164 1266 5231 κόσμον.

1910 4543 2072 4585 torem
2101 4532 2375 4584 declarare
2404 4530 2704 4597 discipulis,
2738 4529 2791 4580 id
2822 4528 3091 4594 proprium
3130 4541 3283 4577 suum
3312 4525 3482 4577 cibum

1908 4636 2052 4682 esse,
2090 4620 2229 4687 quod
2270 4626 2569 4687 loqueretur
2617 4633 2731 4670 cum
2779 4616 3029 4678 muliere;
3069 4618 3245 4667 dicens
3300 4610 3483 4665 Putris

1909 4710 2251 4772 voluntatem,
2280 4725 2397 4776 qua:
2436 4709 2606 4773 ipsius
2640 4708 2786 4761 cibus
2824 4718 2869 4759 et
2907 4707 3109 4775 requies
3130 4745 3143 4767 ,
3177 4717 3223 4758 et
3252 4706 3483 4773 potentia

1909 4810 2041 4852 erat.
2081 4798 2412 4852 Voluntatem
2432 4812 2607 4851 autem
2638 4798 2817 4850 Patris
2847 4814 2958 4850 esse
2984 4798 3211 4858 dicebat,
3236 4807 3290 4848 ut
3312 4796 3483 4849 homi-

1910 4910 1997 4946 nes
2051 4890 2265 4945 Patrem
2320 4901 2725 4960 cogn‘oscereut,
2768 4902 2815 4944 et
2862 4904 3232 4951 servarentur;
3260 4905 3376 4957 qua:
3403 4906 3482 4941 res

1908 4995 2021 5037 erat
2059 5000 2185 5052 opus
2224 4984 2543 5047 Servutoris,
2570 4985 2660 5052 qui
2692 4983 2851 5051 hujus
2876 4983 2950 5036 rei
2985 4998 3149 5035 causa
3181 4979 3494 5034 Samariam-

1912 5078 2099 5128 missus
2122 5076 2319 5142 fuerat,
2351 5076 2450 5128 hoc
2475 5088 2575 5139 est,
2600 5076 2654 5127 in
2684 5075 2954 5127 mundum.

1535 5254 1806 5314 Ulterius
1842 5270 1985 5329 pag.
2025 5253 2164 5313 233.

287 5350 399 5403 Καὶ
422 5352 449 5401 ὁ
489 5352 799 5422 Ἡρακλέων
829 5352 1031 5422 ὁμοίως
1072 5356 1180 5415 τοῖς
1216 5353 1428 5416 πολλοῖς
1460 5354 1549 5405 ἐπὶ
1589 5354 1686 5423 τῆς
1716 5353 1801 5404 λέ-

214 5439 352 5504 ξεως
392 5441 599 5510 ἔμεινε,
657 5444 730 5513 μὴ
781 5444 1020 5512 οἰόμενος
1065 5444 1234 5513 αὐτὴν
1286 5443 1601 5511 ἀνάγεσθαι.
1665 5446 1799 5512 Φησὶ

212 5533 367 5601 γοῦν,
395 5537 476 5588 ὅτι
506 5535 612 5587 τὸν
641 5535 758 5589 τῶν
779 5536 1163 5606 γεννημάτων
1185 5536 1347 5606 λέγει
1372 5535 1685 5604 θερισμὸν,
1720 5536 1799 5600 ὡς

291 5728 509 5784 "Joan.
557 5745 629 5795 tv,
662 5729 751 5783 50.
866 5730 1092 5799 "Ibid,
1128 5731 1216 5785 53.
1301 5732 1342 5767 ³⁷
1378 5729 1537 5796 Ibid.,
1573 5730 1661 5787 34.

1983 5352 2282 5408 Hcracleon
2323 5368 2431 5407 non
2467 5367 2629 5407 secus
2665 5358 2830 5419 atque
2866 5344 3043 5410 multi,
3076 5345 3272 5399 littera:
3311 5340 3480 5393 ittlmo

1910 5454 2022 5506 ret,
2059 5452 2209 5497 ratus
2251 5457 2369 5496 eam
2409 5444 2761 5512 anagOgicum
2805 5452 3020 5494 sensum
3063 5451 3168 5489 non
3212 5431 3476 5497 recipere.

1909 5535 2083 5604 lnquil
2115 5551 2276 5605 ergo,
2309 5533 2488 5590 Iesum
2523 5534 2662 5603 loqui
2704 5533 2767 5587 de
2799 5546 2962 5584 messe
2996 5524 3313 5597 geniminum
3349 5520 3471 5590 (ter-
