4230 6322
752 377 882 430 l3”

1671 373 2016 430 APPENDIX
2056 375 2148 430 AD
2190 375 2499 443 QClNQUE
2534 376 2790 433 lRENA‘JI
2822 378 3090 463 LIBROS.

3871 382 4009 440 £349

751 487 868 552 rw),
900 488 1115 555 perinde
1139 489 1292 557 quasi
1324 490 1433 542 hac
1463 491 1644 542 messis
1672 493 1898 557 spatium
1931 503 2159 559 quatuor
2184 507 2330 544 men-
2359 493 2384 548 Α

2433 493 2644 545 τούτου
2666 493 2785 560 μὲν
2811 493 2899 546 ἔτι
2919 494 3160 560 διωρίαν
3185 491 3434 562 ἔχοντος
3449 496 3815 564 τετράμηνον
3835 499 4010 555 τοῦδε

750 585 886 634 siam
911 583 1317 635 determinatam
1354 581 1577 648 habent,
1613 597 1775 651 quam
1818 585 1935 654 ipse
1973 585 2186 646 dicebat
2213 584 2326 652 jam

754 675 974 727 Instare.
1012 671 1124 727 Nec
1158 673 1285 727 'scio
1327 685 1434 739 quo
1469 681 1629 742 pacto
1676 673 1845 726 etiam
1885 688 2113 727 messem
2156 674 2326 728 inter-

750 771 994 828 pretatus
1035 761 1110 816 sit
1139 761 1206 814 de
1239 762 1421 814 anima
1457 760 1824 825 credentium,
1857 760 2066 828 dicens,
2109 779 2194 815 eos
2209 764 2326 832 jam

747 861 1006 917 maturos,
1031 861 1077 905 et
1104 861 1319 918 paratos
1341 853 1410 904 ad
1445 867 1661 905 messem
1691 869 1824 916 esse,
1853 863 2004 922 atque
2025 855 2186 906 etiam
2213 855 2326 907 ido-

749 957 899 1004 neos,
927 942 1018 1009 qui
1053 941 1376 993 inducantur
1403 941 1457 992 in
1498 942 1768 1005 horreum,
1801 943 1898 994 hoc
1920 951 2018 1003 est,
2049 959 2142 1012 per
2170 943 2324 1010 [idem

746 1035 801 1085 in
832 1035 1089 1101 quietem;
1133 1035 1178 1086 si
1220 1044 1394 1086 tamen
1434 1034 1538 1086 sint
1580 1033 1801 1101 parati:
1833 1049 1923 1086 nec
1965 1034 2101 1087 enim
2147 1050 2324 1088 omnes

745 1127 938 1178 anima!
969 1134 1172 1190 parata:
1201 1135 1340 1179 sunt.
1385 1123 1522 1178 Nam
1551 1125 1680 1178 alia
1700 1138 1902 1194 parata:
1923 1135 2095 1187 erant,
2129 1127 2323 1196 inquit,

743 1218 867 1270 alia!
907 1227 1057 1270 erant
1090 1233 1144 1270 se
1183 1227 1600 1285 praeparatum,
1655 1227 1704 1270 et
1758 1217 1881 1271 alite
1930 1219 2138 1287 quidem
2169 1221 2324 1271 semi-

744 1311 938 1362 nanda:
969 1318 1142 1373 erant,
1185 1309 1308 1363 alia:
1329 1308 1446 1376 jam
1479 1307 1900 1361 semiuabantur.
1951 1308 2076 1363 lkec
2103 1309 2322 1378 quidem

745 1403 855 1457 ille.

2438 585 2739 653 θερισμοῦ,
2777 580 2838 638 οὗ
2866 586 3026 649 αὐτὸς
3057 586 3262 655 ἔλεγεν,
3293 587 3395 658 ἤδη
3433 588 3743 653 ἐνεστῶτος.
3779 591 3888 645 Καὶ
3919 591 4010 646 τὸν

2437 673 2695 745 θερισμὸν
2724 679 2826 729 οὐκ
2859 672 2954 730 οἷδ’
3156 679 3246 731 ἐπὶ
3414 680 3589 750 ψυχῆς
3622 680 3872 752 ὲξείληφτ
3903 684 4008 738 τῶν

2435 767 2796 820 πιστευόντων
2822 809 2834 831 ,
2875 768 3081 835 λέγων,
3115 771 3196 824 ὅτι
3238 770 3355 838 ἤδη
3394 773 3629 841 ἀκμαῖοι
3662 776 3755 826 καὶ
3787 776 4008 844 ἕτοιμοι

2434 861 2549 911 εισι
2579 849 2738 925 πρὸς(
2757 859 3060 928 θερισμὸν,
3088 860 3187 913 καὶ
3202 859 3522 926 ἐπιτήδειοι
3553 864 3700 931 πρὸς
3726 863 3791 917 τὸ
3817 882 4006 921 avra-

2431 947 2648 1017 χθῆναι
2682 952 2768 1015 εὶς
2811 949 3144 1016 ἀποθήκην,
3189 952 3459 1005 τουτέστι
3495 953 3592 1004 διὰ
3627 955 3887 1022 πίστεως
3923 959 4003 1021 εις

2431 1041 2799 1104 ἀνάπαυσιν,
2829 1040 3033 1112 ὅσαιτε
3055 1042 3293 1112 ἕτοιμοι·
3320 1047 3392 1098 οὐ
3419 1043 3526 1112 γὰρ
3559 1045 3767 1100 micat.
3804 1050 3875 1101 Al
3893 1047 4005 1116 μὲν

2420 1131 2540 1202 map
2571 1133 2689 1201 ἤδη
2723 1135 2944 1202 ἕτοιμοι
2972 1131 3155 1203 ἦσαν,
3192 1139 3377 1208 φησὶν,
3419 1140 3479 1190 αι
3515 1137 3580 1190 δὲ
3615 1139 3870 1206 ἔμελλον
3893 1181 3907 1203 ,
3948 1143 4007 1195 al

2431 1225 2498 1279 δὲ
2523 1219 2866 1302 μέλλουσιν
2887 1265 2900 1289 ,
2950 1230 3010 1281 al
3044 1227 3113 1281 δὲ
3152 1229 3597 1296 ἐπισπείρονται
3643 1231 3779 1299 ἤδη.
3824 1231 4006 1286 Ταῦτα

2433 1315 2532 1386 μὲν
2562 1311 2655 1369 οὖν
2688 1319 2894 1381 ἐκεῖνος
2925 1313 3066 1370 εἷπε.

1877 1493 1978 1552 Ex
2001 1502 2165 1554 τοιηο
2189 1494 2360 1567 Χνι,
2388 1511 2536 1571 pag.
2564 1494 2684 1553 236
2727 1511 2848 1571 seq.

816 1593 966 1648 Dicet
990 1591 1313 1659 Heraclcon,
1337 1603 1390 1646 et
1417 1594 1556 1647 idem
1571 1593 1724 1662 juxta
1757 1594 1895 1648 hanc
1924 1595 2315 1662 espositionem

743 1685 998 1741 fortassis
1058 1686 1304 1741 sentiens
1355 1685 1768 1741 ecclesiasticus
1829 1688 2146 1754 quispiam,
2205 1687 2319 1739 haec

739 1777 904 1828 verba
953 1775 998 1807 ³⁸
1047 1775 1196 1830 dicta
1245 1774 1410 1828 fuisse
1444 1775 1496 1828 in
1527 1790 1590 1829 ea
1633 1776 2061 1844 significatione,
2098 1790 2203 1845 qua
2238 1775 2320 1828 dl-

740 1877 887 1921 ctum
919 1876 1039 1923 est:
1077 1867 1270 1923 Hessis
1312 1871 1520 1936 quidem
1567 1869 1737 1952 multa
1758 1912 1772 1933 ,
1816 1872 1905 1923 sed
1931 1870 2158 1936 operarii
2190 1885 2320 1933 pau-
2353 1904 2391 1957 Β

739 1958 786 2011 ei
811 1959 888 2022 ³⁸;
928 1976 988 2013 eo
1011 1961 1150 2029 quod
1178 1971 1346 2014 essent
1377 1961 1554 2031 parati
1579 1946 1651 2012 ad
1684 1976 1924 2022 messem,
1957 1971 2003 2012 et
2032 1960 2204 2012 idonei
2229 1960 2316 2027 qui

737 2051 1116 2104 inducerentur
1142 2053 1194 2104 in
1217 2053 1486 2114 horreum,
1525 2051 1620 2104 hoc
1643 2060 1739 2112 est,
1773 2052 1826 2103 in
1866 2052 2096 2119 requiem
2134 2068 2224 2118 per
2243 2051 2313 2118 ﬁ-

736 2142 853 2192 dem
879 2179 895 2203 ,
927 2152 1201 2210 essentque
1223 2143 1402 2196 idonei
1456 2143 1524 2194 ad
1576 2141 1799 2194 salutent
1839 2153 1884 2193 et
1923 2142 1992 2192 ad
2029 2143 2316 2204 susceptio-

739 2247 854 2283 nem
883 2230 1028 2285 verbi
1065 2248 1084 2284 :
1136 2233 1436 2285 secundum
1493 2231 1880 2285 lleracleouem
1909 2232 2162 2298 quidem,
2186 2231 2312 2297 quia

739 2322 876 2376 tales
902 2324 1070 2376 creati
1121 2322 1358 2389 fuerint,
1401 2332 1457 2375 et
1489 2323 1650 2377 talem
1685 2323 1974 2375 habuerint
2018 2331 2309 2386 naturam;

737 2412 1035 2466 secundum
1078 2413 1520 2468 ecclesiasticum
1559 2427 1724 2476 vero,
1770 2423 1992 2483 propter
2020 2411 2309 2480 quamdam

737 2501 1196 2568 pmparationem
1231 2501 1705 2570 pmstantissimaa
1739 2504 1907 2571 partis
1936 2503 2131 2556 anima:
2153 2542 2168 2566 ,
2211 2516 2308 2570 pa-

733 2602 867 2644 ratae
900 2593 965 2645 ad
991 2590 1406 2662 perfectionem,
1441 2600 1498 2646 ut
1527 2593 1691 2646 etiam
1717 2601 1973 2646 metatur.

2507 1595 2650 1665 Ἑρεῖ
2681 1611 2743 1658 γε
2764 1595 2792 1645 ὁ
2831 1595 3164 1665 Ἡρακλέων,
3188 1596 3329 1664 τάχα
3352 1595 3408 1648 δὲ
3433 1595 3589 1648 τοῦτο
3611 1595 3751 1648 κατὰ
3785 1595 3889 1666 τὴν
3919 1597 4009 1647 ὲκ-

2420 1685 2579 1754 δοχὴν
2593 1685 2796 1755 ταύτην
2818 1701 2880 1736 συ
2889 1685 3356 1756 μπεριφερόμενός
3369 1702 3449 1748 τις
3471 1685 3564 1736 καὶ
3598 1685 4010 1754 Ἐκκλησιαστι-

2421 1775 2537 1841 νὸς,
2566 1776 2647 1827 ὅτι
2675 1774 2816 1828 κατὰ
2844 1779 2924 1840 τὸ,
2966 1775 3028 1828 '0
3062 1776 3339 1845 θερισμὸς
3368 1777 3580 1842 πολὺς,
3607 1779 3661 1830 ol
3683 1776 3750 1830 δὲ
3769 1776 4011 1844 ἐργάται

2421 1867 2632 1935 ὀλίγοι,
2689 1865 3123 1935 σημαινόμενον,
3177 1867 3377 1936 ὁμοίως
3421 1866 3591 1919 ταῦτα
3639 1870 3883 1939 εἴρηται,
3922 1866 4006 1937 τῷ

2421 1957 2694 2024 ἑτοίμους
2719 1955 2867 2022 πρὸς
2891 1957 3191 2025 θερισμὸν,
3230 1957 3326 2009 καὶ
3361 1955 3736 2022 ἐπιτηδείους
3771 1956 3921 2023 πρὸς
3940 1955 4010 2008 τὸ

2423 2049 2539 2115 ἤδη
2582 2046 2960 2116 συναχθῆναι
2987 2050 3073 2113 εις
3102 2047 3216 2115 τὴν
3242 2050 3585 2114 ἀποθήκην,
3628 2048 3724 2101 διὰ
3775 2047 3886 2114 τῆς
3914 2049 4013 2099 κί-

2424 2158 2616 2206 στεως
2642 2143 2730 2205 εὶς
2759 2139 3108 2193 ἀνάπαυσιν
3139 2136 3312 2204 εἶναι,
3344 2140 3442 2192 καὶ
3466 2139 3841 2206 ἐπιτηδείους
3862 2137 4012 2204 πρὸς

2421 2231 2744 2298 σωτηρίαν,
2776 2229 2871 2282 καὶ
2923 2231 3278 2298 παραδοχὴν
3318 2230 3423 2282 τοῦ
3465 2231 3670 2297 λόγον’
3718 2228 3856 2280 κατὰ
3905 2225 4010 2295 μὲν

2399 2318 2512 2388 ,τὸν
2551 2317 2925 2389 Ἡρακλέωνα,
2953 2317 3038 2370 διὰ
3068 2319 3167 2388 τὴν
3198 2317 3536 2388 κατασκευὴν
3553 2316 3731 2369 αὐτῶν
3765 2318 3858 2369 καὶ
3903 2318 4013 2387 τὴν

2421 2412 2602 2480 φύσιν·
2658 2410 2800 2465 κατὰ
2827 2411 2882 2463 δὲ
2923 2412 3014 2464 τὸν
3070 2410 3548 2479 Ἐκκλησιαστικὸν
3572 2449 3586 2473 ,
3623 2411 3715 2462 καὶ
3759 2409 3845 2462 διά
3881 2425 4013 2462 τινα

2420 2500 2788 2572 εὐτρεπισμὸν
2816 2501 2909 2552 τοῦ
2937 2498 3260 2569 ἡγεμονικοῦ
3289 2500 3506 2569 ἑτοίμου
3541 2500 3676 2570 πρὸς
3707 2499 4012 2563 τελείωσιν,

2414 2594 2504 2646 ἵνα
2535 2594 2608 2663 μὴ
2645 2593 2709 2624 ³⁹⁹
2745 2594 2836 2644 καὶ
2871 2589 3112 2661 Θερισθῇ.

2146 2685 2230 2744 Et
2253 2700 2400 2762 pag.
2434 2686 2573 2746 23.8.

807 2779 1110 2838 Heracleon
1141 2782 1248 2836 dici
1279 2782 1559 2837 existimat
1594 2801 1606 2835 :
1659 2783 1766 2845 Qui
1791 2782 1934 2834 metit
1961 2821 1976 2844 ,
2021 2783 2308 2836 mercedem

734 2875 925 2942 accipit
955 2873 1001 2906 ⁸ο
1022 2891 1038 2938 ;
1063 2876 1307 2942 quoniam
1335 2873 1587 2928 Servator
1609 2875 1835 2942 seipsum
1864 2875 1990 2926 dicit
2009 2889 2308 2935 messorem,

734 2969 1125 3034 mercedemque
1156 2964 1368 3018 Domini
1398 2965 1566 3019 nostri
1593 2981 1702 3019 esse
1730 2965 2196 3021 esistimaleorum
2218 2966 2310 3032 qui

734 3065 1006 3109 metuntur
1054 3056 1281 3110 salutem
1313 3065 1364 3109 et
1398 3057 1808 3120 restitutionem,
1833 3073 1953 3110 cum
1989 3057 2098 3122 ipse
2137 3056 2192 3108 in
2232 3055 2308 3108 eis

736 3150 1054 3216 requiescat.
1101 3147 1248 3201 Istud
1295 3130 1459 3218 372
1495 3161 1666 3201 vero:
1706 3146 1964 3200 Fructum
2006 3147 2205 3214 colligit
2253 3147 2309 3200 in

733 3244 892 3296 vitam
927 3253 1178 3295 aeternam
1201 3241 1243 3272 “
1268 3281 1282 3306 ,
1320 3242 1525 3294 dictum
1551 3239 1719 3294 fuisse
1745 3240 2041 3302 existimat,
2074 3237 2152 3292 vel
2185 3253 2310 3306 quia
2337 3257 2378 3313 ς

735 3327 790 3378 id
816 3329 956 3396 quod
985 3326 1249 3396 colligitur
1276 3327 1480 3396 [ructus
1510 3338 1584 3381 est
1611 3330 1732 3381 vita:
1773 3339 1982 3380 αἰεί-πω
2007 3367 2021 3393 ,
2066 3326 2144 3380 uel
2180 3327 2305 3394 quia

735 3421 850 3486 ipsa
885 3418 1122 3472 collectio
1155 3419 1261 3473 vita
1297 3425 1455 3472 etiam
1487 3430 1682 3472 acterna
1718 3429 1815 3473 est.
1848 3421 1918 3472 At
1955 3435 2077 3473 reor
2115 3421 2217 3473 hoc
2253 3421 2305 3472 in

734 3511 854 3565 loco
886 3521 1128 3565 coactam
1157 3527 1279 3568 esse
1317 3511 1434 3578 ejus
1481 3511 2028 3582 interpretationem),
2077 3513 2311 3568 dicentis

735 3602 1086 3657 Servatorem
1111 3604 1359 3672 accipere
1395 3605 1738 3668 mercedem,
1788 3615 1952 3672 atque
1994 3607 2299 3659 mercedem

731 3708 787 3754 et
813 3700 1191 3754 collectionem
1217 3696 1429 3752 fructus
1464 3699 1516 3750 iu
1549 3712 1714 3750 unum
1743 3694 2161 3759 confundentis;
2188 3710 2308 3750 cum

734 3787 1020 3854 Scriptura
1055 3788 1344 3844 manifeste
1369 3788 1484 3842 [nec
1514 3796 1772 3855 tanquam
1807 3786 1914 3840 duo
1945 3785 2158 3839 diversa
2188 3799 2306 3854 pro-

731 3885 919 3945 ponat,
950 3885 1006 3930 ut
1037 3893 1198 3948 supra
1230 3879 1589 3934 ostendimus.

2529 2784 2585 2835 'U
2642 2784 2957 2854 ’Ἡρακλέων
2987 2785 3066 2844 τὸ,
3120 2784 3184 2835 '0
3239 2779 3477 2851 θερίζων
3509 2779 3730 2848 μισθὸν
3771 2780 4010 2849 λαμϐά-

2421 2889 2509 2924 νει
2561 2873 2832 2941 εἰρῆσθαι
2873 2874 3121 2943 νομίζει,
3158 2875 3283 2926 ἐπεὶ
3335 2871 3618 2939 θεριστὴν
3657 2871 3873 2924 ἑαυτὸν
3900 2871 4013 2924 λέ-

2417 2979 2506 3028 γει
2540 2965 2571 3013 ὀ
2602 2963 2834 3030 Σωτὴρ,
2878 2967 2973 3016 καὶ
3014 2963 3120 3016 τὸν
3159 2962 3380 3031 μισθὸν
3421 2964 3527 3016 τοῦ
3571 2965 3794 3032 Κυρίου
3829 2964 4011 3033 ἡμῶν

2415 3049 2789 3120 ὑπολαμϐάνει
2845 3051 2996 3106 εἶναι
3021 3052 3132 3120 τὴν
3152 3053 3269 3106 τῶν
3294 3053 3672 3122 θεριζομένων
3698 3055 4022 3121 σωτηρίαν

2417 3142 2514 3196 καὶ
2562 3143 3077 3206 ἀποκατάστασιν,
3116 3144 3196 3210 τῷ
3241 3146 3654 3200 ἀναπαύεσθαι
3683 3149 3867 3201 αὐτὸν
3899 3149 4005 3200 ἐπ’

2415 3232 2638 3298 αὐτοῖς.
2673 3233 2745 3286 Τὸ
2774 3234 2849 3297 δὲ,
2869 3236 2976 3288 Καὶ
3013 3235 3261 3304 συνάγει
3291 3235 3523 3304 καρπὸν
3551 3240 3635 3301 εἷς
3678 3236 3828 3305 ζωὴν
3861 3237 4006 3290 αἰώ-

2413 3339 2567 3386 νιον,
2598 3325 2760 3392 φησὶν
2787 3325 3068 3396 εἰρῆσθαι,
3109 3327 3147 3394 ἢ
3182 3326 3268 3379 ὅτι
3308 3327 3372 3380 τὸ
3409 3329 3823 3396 συναγόμενον
3857 3347 4009 3397 καρ-

2415 3414 2531 3480 πὸς
2569 3414 2720 3482 ζωῆς
2751 3418 2992 3470 αἰωνίου
3013 3418 3204 3481 ἐστὶν,
3246 3420 3276 3471 ὃ
3313 3421 3356 3451 ⁸¹
3401 3423 3496 3474 καὶ
3538 3421 3683 3475 αὐτὸ
3719 3419 3828 3487 ζωὴ
3857 3423 4005 3475 αἰών

2415 3523 2563 3571 νιος.
2607 3505 2767 3559 Ἀλλὰ
2787 3507 3011 3560 αὐτόθεν
3036 3509 3243 3580 νομίζω
3272 3510 3443 3579 βίαιον
3470 3507 3608 3564 εἶναι
3629 3515 3726 3582 τὴν
3744 3514 4008 3583 διήγησιν

2417 3599 2606 3660 αὑτοῦ,
2646 3599 2950 3667 φάσκοντος
2976 3602 3065 3652 τὸν
3093 3602 3321 3673 Σωτῆρα
3351 3604 3537 3672 μισθὸν
3559 3605 3871 3675 λαμϐάνειν,
3903 3609 4008 3660 καὶ

2423 3690 2745 3758 συγχέοντος
2769 3691 2858 3742 τὸν
2887 3690 3074 3760 μισθὸν
3101 3694 3198 3744 καὶ
3219 3694 3319 3762 τὴν
3362 3696 3683 3765 συναγωγὴν
3730 3697 3822 3749 τοῦ
3854 3715 4004 3769 καρ-

2403 3758 2514 3831 ⁸ποῦ
2547 3783 2625 3842 εἰς
2657 3781 2734 3845 ἓν,
2758 3782 3009 3852 ἄντικρυς
3032 3783 3130 3846 τῆς
3161 3784 3384 3853 Γραφῖκ
3408 3785 3500 3837 δύο
3520 3787 3818 3857 πράγματα
3846 3807 4000 3860 παρ-

2415 3872 2657 3942 ιστάσης,
2705 3874 2780 3935 ὡς
2813 3876 3079 3946 προδιηγη
3089 3877 3150 3929 τά
3160 3875 3321 3944 μεθα.

2061 3986 2332 4048 Ulterius
2359 4000 2502 4061 pag.
2528 3984 2670 4042 2&2.

806 4088 1110 4143 lleracleou
1145 4090 1261 4144 haec
1290 4090 1453 4144 verba
1481 4106 1496 4143 :
1531 4088 1596 4142 Ut
1630 4088 1719 4159 qui
1750 4087 1971 4140 seminat
2005 4088 2161 4140 simul
2187 4102 2315 4155 gau-

731 4181 851 4233 deat
884 4191 931 4233 et
956 4181 1043 4248 qui
1073 4182 1213 4234 mctit
1243 4181 1320 4245 ⁸³,
1354 4182 1434 4235 sic
1456 4183 1781 4248 explicavit:
1811 4180 2018 4236 Gaudet
2049 4180 2259 4248 quidem
2288 4219 2304 4242 ,

733 4272 929 4339 inquit,
959 4274 1048 4340 qui
1082 4274 1323 4335 seminat,
1347 4284 1395 4326 et
1420 4276 1669 4341 quoniam
1698 4273 1957 4334 seminat,
1987 4273 2306 4341 etquoniam

731 4366 924 4432 species
963 4365 1207 4434 qutcdam
1235 4366 1491 4418 seminum
1524 4366 1687 4433 ipsius
1719 4371 2126 4432 congregantur,
2161 4380 2301 4429 spem

733 4457 965 4507 eamdem
1010 4457 1166 4508 etiam
1210 4455 1275 4507 de
1305 4455 1509 4507 caeteris
1543 4455 1758 4508 habens.
1805 4454 1910 4519 Qui
1954 4470 2075 4506 vero
2127 4455 2306 4514 metit,

732 4544 987 4597 similiter
1027 4543 1229 4614 aliquid
1262 4547 1450 4597 metit:
1493 4545 1582 4596 sed
1624 4547 1823 4611 primus
1854 4546 2064 4613 quidem
2102 4547 2189 4612 qui
2223 4561 2301 4597 se-

733 4637 920 4699 minat,
951 4635 1156 4700 int-(epit
1178 4674 1194 4698 ,
1225 4636 1483 4688 secundus
1516 4650 1633 4688 vero
1659 4646 1732 4688 est
1769 4636 1856 4687 ille
1877 4636 1966 4704 qui
1994 4637 2172 4699 metit;
2201 4651 2303 4688 non

731 4729 868 4781 enim
928 4728 1110 4780 eodem
1166 4737 1397 4794 tempore
1448 4737 1689 4795 poterant
1749 4730 1957 4798 utrique
2016 4730 2242 4796 incipere
2285 4745 2304 4782 .'

731 4818 925 4885 quippe
949 4832 1078 4886 Opus
1100 4827 1238 4880 erat,
1267 4827 1320 4870 stt
1353 4820 1576 4884 primum
1609 4818 1982 4880 seminaretur,
2012 4829 2117 4870 tum
2146 4828 2306 4870 mete-

732 4917 898 4958 retur.
940 4905 965 4958 1
975 4918 1152 4974 taque,
1184 4919 1418 4961 cessante
1447 4927 1477 4961 a
1505 4910 1706 4962 satione
1731 4920 1940 4975 satore,
1971 4919 2080 4963 tum
2111 4926 2308 4964 messor

732 5008 885 5053 metet
917 5014 935 5054 :
966 5000 1022 5052 in
1057 5002 1338 5068 praesentia
1386 5002 1594 5069 quidem
1630 5005 1834 5072 utrique
1863 5004 2135 5072 praprium
2175 5020 2306 5071 opus

731 5097 1009 5155 operantes
1051 5089 1209 5142 simul
1246 5091 1497 5158 gaudent.
1529 5105 1801 5144 commune
1827 5092 2118 5160 gaudium,
2145 5095 2308 5148 semi-

732 5193 857 5231 num
899 5178 1268 5246 perfectionem
1317 5181 1440 5237 rati.
1477 5180 1744 5234 Prmtcrea
1777 5184 1828 5236 in
1881 5198 1948 5237 eo
1991 5185 2136 5239 dicto
2178 5205 2192 5239 :
2236 5187 2304 5241 In

733 5268 830 5322 hoc
865 5279 942 5322 est
971 5287 1140 5323 sermo
1171 5288 1342 5334 verus,
1369 5275 1508 5342 quod
1559 5274 1698 5326 alius
1726 5286 1824 5336 est,
1854 5277 1943 5342 qui
1978 5279 2223 5339 seminat,
2255 5289 2306 5332 et

733 5360 874 5411 alius
897 5359 987 5426 qui
1029 5360 1175 5413 metit
1202 5361 1272 5425 “,
1301 5363 1478 5430 inquit
1506 5379 1520 5415 :
1554 5361 1700 5414 Alter
1722 5365 1928 5430 quidem
1959 5367 2102 5432 ﬁlius
2127 5371 2302 5423 homi-

735 5450 815 5500 nis
845 5464 1001 5515 supra
1034 5449 1206 5502 locum
1254 5454 1516 5516 seminat;
1567 5456 1658 5506 sed
1698 5453 1950 5510 Servator
1995 5476 2112 5512 cum
2155 5462 2225 5514 sit
2253 5473 2301 5516 et

735 5543 843 5606 ipse
869 5541 1013 5610 ﬁlius
1061 5542 1310 5609 hominis,
1335 5547 1497 5611 metit,
1527 5558 1574 5600 et
1610 5565 1867 5604 messores
1892 5553 2082 5618 mittit,
2119 5571 2300 5624 nempe

807 5693 1041 5766 ffloan.
1078 5711 1150 5757 Iv.
1185 5699 1271 5750 36.
1349 5699 1390 5730 ”
1426 5699 1615 5753 Matth.
1645 5717 1721 5766 nt,
1750 5703 1838 5755 57.

1941 5705 2002 5735 “'
2041 5707 2313 5761 Particula

2355 5711 2427 5779 μή
2464 5710 2692 5764 delenda
2727 5712 2964 5765 videtur.
3006 5713 3156 5767 Eutr.
3200 5713 3438 5768 Partum.

2487 4097 2549 4155 '0
2586 4105 2898 4174 Ἡρακλέων
2930 4107 3010 4172 τὸ,
3030 4108 3151 4160 Ἵνα
3177 4110 3210 4162 ὀ
3234 4109 3497 4177 σπείρων
3513 4109 3660 4177 ὁμοῦ
3691 4111 3866 4178 χαίρῃ
3898 4113 4007 4165 καὶ

2413 4197 2444 4247 ό
2483 4191 2739 4260 θερίζων,
2771 4193 2912 4247 οὕτω
2937 4197 3250 4266 διηγήσατο
3277 4199 3468 4267 Χαιρει
3494 4198 3741 4269 μὲνγὰρ
3759 4241 3771 4262 ,
3797 4205 4003 4272 φησὶν,

2411 4285 2443 4335 ὁ
2477 4284 2774 4349 σπείρων,
2807 4283 2892 4336 ὅτι
2947 4286 3211 4352 σπείρει,
3269 4288 3365 4340 καὶ
3410 4288 3497 4341 ὅτι
3534 4289 3665 4356 εἴδη
3707 4294 3836 4345 τινὰ
3876 4293 4008 4346 τῶν

2406 4374 2761 4441 σπερμάτων
2797 4376 2982 4430 αὐτοῦ
3015 4377 3377 4445 συνάγεται,
3428 4381 3647 4433 ἐλπίδα
3691 4383 3846 4451 ἔχων
3877 4385 4009 4454 τὴν

2406 4464 2602 4531 αὐτὴν
2628 4465 2726 4518 καὶ
2761 4467 2890 4533 περὶ
2923 4466 3042 4518 τῶν
3060 4467 3308 4522 λοιπῶν.
3346 4471 3397 4521 '0
3425 4471 3492 4522 δὲ
3519 4471 3753 4539 θερίζων
3781 4477 4007 4542 ὁμοίως

2340 4596 2381 4648 D
2411 4574 2463 4608 τι
2492 4558 2590 4609 καὶ
2615 4557 2835 4624 θερίζει·
2865 4559 3003 4612 ἀλλ’
3039 4563 3069 4611 o'
3110 4561 3155 4591 “
3179 4562 3296 4629 μὲν
3330 4562 3557 4630 πρῶτος
3581 4563 3802 4632 ἤρξατο
3827 4569 4007 4620 σπεί-

2403 4664 2551 4712 ρων,
2581 4649 2613 4700 ό
2648 4647 2924 4714 δεύτερος
2951 4647 3203 4716 θερίζων.
3234 4653 3314 4703 Οὐ
3341 4651 3447 4720 σὴρ
3475 4654 3545 4705 ἐν
3574 4653 3650 4718 τῷ
3675 4655 3834 4719 αὐτῷ
3859 4655 4005 4710 ἐδύ-

2411 4752 2597 4789 ναντο
2664 4738 2983 4806 ἀμφότεροι
3037 4739 3350 4807 ἄρξασθαι·
3414 4742 3535 4796 ἔδει
3595 4743 3705 4813 γὰρ
3760 4745 4002 4812 πρῶτον

2414 4815 2740 4895 σπαρῆναι,
2772 4825 2876 4884 εἷθ’
2909 4830 3164 4898 ὕστερον
3197 4833 3559 4900 θερισθῆναι·
3602 4835 4000 4904 παυσαμένου

2409 4918 2681 4988 μέντοιγε
2723 4920 2830 4974 τοῦ
2869 4921 3228 4989 σπείροντος
3275 4925 3579 4992 σπείρειν,
3624 4925 3710 4979 ἔτι
3754 4929 3939 4995 θεριεῒ
3967 4933 4002 4983 ό

2414 5011 2669 5078 θερίζων-
2719 5012 2818 5065 ἐπὶ
2862 5012 3134 5083 μέντοιγε
3178 5015 3281 5068 τοῦ
3325 5019 3620 5084 παρόντος
3673 5020 4002 5088 ἀμφότεροι

2415 5101 2480 5155 τὸ
2511 5101 2668 5156 τὸιον
2698 5102 2877 5173 ἔργον
2912 5105 3299 5172 ἐνεργοῦντες
3340 5108 3489 5176 ὁμοῦ
3527 5111 3801 5178 χαίρουσι
3821 5152 3835 5173 ,
3869 5129 3996 5165 κοι-

2408 5194 2529 5260 νὴν
2556 5198 2750 5263 χαρὰν
2776 5195 2890 5262 τὴν
2913 5195 3028 5247 τῶν
3056 5197 3411 5265 σπερμάτων
3447 5203 3786 5268 τελειότητα
3813 5204 3995 5271 ἡγού-

2401 5303 2595 5355 μενοι.
2625 5288 2746 5338 Ἔτι
2767 5286 2822 5338 δὲ
2855 5286 2948 5338 καὶ
2986 5289 3064 5349 εἰς
3115 5289 3173 5339 τὸ
3197 5329 3210 5350 ,
3257 5290 3357 5342 Ἐν
3391 5291 3578 5353 τούτῳ
3615 5294 3786 5345 ἐστιν
3815 5298 3847 5346 ὀ
3889 5297 3994 5349 λό-

2405 5395 2510 5446 γος
2559 5378 2875 5445 ἀληθινὸς,
2919 5379 3008 5431 ὅτι
3062 5378 3254 5445 ἄλλος
3290 5381 3462 5434 ἐστὶν
3497 5385 3530 5436 ὁ
3570 5385 3854 5451 σπείρων,
3895 5387 3994 5440 καί

2405 5467 2594 5535 ἄλλος
2621 5473 2651 5522 d
2673 5469 2926 5537 θερίζων,
2957 5470 3120 5540 φησίν
3143 5488 3156 5500 ·
3200 5472 3262 5524 '0
3292 5472 3409 5540 μὲν
3449 5473 3557 5540 γὰρ
3586 5473 3735 5540 ὑπὲρ
3761 5474 3868 5527 τὸν
3900 5477 3992 5528 τό-

2405 5573 2524 5611 πον
2548 5558 2676 5624 υίὸς
2707 5558 2751 5590 ⁸⁸
2771 5559 3084 5627 ἀνθρώπου
3112 5563 3360 5629 σπειρει·
3393 5567 3424 5616 ὀ
3447 5563 3514 5615 δὲ
3549 5563 3750 5631 Σωτὴρ
3780 5562 3864 5616 ὢν
3893 5565 3992 5621 καὶ

3533 5717 3574 5746 ⁸ο
3598 5715 3752 5771 Jaau.
3789 5733 3865 5785 ιν,
3899 5715 3988 5774 36.

742 5762 783 5794 δ’
813 5761 942 5821 Ibid.
1021 5765 1065 5799 ι’
1089 5766 1217 5838 Leg.
1250 5767 1405 5837 ἧότι.
1473 5770 1516 5800 ⁸³
1541 5761 1802 5844 Ιοειιι.ἰν,
1836 5775 1924 5832 36..
2004 5781 2045 5807 ..
2083 5779 2170 5832 Sac
2206 5780 2324 5839 cod.
2355 5761 2384 5832 ἰ

2411 5761 2522 5835 ὁιηξ
2535 5761 2576 5764 ”
2593 5761 2636 5813 λι
2650 5761 2812 5836 nui;
2825 5761 2933 5848 ἰ’νξ
2951 5761 3074 5835 ’δί’
3091 5761 3102 5767 ’
3122 5761 3168 5814 λε
3197 5761 3302 5839 ὲίξ
3317 5761 3438 5841 sua:
3479 5761 3626 5841 Boni.
