4230 6322
224 424 354 478 1317

1427 421 1508 477 FB
1521 421 1843 477 AGMENTA
1877 418 2219 473 GNOSTICA
2230 458 2242 473 .

3339 412 3478 468 1518

213 537 434 601 ἐλθεῖν,
477 540 615 610 φησὶ
648 540 773 611 γόιρ⁸
800 540 931 605 Πῶς
950 538 1015 593 ἓν
1036 541 1381 608 ἀτνοίᾳ,καὶ
1408 540 1676 604 ἀπιστίᾳ,
1699 537 1797 590 καὶ
1827 550 1870 597 Α

1827 550 1870 597 Α
1900 538 2113 604 potestis
2138 535 2313 589 entire
2339 534 2405 600 “',
2435 532 2609 601 inquit
2637 550 2648 584 :
2696 531 2971 597 Quomodo
3014 532 3102 599 qui
3146 532 3200 583 in
3228 531 3476 599 ignoran-

213 629 636 699 ἀμαρτήμασιν
660 634 829 697 ὄντες
854 633 923 685 ἐν
974 631 1280 699 ἀφθαρσίᾳ
1312 630 1599 684 δύνανται
1641 628 1798 697 γενέ-

212 722 390 781 σθαι;
429 721 565 791 μηδὲ
590 725 647 775 ὲν
682 722 855 792 τούτῳ
898 722 1217 774 κατακούων
1260 720 1468 772 ἑαυτοῦ.
1506 722 1568 771 El
1609 720 1715 789 γὰρ
1747 721 1796 772 oi

214 812 269 863 tv
297 811 515 882 ἀγνοίᾳ,
567 814 662 863 καὶ
716 813 950 883 ἀπιστίᾳ
988 814 1080 864 καὶ
1114 810 1503 881 ἁμαρτήμασιν
1534 812 1703 875 ὀντες,
1740 813 1797 863 ὲν

210 900 493 970 ἀφθαρσίᾳ
524 901 584 952 οὐ
613 900 863 955 δύνανται
893 900 1164 968 γενέσθαι,
1209 902 1325 962 πῶς
1355 903 1401 952 οἱ
1424 902 1709 953 ἀπόστολοι
1740 904 1796 955 ὲν

212 992 404 1062 ἀγνοίᾳ
438 992 482 1023 ⁸⁸
520 992 669 1055 ποτὲ,
705 993 797 1045 καὶ
830 995 886 1044 ὲν
917 993 1164 1061 ἀπιστίᾳ,
1214 993 1309 1044 καὶ
1342 994 1399 1043 ὲν
1436 993 1793 1063 ἁμαρτήμασι

210 1080 516 1147 γενόμενοι,
547 1081 603 1131 ὲν
626 1081 903 1150 ἀφθαρσίᾳ
936 1082 1230 1148 γεγόνασι;
1261 1080 1524 1132 Δύνανται
1559 1076 1649 1133 οὖν
1671 1082 1801 1135 οἰ’ὲν

210 1166 424 1239 ἀγνοίᾳ,
453 1171 549 1222 καὶ⁵
584 1172 640 1222 ὲν
682 1171 908 1240 ἀπιστίᾳ
932 1171 1024 1223 καὶ
1046 1172 1101 1222 ὲν
1125 1172 1485 1241 ἁμαρτήμασι
1516 1173 1796 1241 γενόμενοι

207 1258 463 1325 γενέσθαι
490 1263 547 1313 ὲν
574 1260 871 1330 ἀφθαρσίᾳ,
898 1264 944 1313 εί
972 1260 1380 1331 ματαϐἀλλοιεν·
1418 1262 1639 1313 δυνατὸν
1666 1262 1720 1313 δὲ
1751 1263 1794 1291 ⁷⁸

206 1351 410 1413 αὐτοὺς
447 1352 824 1422 μεταϐάλλειν.

1900 628 1999 689 tia,
2027 636 2075 679 et
2107 628 2160 679 in
2190 626 2503 693 inﬁdelitate
2525 635 2669 686 sunt,
2703 633 2749 676 et
2784 627 2837 675 in
2859 625 3111 691 peccatis,
3148 622 3476 687 incorrupti-

1899 717 2029 770 biles
2062 719 2177 785 ﬁeri
2215 717 2683 785 possunt?neque
2721 716 2821 768 hac
2864 716 2913 767 iu
2958 730 3017 767 re
3048 716 3149 767 sibi
3203 713 3302 781 ipsi
3347 728 3479 763 cutt-

1898 810 2157 863 sentiens.
2198 806 2333 862 Nam
2374 809 2415 861 si
2450 809 2501 860 in
2526 806 2855 875 ignorantia,
2890 814 2945 858 et
2976 805 3025 856 in
3064 803 3475 866 incredulitate,

1895 898 2026 951 etin
2052 899 2288 967 peccatis
2311 898 2668 960 exsistentes,
2715 896 2827 948 tieri
2872 910 2978 947 non
3026 902 3250 962 possunt
3294 893 3477 944 incor-

1902 989 2227 1056 ruptibiles;
2313 990 2591 1056 quomodo
2662 986 2946 1055 apostoli,
3035 986 3127 1052 qui
3219 983 3480 1051 aliquau-

1898 1078 1967 1131 do
2028 1078 2179 1131 luere
2237 1079 2289 1131 iu
2350 1079 2679 1147 ignoraui...
2738 1088 2793 1131 et
2855 1075 3253 1134 incredulitate.
3312 1083 3371 1126 et
3420 1073 3476 1125 in

1897 1170 2159 1235 peccatis,
2199 1167 2326 1221 facti
2378 1178 2507 1221 sunt
2542 1166 3027 1235 incorruptibiles?
3077 1166 3313 1219 Proinde
3352 1178 3479 1233 pos-

1895 1269 2040 1319 sunt,
2077 1260 2169 1325 qui
2217 1259 2268 1311 in
2298 1258 2704 1321 incredulitate,
2756 1259 2892 1310 etin
2940 1257 3273 1325 ignorantia,
3318 1263 3373 1308 et
3422 1254 3479 1309 in

1896 1349 2133 1415 peccatis
2165 1356 2314 1411 sunt,
2356 1348 2473 1400 ﬁeri
2510 1348 2973 1415 incorruptibiles,
3012 1349 3057 1400 si
3083 1348 3480 1411 immutantur;

1896 1438 2043 1505 atqui
2077 1438 2192 1491 ﬁeri
2226 1446 2424 1506 potest,
2459 1446 2518 1491 ut
2543 1438 2922 1491 iunnutentur.

1452 1526 1536 1585 Et
1560 1523 1831 1584 ulterius
1845 1544 1998 1603 pag.
2031 1529 2170 1589 280.

286 1634 345 1686 '0
410 1630 746 1703 Ἡρακλέων,
804 1630 879 1693 ὡς
926 1628 1289 1699 ἁπλούστερον
1334 1630 1626 1699 εἰρημένου
1676 1628 1790 1680 τοῖν

205 1723 359 1788 Μήτι
394 1720 717 1774 ἀποκτενεῖ
756 1719 974 1771 ἑαυτόν
995 1734 1012 1780 ;
1052 1720 1233 1787 φησὶν,
1282 1718 1362 1768 ὅτι
1398 1719 1645 1788 πονηρῶς
1676 1716 1793 1769 δια-

1976 1630 2273 1685 lteracleon
2310 1632 2538 1698 proinde
2562 1632 2719 1700 quasi
2744 1631 2846 1685 hoc
2874 1630 3081 1685 dictum
3139 1632 3303 1686 fuerit
3340 1633 3478 1687 situ-

1902 1723 2097 1791 plicius
2132 1736 2145 1775 :
2181 1722 2439 1792 Nunquid
2470 1723 2845 1791 interfecturus
2882 1733 2956 1775 est
2988 1724 3219 1790 seipsum
3244 1723 3285 1753 "
3312 1766 3325 1787 ,
3379 1724 3481 1788 ait,

206 1814 548 1883 λογιζόμενοι
573 1813 621 1863 ot
655 1810 895 1863 Ἰουδαῖοι
938 1809 1107 1861 ταῦτα
1156 1809 1359 1875 ἔλεγον,
1411 1810 1503 1861 καὶ
1543 1809 1793 1876 μείζονας
1830 1841 1870 1897 Β

1830 1841 1870 1897 η
1900 1812 2299 1881 quodmaligue
2353 1814 2657 1881 cogitantes
2697 1812 2871 1867 Judaei
2923 1812 3039 1866 hinc
3090 1814 3476 1882 loquerentur,

208 1907 436 1967 tamab;
470 1903 893 1971 ἀποφαινόμενοι
922 1899 1015 1953 τοῦ
1041 1901 1314 1969 Σωτῆρος,
1347 1901 1439 1953 καὶ
1471 1900 1791 1969 ὑπολαμδά-

207 2016 410 2060 νοντες,
444 1998 527 2048 ὅτι
557 1994 709 2047 αὐτοὶ
743 1994 841 2062 μὲν
864 1990 1253 2043 ἀπελεύσονται
1290 1989 1425 2059 πρὸς
1443 1990 1535 2040 τὸν
1553 1989 1685 2041 Θεὸν
1713 1992 1789 2051 είς

209 2090 517 2142 ἀνάπαυσιν
547 2085 782 2138 αἰώνιον·
818 2087 847 2136 ὁ
888 2084 945 2135 δὲ
974 2081 1163 2152 Σωτὴρ
1206 2083 1284 2143 είς
1329 2080 1534 2150 φθορὰν
1589 2081 1681 2132 καὶ
1717 2082 1796 2143 εἰς

211 2178 457 2237 θάνατον,
494 2174 686 2229 ἑαυτὸν
727 2174 1215 2243 διαχειρισάμενος,
1259 2171 1391 2223 ὅπου
1431 2172 1653 2231 ἑαυτοὺς
1697 2169 1795 2221 οὐκ

211 2269 513 2335 ἐλογίζοντο
574 2265 846 2319 ἀπελθεῖν.
922 2265 1031 2317 Καὶ
1100 2264 1288 2325 αὑταῖς
1354 2262 1529 2326 λέξεσί
1608 2276 1793 2329 φησιν,

214 2361 292 2411 ὅτι
350 2357 519 2427 ᾤοντο
549 2357 725 2424 λέγειν
757 2355 849 2408 τὸν
898 2354 1125 2425 Σωτῆρα
1162 2355 1210 2405 οί
1246 2354 1505 2416 Ἰουδαῖοι,
1540 2353 1620 2405 ὅτι
1657 2350 1799 2418 Ἐγὼ

215 2450 447 2517 ὶμαυτὸν
480 2445 952 2517 διαχειρισάμενος
986 2447 1065 2506 εἰς
1098 2444 1303 2514 φθορὰν
1356 2443 1533 2514 μέλλω
1572 2442 1799 2512 πορεύε-

216 2538 355 2603 σθαι,
386 2540 522 2593 ὅπου
550 2540 704 2607 ὑμεῖς
733 2537 794 2589 οὐ
825 2534 1052 2589 δύνασθε
1070 2534 1262 2587 ἐλθεῖν.

1900 1902 2109 1970 seipsos
2132 1904 2295 1955 etiam
2326 1903 2675 1957 ostendentes
2710 1903 2829 1970 ipso
2873 1902 3166 1956 Servatore
3224 1904 3478 1973 Irisjores.

1901 2002 1955 2046 ct
1988 1995 2370 2047 existimantes
2396 2008 2455 2047 se
2491 1994 2707 2061 quidem
2735 1993 3077 2063 profecturos
3104 1994 3170 2047 ad
3223 1995 3387 2047 Deum
3426 1997 3480 2049 in

1906 2084 2146 2151 requiem
2180 2085 2610 2153 sempiternam;
2645 2083 2993 2139 Servatorem
3050 2094 3234 2138 autem
3259 2087 3325 2139 ad
3356 2100 3481 2138 cor-

1902 2173 2235 2239 ruptionem,
2268 2183 2320 2226 et
2349 2174 2417 2225 ad
2473 2184 2725 2237 mortem,
2758 2175 2811 2227 vi
2857 2176 2957 2229 sibi
3004 2175 3102 2244 ipsi
3154 2176 3321 2233 illata.
3372 2191 3485 2245 quo

1902 2264 2245 2329 seipsosuon
2298 2264 2689 2319 existimabant
2738 2264 3106 2331 profecturos.
3165 2265 3229 2318 Et
3288 2265 3481 2319 iisdem

1903 2354 2084 2405 Verbis
2136 2354 2332 2420 inquit,
2374 2351 2591 2407 Jntlaeos
2641 2353 2959 2407 existimare
3020 2354 3369 2409 Servatorem
3402 2356 3485 2410 tli-

1906 2457 2029 2497 cere
2068 2457 2081 2494 :
2119 2442 2232 2511 Ego
2278 2442 2409 2495 mihi
2458 2442 2561 2510 ipsi
2615 2444 2665 2494 vi
2723 2442 2915 2505 allata,
2965 2445 3030 2497 ad
3078 2445 3483 2513 corruptionem

1908 2530 2261 2600 proiecturus
2291 2544 2437 2597 sum,
2474 2546 2581 2601 quo
2609 2546 2704 2586 vos
2735 2546 2840 2586 non
2872 2533 3098 2600 potestis
3128 2533 3335 2587 venire.

1396 2673 1480 2732 Et
1513 2682 1679 2733 tomo
1709 2674 1887 2745 XXI,
1909 2690 2064 2751 pag.
2090 2674 2233 2735 293.

284 2796 699 2866 Πυνθανοίμεθα
737 2797 780 2849 δ’
810 2795 875 2849 ἂν
910 2794 1015 2848 τῶν
1065 2795 1164 2857 τὰς
1215 2794 1405 2861 φύσεις
1446 2796 1795 2863 εἰσαγόντων,

214 2890 306 2943 καὶ
329 2892 409 2952 εἰς
440 2889 523 2955 τὸ,
555 2891 675 2942 Ὅτι
714 2892 746 2942 ό
782 2892 965 2956 λόγος
1005 2890 1146 2955 ἐμὸς
1188 2890 1258 2939 οὑ
1312 2887 1491 2955 χωρεῖ
1517 2888 1586 2939 ἐν
1626 2885 1795 2955 ὑμῖν,

216 2983 575 3035 ἀποδιδόντων
619 2982 761 3034 κατὰ
822 2981 1194 3043 Ἡρακλέωνα,
1248 2982 1330 3033 ὅτι
1386 2980 1475 3033 διά
1530 2980 1688 3033 τοῦτο
1736 2981 1795 3033 οὒ

215 3077 380 3144 χωρεῖ
415 3081 472 3125 εν
498 3074 644 3141 ὑμῖν,
681 3073 762 3123 ὅτι
791 3072 1170 3139 ἀνεπιτήδειοι,
1201 3071 1318 3137 ήτοι
1354 3072 1472 3123 κατ’
1516 3072 1723 3136 οὐσίαν,
1762 3072 1796 3141 ἢ

216 3164 354 3215 κατά
378 3162 620 3231 γνώμηνο
648 3161 765 3223 πῶς
790 3163 840 3213 οἱ
870 3158 1226 3229 ἀνεπιτήδειοι
1260 3162 1378 3212 κατ’
1417 3160 1603 3213 οὐσίαν
1640 3162 1802 3231 ἥκου-

216 3270 309 3306 σαν
345 3252 497 3322 παρά
517 3252 610 3304 τοῦ
636 3250 879 3321 Πατρός;

1996 2800 2405 2867 Interrogenlur
2439 2814 2467 2852 a
2499 2798 2673 2861 nobis,
2705 2799 2795 2867 qui
2844 2806 3068 2855 naturus
3113 2798 3480 2865 introducunt,

1904 2892 2105 2961 quique
2143 2892 2194 2943 in
2248 2891 2348 2944 hoc
2400 2898 2700 2943 contextu:
2766 2887 2948 2942 Sermo
2999 2904 3141 2942 meus
3179 2904 3281 2941 non
3311 2888 3483 2943 locum

1904 2983 2053 3035 habet
2087 2984 2141 3034 in
2191 2982 2335 3034 vobis
2383 2982 2469 3044 τ’,
2527 2981 2683 3048 juxta
2735 2978 3123 3033 Heracleonem
3176 2979 3483 3047 explicant,

1910 3073 2114 3127 idcirco
2170 3073 2345 3129 locum
2387 3086 2493 3124 non
2546 3072 2771 3136 habere,
2812 3072 2937 3139 quia
2979 3081 3107 3124 sunt
3142 3082 3356 3133 natura,
3400 3071 3487 3124 vel

1909 3165 2092 3216 animo
2180 3161 2473 3217 inhabiles.
2542 3162 2825 3229 Quomodo
2876 3162 3147 3217 inhabiles
3207 3172 3400 3217 natura
3452 3178 3485 3215 a

1828 3250 1872 3309 C
1904 3253 2068 3307 Patre
2101 3252 2428 3305 audierunt?

1678 3348 1833 3426 Pag.
1866 3350 2004 3411 308.

294 3446 355 3503 Ὀ
416 3452 731 3523 Ἡρακλέων
777 3450 1147 3519 ὑπολαμϐάνει
1207 3450 1388 3502 αἰτίαν
1443 3450 1795 3503 ἀποδίδοσθαι

218 3540 308 3593 τοῦ
338 3542 415 3611 μὴ
440 3541 701 3593 δύνασθαι
732 3543 929 3603 αὐτοὺς
955 3540 1171 3592 ἀκούειν
1206 3541 1297 3592 τὸν
1337 3540 1513 3610 Ἰησοῦ
1544 3541 1700 3609 λόγον
1728 3542 1794 3601 ⁷³.

222 3631 352 3700 μηδὲ
380 3632 668 3697 γινώσκειν
686 3632 849 3684 αὑτοῦ
885 3631 980 3701 τὴν
1011 3631 1219 3693 λαλιὰν,
1254 3634 1310 3683 ὲν
1334 3631 1438 3700 τῷ,
1491 3631 1687 3699 ’Υμεῖς
1729 3632 1796 3685 ὲκ

220 3721 321 3774 τοῦ
350 3722 579 3789 πατρὸς
611 3722 717 3775 τοῦ
745 3722 1023 3774 διαϐόλου
1045 3720 1197 3775 ἐατέ’
1228 3723 1417 3785 αὐταῖς
1452 3722 1581 3789 γοῦν
1622 3715 1801 3787 λέξεσί

220 3828 379 3881 φησι·
435 3814 601 3865 Atat!
653 3815 725 3866 οὐ
758 3814 1021 3866 δύνασθε
1054 3814 1297 3867 ἀκούειν
1332 3814 1439 3865 τὸν
1473 3815 1658 3882 λόγον
1694 3814 1802 3867 τὸν

218 3902 395 3970 ἐμόν;
429 3903 466 3970 ἢ
497 3904 587 3956 ὅτι
622 3904 791 3971 ὑμεῖς
827 3905 895 3956 ἐκ
940 3904 1048 3958 τοῦ
1082 3904 1306 3972 πατρὸς
1350 3905 1457 3958 τοῦ
1513 3906 1798 3960 διαϐόλου

219 3994 400 4055 dare;
452 3994 585 4047 ἀντὶ
640 3994 768 4059 τοῦ,
812 3995 880 4047 ἐκ
930 3994 1039 4062 τῆς
1086 3997 1300 4060 οὐσίας
1340 3995 1447 4049 τοῦ
1492 3996 1797 4051 διαϐόλου

220 4082 555 4152 φανερῶνη
583 4086 787 4151 αὐτοῖς
814 4088 1032 4139 λοιπὸν
1059 4087 1174 4153 τὴν
1207 4089 1401 4155 φύσιν
1437 4086 1650 4147 αὐτῶν,
1699 4089 1799 4141 καί

220 4175 588 4244 προελέγξας
626 4177 866 4241 αὐτοὺς,
910 4178 997 4229 ὅτι
1035 4178 1173 4230 οὔτε
1212 4176 1319 4229 τοῦ
1384 4177 1637 4245 Ἀϐραάμ
1683 4181 1805 4231 εισι

221 4264 421 4328 τέκνα,
450 4267 523 4318 οὐ
562 4264 670 4334 γὰρ
700 4264 777 4319 ἂν
804 4267 1061 4335 ἐμίσουν
1091 4268 1295 4322 αὐτόν·
1323 4267 1461 4319 οὐδὲ
1482 4266 1589 4319 τοῦ
1634 4268 1801 4330 Θεοῦ,

225 4356 315 4407 διὸ
345 4355 741 4423 οὐκνὴγάπων
782 4357 987 4408 αὐτόν.
1028 4358 1136 4409 Καὶ
1170 4360 1217 4409 εί
1258 4358 1357 4427 μὲν
1387 4358 1468 4421 τὸ,
1516 4358 1710 4426 Ὑμεῖς
1736 4360 1804 4412 ἐκ

224 4444 329 4497 τοῦ
362 4444 593 4510 πατρὸς
649 4443 756 4497 τοῦ
782 4444 1062 4499 διαϐόλου
1098 4446 1259 4510 ἐστὲ,
1315 4447 1609 4515 ἐξεδέχετο,
1642 4448 1716 4510 ὡς
1750 4450 1806 4501 ὲν

225 4539 335 4598 τοῖς
372 4537 638 4603 ἀνωτέρω
679 4535 1080 4605 διηγησάμεθα,
1111 4535 1203 4587 καὶ
1237 4534 1407 4601 ἔλεγε,
1452 4554 1469 4585 ι
1507 4535 1602 4587 Διὰ
1637 4538 1695 4588 τὸ
1729 4537 1806 4589 ἔτι

228 4626 373 4695 ὑμᾶς
406 4622 549 4679 εἶναι
584 4628 647 4678 ὲκ
680 4625 772 4678 τοῦ
806 4626 1069 4687 διαϐόλου.
1106 4626 1165 4678 οὐ
1194 4625 1420 4677 δύνασθε
1469 4626 1683 4678 ἀκούειν
1717 4628 1807 4679 τὸν

1987 3452 2283 3505 lleracleon
2312 3452 2621 3521 suspicatur
2648 3468 2869 3508 causam
2902 3453 3089 3528 reddi,
3131 3467 3234 3509 cur
3258 3453 3359 3523 ipsi
3390 3467 3487 3507 an-

1905 3545 2022 3598 dire
2053 3560 2158 3598 non
2187 3546 2396 3613 possint
2420 3542 2545 3598 Jesu
2586 3560 2923 3609 sermonem,
2960 3560 3137 3614 neque
3165 3546 3309 3600 Illius
3338 3546 3484 3600 dicta

1904 3649 2262 3703 cognoscere,
2289 3651 2385 3704 per
2413 3635 2539 3687 illud
2568 3649 2583 3687 :
2625 3634 2730 3688 Vos
2758 3652 2822 3689 ea:
2873 3648 3017 3704 patre
3037 3638 3249 3689 diabolo
3273 3639 3395 3690 estis
3412 3637 3485 3700 ⁷⁸,

1907 3726 2132 3793 istisque
2160 3726 2340 3780 verbis
2372 3726 2450 3779 ait
2496 3744 2509 3779 :
2553 3728 2730 3790 Quare
2763 3738 2937 3780 autem
2973 3744 3077 3781 non
3124 3731 3344 3797 potestis
3389 3745 3488 3783 au-

1904 3816 2017 3869 dire
2046 3832 2337 3869 sermonem
2368 3832 2539 3869 meum
2564 3816 2589 3869 7
2615 3833 2686 3869 an
2714 3818 2966 3885 quoniam
2996 3832 3062 3869 ea:
3088 3830 3238 3885 patre
3272 3820 3485 3874 diabolo

1904 3909 2048 3973 estis,
2073 3925 2168 3976 pro
2199 3924 2257 3961 eo
2289 3908 2430 3978 quod
2452 3919 2549 3973 est,
2584 3925 2649 3961 ex
2705 3910 2932 3961 essentia
2969 3896 3219 3963 diaboli?
3259 3914 3487 3981 manife-

1904 4014 2052 4053 stans
2094 4001 2158 4054 de
2194 4012 2383 4053 cetera
2412 4010 2655 4052 naturam
2693 4000 2855 4070 375
2894 4004 3148 4067 ipsorum,
3198 4018 3313 4055 cum
3348 4019 3489 4073 prc-

1906 4090 2122 4143 dia'isset
2152 4090 2292 4150 ipsos
2321 4106 2484 4158 neque
2516 4090 2786 4141 Abraham
2818 4107 2928 4142 esse
2962 4090 3126 4156 ﬁlios,
3169 4092 3313 4142 haud
3350 4093 3487 4143 enim

1906 4171 2025 4229 odio
2050 4186 2490 4244 prosequerentur
2519 4176 2709 4241 illum;
2740 4193 2906 4245 neque
2949 4175 3070 4240 Dei,
3116 4193 3181 4230 ea:
3227 4194 3330 4246 quo
3384 4194 3488 4230 non

1908 4264 2195 4331 diligebant
2235 4264 2413 4319 illum.
2463 4262 2736 4317 Caeterum
2774 4266 2826 4319 si
2855 4265 2985 4319 illud
3021 4282 3035 4317 :
3084 4263 3191 4317 Vos
3238 4279 3303 4317 ex
3338 4276 3491 4332 patre

1922 4354 2134 4407 diabolo
2158 4357 2305 4414 estis.
2346 4357 2711 4423 exposuisset,
2747 4366 2805 4408 ut
2838 4357 2889 4409 in
2918 4358 3294 4427 superioribus
3323 4373 3491 4427 expo-

1910 4447 2117 4499 suimus
2147 4460 2267 4510 nos,
2308 4455 2363 4499 et
2404 4446 2657 4509 dixisset,
2694 4465 2713 4497 ι
2756 4448 2890 4514 Quia
2947 4449 3123 4503 adhuc
3147 4466 3214 4503 ex
3276 4452 3490 4505 diabolo

1910 4540 2063 4599 estis,
2091 4552 2201 4591 non
2224 4540 2451 4604 potestis
2473 4541 2662 4596 audire
2682 4555 2987 4595 sermonem
3016 4556 3225 4606 meum;
3260 4560 3281 4595 ι
3309 4544 3489 4597 admi-

1912 4628 2181 4681 sissemus
2226 4630 2393 4682 etiam
2430 4630 2575 4683 illius
2630 4632 3037 4684 enarrationem
3070 4649 3084 4687 ;
3114 4646 3257 4685 nunc
3301 4643 3486 4688 autent

226 4716 379 4783 λόγον
402 4716 495 4768 τὸν
520 4715 670 4785 ἐμὸν,
698 4734 715 4765 ι
738 4716 837 4767 κᾶν
858 4714 1270 4784 παρεδεξάμεθα
1305 4713 1467 4765 αὑτοῦ
1498 4716 1595 4784 τὴν
1623 4716 1809 4786 διήγη-
1844 4724 1884 4776 D

1844 4724 1884 4776 Ι)
1916 4728 2105 4785 aperte
2133 4719 2553 4787 dicitquosdam
2605 4722 2858 4776 homines
2916 4737 3039 4775 esse
3092 4723 3337 4791 ejusdem
3368 4732 3491 4779 sub-

231 4821 331 4857 σινο
366 4806 486 4857 νυνὶ
518 4805 573 4857 δὲ
597 4805 751 4874 δῆλός
784 4807 929 4857 ἐστιν
958 4805 1273 4874 ὁμοουσίους
1291 4812 1444 4866 τινας
1476 4804 1552 4873 τῷ
1579 4806 1809 4876 διαϐόλῳ

228 4893 399 4959 λέγων
433 4892 773 4961 ἀνθρώπους,
809 4894 1023 4961 ἐτέρας.
1058 4899 1133 4953 ὼς
1164 4894 1365 4943 οἴονται
1404 4894 1451 4944 οἱ
1486 4895 1585 4945 ἀπ’
1619 4894 1805 4959 αὐτοῦ,

231 4992 412 5052 οὐσίας
433 4988 773 5056 τυγχάνοντι,
797 4986 926 5055 παρ’
950 4982 1041 5045 οὓς
1060 4982 1282 5034 καλοῦσι
1306 4981 1566 5051 ψυχικοὺς
1591 4982 1623 5051 ἢ
1649 5000 1810 5035 πνευ-

238 5096 518 5151 ματικους.

1920 4809 2132 4861 stantiaa
2157 4825 2280 4863 cum
2313 4810 2554 4876 diabolo,
2585 4812 2675 4881 qui
2708 4813 2933 4867 alterius
2951 4822 3033 4867 est
3064 4814 3404 4878 substantia,
3430 4826 3489 4870 ut

1916 4897 2232 4951 existimant
2263 4898 2411 4954 illius
2435 4901 2599 4953 etiam
2630 4911 2951 4968 sectatores,
2976 4903 3043 4958 ab
3078 4905 3186 4970 his,
3233 4920 3369 4974 quos
3390 4919 3487 4962 vo-

1917 4997 2045 5040 cant
2084 4988 2351 5044 animales
2376 4990 2461 5045 vel
2489 4990 2827 5059 spirituales.

1691 5192 1849 5267 Pag.
1875 5190 2014 5251 312.

302 5302 395 5364 Είς
416 5300 592 5354 ταῦτα
624 5302 653 5352 ὁ
687 5297 1000 5362 Ἡρακλέων
1020 5297 1154 5363 φησί
1181 5313 1194 5326 ·
1232 5294 1392 5361 Πρὸς
1419 5296 1526 5361 οὓς
1552 5298 1583 5349 ὁ
1610 5296 1815 5361 λόγος,

235 5391 299 5445 ἐκ
331 5390 445 5459 τῆς
477 5390 692 5455 οὐσίας
717 5390 822 5443 τοῦ
850 5388 1132 5442 διαϐόλου
1166 5382 1363 5456 ἦσαν·
1402 5386 1477 5448 ὡς
1514 5386 1705 5456 ἑτέρας
1728 5385 1819 5437 οὕ-

238 5500 335 5555 σης
359 5484 459 5553 τῆς
486 5480 581 5534 τοῦ
604 5480 845 5534 διαϐόλου
876 5480 1058 5543 οὐσίας
1092 5480 1242 5550 παρά
1268 5479 1364 5549 τὴν
1390 5478 1498 5530 τῶν
1532 5475 1700 5545 ἁγίων
1729 5476 1818 5528 λο-

237 5574 397 5644 γικὴν
408 5574 490 5607 ⁷⁸*
505 5571 715 5625 οὐσίαν.

308 5754 355 5786 ⁸³
380 5752 535 5806 Joau.
568 5766 687 5812 πη,
715 5748 805 5803 2|.
882 5748 926 5780 θ’
954 5748 1044 5803 Sic
1065 5747 1217 5801 Bodl.

241 5824 329 5879 μ.
405 5823 449 5854 ’⁸
481 5822 574 5878 Sic
600 5819 754 5876 Bodl.
829 5818 894 5850 ""
929 5818 1037 5873 Sic.
1067 5817 1213 5873 Bodl.

2005 5292 2063 5345 In
2095 5293 2210 5347 inec
2251 5292 2428 5361 inquit
2456 5290 2796 5349 Heracleon:
2829 5292 2901 5345 Hi
2934 5293 3002 5345 ad
3045 5309 3175 5362 quos
3207 5302 3284 5347 est
3301 5310 3491 5357 sermo.

1917 5396 1981 5434 ea:
2020 5380 2314 5433 substantia
2363 5381 2559 5435 diaboli
2596 5389 2789 5446 erant;
2824 5381 3051 5451 perinde
3080 5384 3236 5451 quasi
3280 5381 3489 5437 diaboli

1916 5475 2226 5528 substantia
2262 5474 2475 5529 diversa
2502 5475 2573 5529 sit
2608 5475 2676 5529 ab
2702 5476 2943 5531 essentia
2974 5482 3291 5529 sanctorum
3315 5473 3492 5531 ratio-

1915 5566 2001 5621 nis
2031 5566 2296 5635 compote.

1295 5748 1339 5779 "
1374 5744 1463 5802 Sic
1482 5746 1632 5801 Bodl.
1710 5742 1931 5801 "Joan.
1967 5757 2089 5808 vtn,
2121 5743 2213 5802 22.
2253 5744 2299 5775 "
2334 5743 2491 5807 lbid.,
2541 5742 2629 5797 37.
2681 5742 2727 5775 ’³
2762 5741 2853 5799 Sic
2878 5741 2965 5797 Bol

1821 5760 1931 5801 tan.
1967 5757 2089 5808 vm,
2121 5743 2213 5802 22.
2253 5744 2299 5775 "
2334 5743 2491 5807 lbid.,
2541 5742 2629 5797 37.
2681 5742 2727 5775 ’³
2762 5741 2853 5799 Sic
2878 5741 3029 5797 Bold.
3088 5741 3136 5774 "
3158 5739 3315 5796 δοίη.
3365 5748 3491 5807 πη,
