4230 6322
728 348 860 404 1319

1651 335 1996 392 ΔΡΡΕΝῡιΧ
2034 338 2122 390 AD
2157 332 2472 403 QUINQUE
2506 333 2770 391 lRENEl
2807 335 3071 394 LIBROS.

3853 335 3992 394 1320

2189 458 2344 534 Pag.
2375 457 2515 516 311s.

807 561 1105 616 Heracleon
1132 562 1185 615 in
1221 561 1326 616 hoc
1353 561 1556 615 dictum
1592 602 1605 625 ,
1647 560 1918 624 Desideria
1946 560 2113 626 patris
2147 563 2302 614 vestri
2336 569 2379 620 Α

731 655 896 708 sultis
932 653 1108 722 facere
1139 653 1186 684 "
1209 695 1222 712 .
1255 653 1493 722 disputat
1521 653 1734 717 dicens,
1765 651 2041 706 diabolum
2071 664 2177 704 non
2215 651 2310 704 lia-

737 744 864 796 liero
897 742 1253 804 voluntatem,
1284 741 1376 794 sed
1420 740 1712 794 desideria.
1756 739 1924 807 Cujus
1953 738 2083 792 dicti
2112 738 2309 791 absur-

733 831 874 886 ditas
900 840 1121 900 apparet
1147 847 1212 884 ex
1254 845 1335 892 se,
1367 830 1493 882 dum
1517 827 1849 882 omnibusin
1870 826 2121 881 confesso
2148 835 2231 880 est
2249 826 2313 879 il-

2489 557 2548 610 '0
2585 557 2897 626 Ἡρακλέων
2929 558 3005 618 εις
3034 555 3114 618 τὸ,
3154 554 3262 621 τὰς
3287 557 3601 626 ἐπιθυμίας
3636 555 3742 610 τοῦ
3771 557 3991 622 πατρὸς

2415 645 2586 714 ἡμῶν
2641 646 2842 709 θέλετε
2901 646 3129 708 ποιεῖν,
3197 643 3560 699 διαστέλλεται
3635 646 3838 713 λέγων,
3903 645 3992 696 τὸν

2413 737 2656 791 διάϐολον
2684 739 2756 808 μὴ
2797 737 2938 806 ἔχειν
2967 739 3202 811 θέλημα,
3230 739 3340 792 ἀλλ’
3371 739 3681 808 ἐπιθυμίας.
3713 738 3839 790 ’Καὶ
3898 740 3992 807 έμ-

2414 830 2663 898 φαίνεται
2691 829 2914 882 αὐτόθεν
2942 830 2998 882 τὸ
3029 829 3342 900 ἀδιανόητον
3371 827 3414 861 ’⁷
3451 829 3631 897 λόγου,
3675 828 3850 880 θέλειν
3887 827 3992 896 γὰρ

734 920 845 975 lum
879 921 1018 974 mala
1060 920 1215 974 velle.
1269 920 1506 988 Colliges
1533 920 1696 972 etiam
1727 927 1782 971 tu
1819 918 1935 986 ipse
1965 916 2206 988 (etiamsi
2251 917 2306 969 in

2425 919 2479 972 τὰ
2511 919 2724 990 πονηρὰ
2769 922 2874 983 πᾶς
2901 921 2964 974 ἄν
3004 938 3086 983 τις
3117 920 3447 990 ὁμολογήσαι
3477 922 3698 973 ἐκεῖνον.
3739 919 3991 983 Συνάξεις

735 1012 1021 1081 ρι-αιεειιιὶιι
1057 1027 1164 1064 non
1215 1011 1287 1064 sit
1321 1011 1478 1064 nobis
1524 1011 1590 1062 ad
1636 1023 1850 1071 manus,
1901 1009 2047 1077 quod
2096 1008 2147 1062 in
2197 1020 2313 1060 me-

737 1097 885 1149 dium
922 1098 1299 1161 adducamus),
1337 1097 1638 1156 aualicubi
1670 1097 1727 1149 iu
1759 1096 2041 1164 Scriptura
2072 1095 2308 1166 positum

735 1185 809 1238 sit
836 1185 1164 1240 vocabulum
1190 1187 1338 1246 velle.
1376 1188 1440 1240 tle
1469 1186 1707 1241 diabolo.
1759 1187 1942 1258 lnquit
1985 1189 2149 1242 etiam
2189 1198 2312 1256 post

743 1274 864 1329 hac
910 1273 1233 1339 Heracleo",
1263 1277 1379 1330 luce
1407 1278 1549 1330 dicta
1582 1277 1769 1341 fuisse,
1801 1294 1906 1333 non
1941 1280 2006 1330 ad
2037 1286 2312 1342 terrenos,

734 1377 928 1420 natura
965 1369 1292 1422 cxsisteutes
1345 1367 1547 1422 diaboli
1601 1367 1764 1431 lilios,
1801 1369 1899 1424 sed
1951 1371 2016 1422 ad
2064 1384 2160 1424 eos
2218 1368 2313 1438 qui

735 1468 862 1510 sunt
908 1458 1195 1522 animales,
1235 1457 1409 1512 factos
1446 1459 1650 1512 diaboli
1713 1460 1854 1513 ﬁlios
1901 1461 2170 1526 positione
2203 1478 2213 1513 :
2244 1475 2309 1514 ex

737 1548 936 1614 quibus
988 1557 1218 1616 possunt
1274 1548 1499 1616 quidam
1554 1559 1748 1600 natura
1796 1557 1851 1600 et
1899 1549 2169 1617 positione
2217 1547 2312 1602 lilii

737 1638 829 1691 Dei
865 1653 1006 1691 esse.
1040 1638 1217 1706 Inquit
1248 1649 1540 1704 prteterea,
1588 1641 1688 1694 hos
1734 1641 1849 1696 lieri
1899 1640 2098 1694 diaboli
2151 1640 2309 1705 lilios,

733 1731 972 1798 eoquod
1026 1731 1342 1793 dilexerint,
1395 1733 1711 1800 faciantque
1759 1733 1960 1784 diaboli
2015 1733 2311 1809 desideria,

734 1837 859 1876 cum
893 1831 1086 1874 natura
1135 1823 1442 1890 liujusmodi
1501 1839 1604 1876 non
1654 1824 1784 1876 sint.
1846 1825 2092 1892 Disputat
2143 1825 2314 1887 enim,

2413 1007 2468 1059 δὲ
2517 1009 2606 1059 χαί
2633 1009 2791 1070 αὐτὸς
2829 1010 2895 1079 (εἰ
2929 1011 3022 1061 ἐπὶ
3061 1008 3154 1060 τοῦ
3201 1011 3464 1078 παρόντος
3497 1010 3552 1060 ὲν
3588 1009 3866 1080 προχείρῳ
3896 1009 3992 1062 οὐκ

2415 1093 2608 1163 ἔχομεν
2643 1095 3025 1165 παραθέσθαι),
3060 1096 3114 1148 εῐ
3153 1114 3254 1149 που
3294 1098 3352 1148 ἐν
3384 1101 3449 1166 τῇ
3477 1098 3664 1168 Γραφῇ
3701 1098 3764 1149 τὸ
3797 1097 3994 1151 θέλειν

2417 1186 2510 1236 ἐπὶ
2570 1184 2665 1238 τοῦ
2714 1185 2960 1239 διαϐόλου
3009 1188 3286 1240 τέτακται.
3329 1188 3483 1240 Μετὰ
3528 1189 3713 1254 ταῦτά,
3747 1205 3918 1259 φησιν
3969 1191 3997 1241 6

2427 1274 2760 1346 Ἡρακλέων,
2812 1277 2885 1340 ὡς
2928 1277 3036 1347 ἄρα
3080 1278 3253 1330 ταῦτα
3307 1278 3554 1349 εἴρηται,
3603 1281 3663 1331 οὺ
3707 1281 3842 1349 πρὸς
3872 1280 3998 1342 τοὺς

2417 1363 2575 1431 φύσει
2616 1363 2710 1415 τοῦ
2753 1364 2996 1416 διαϐόλου
3029 1365 3198 1428 υἱοὺς,
3244 1366 3368 1428 τοὺς
3396 1367 3631 1434 χοῖκοὺς,
3679 1367 3813 1418 ἀλλά
3850 1369 3999 1437 »πρὸς

2415 1453 2540 1516 τοὺς
2568 1453 2850 1524 ψυχικοὺς,
2877 1455 3020 1508 θέσει
3047 1457 3195 1518 υἱοὺς
3238 1455 3482 1509 διαϐόλου
3511 1457 3835 1526 γενομένους
3859 1476 3870 1486 ·
3904 1459 3994 1526 ἀφ’

2415 1536 2489 1597 ὧν
2515 1547 2579 1614 τῇ
2617 1544 2775 1612 φύσει
2799 1545 3051 1597 δύνανταί
3079 1562 3223 1608 τινες
3247 1547 3339 1598 καὶ
3370 1546 3515 1599 θέσει
3554 1548 3660 1599 υἱοὶ
3699 1547 3834 1599 Θεοῦ
3866 1564 3998 1618 χρη-

2420 1635 2662 1704 ματίσαι.
2719 1635 2826 1688 Καί
2870 1637 3001 1704 φησί
3065 1653 3149 1704 γε,
3195 1638 3275 1689 ὅτι
3335 1638 3485 1709 παρᾶ
3529 1640 3605 1709 τῷ
3654 1642 3998 1708 ἠγαπηκέναι

2416 1726 2513 1787 τὰς
2553 1725 2847 1794 ἐπιθυμίας
2885 1731 2979 1783 τοῦ
3024 1726 3268 1780 διαϐόλου
3319 1732 3407 1782 καὶ
3437 1733 3625 1794 ποιεῖν,
3659 1731 3823 1784 τέκνα
3857 1727 3998 1786 οὗτοι

2418 1815 2511 1867 τοῦ
2541 1816 2790 1869 διαϐόλου
2831 1817 3186 1884 rivo/cauos
3231 1822 3389 1887 φύσει
3413 1821 3639 1874 τοιοῦτοι
3665 1822 3850 1892 ιόντες.
3894 1824 4003 1876 Kat

739 1913 1066 1982 vocabulum
1103 1913 1338 1979 ﬁliorum
1368 1913 1639 1967 trifariam
1672 1916 1896 1982 intelligi
1928 1917 2126 1969 debere
2156 1935 2169 1969 :
2206 1919 2317 1984 pri—

2425 1907 2779 1961 διαστέλλεται
2825 1909 2899 1971 ὼς
2934 1910 3040 1978 ἄρα
3077 1911 3277 1978 τριχῶς
3326 1912 3403 1962 δεῖ
3454 1913 3671 1964 ἀκούειν
3715 1914 3817 1982 τῆς
3858 1916 3999 1966 κατὰ

735 2017 880 2054 mum
919 2012 1137 2066 natura,
1165 2003 1395 2056 alterum
1436 2003 1737 2067 voluntate,
1768 2004 1989 2057 tertium
2028 2004 2311 2071 dignitate.

737 2090 964 2154 Natura,
1006 2091 1282 2159 inquiens,
1338 2090 1471 2144 illud
1521 2102 1625 2154 est,
1675 2092 1819 2160 quotl
1856 2093 2098 2160 genitum
2156 2100 2240 2145 est
2284 2105 2313 2143 a

734 2184 971 2252 quodam
1001 2183 1209 2253 genito,
1245 2186 1387 2250 quod
1421 2184 1588 2236 etiam
1631 2185 1853 2250 proprie
1878 2183 2020 2235 filius
2050 2192 2272 2236 vocatur
2299 2198 2313 2244 ;

736 2277 1018 2327 voluntate
1056 2289 1208 2333 vero,
1247 2289 1370 2327 cum
1423 2275 1546 2340 quis
1586 2275 1932 2327 voluntatem
1971 2273 2183 2327 faciens
2221 2273 2317 2326 ali-

735 2362 911 2430 cujus.
948 2362 1117 2414 animi
1148 2361 1232 2414 sui
1256 2362 1462 2429 judicio
1501 2362 1666 2427 filius,
1703 2360 1857 2427 cujus
1886 2361 2016 2416 facit
2063 2361 2316 2414 volunta-

737 2462 867 2516 tem,
913 2461 1172 2518 vocatur;
1210 2464 1488 2523 postremo
1536 2455 1821 2521 dignitate,
1862 2454 2018 2522 juxta
2051 2455 2197 2522 quod
2235 2453 2319 2507 di-

736 2555 936 2596 cuntur
986 2543 1211 2609 quidam
1263 2544 1524 2611 gubenuze
1575 2542 1696 2606 lilii,
1749 2549 1802 2595 et
1856 2545 2229 2606 tenebrarum,
2264 2554 2318 2595 et

735 2633 1065 2703 iniquitatis,
1090 2645 1146 2686 et
1193 2645 1530 2701 serpentum,
1569 2644 1622 2686 et
1667 2633 1972 2701 viperarum
2008 2635 2316 2701 progenies.

738 2719 854 2774 Non
893 2723 1038 2774 enim
1071 2730 1335 2789 gtrtterant
1361 2723 1495 2785 lucc,
1533 2722 1728 2789 inquit,
1767 2722 1891 2774 talia
1939 2722 2189 2791 quaedam
2223 2738 2318 2778 sua

736 2811 983 2881 ipsorum
1029 2822 1248 2874 natura,
1305 2827 1429 2864 cum
1478 2811 1658 2879 potius
1705 2822 2083 2880 corrumpant,
2120 2826 2317 2866 consu-

736 2911 993 2970 tnuntqae
1034 2918 1127 2956 eos
1161 2902 1254 2969 qui
1289 2902 1340 2955 in
1377 2901 1490 2968 ipsa
1546 2900 1871 2966 inciderint;
1923 2905 2016 2957 sed
2056 2903 2314 2971 quoniam

735 2992 1017 3050 eiecerint
1044 2994 1260 3051 illorum
1290 3007 1482 3064 Opera,
1514 3008 1706 3048 eorum
1745 2994 1842 3048 lilii
1880 3007 2171 3050 vocantur.

2423 1999 2611 2051 τέκνα
2644 2000 2958 2070 ὀνομασίας.
2993 2001 3214 2069 Πρῶτον
3268 2001 3445 2070 φύσει,
3479 2003 3727 2071 δεύτερον
3785 2004 4000 2073 γνώμῃ,

2417 2088 2602 2159 τρίτον
2635 2089 2778 2159 ἀξίᾳ.
2817 2091 2926 2143 Kal.
2967 2091 3124 2158 φύσει
3155 2090 3274 2161 μὲν,
3309 2093 3462 2160 φησι,
3487 2095 3601 2145 ἐστὶ
3646 2093 3704 2144 τὸ
3745 2094 4002 2161 γεννηθὲν

2420 2178 2524 2230 ὑπό
2561 2196 2702 2242 τινος
2749 2180 3030 2248 γεννητοῦ,
3064 2181 3092 2232 6
3124 2182 3216 2234 καὶ
3255 2184 3456 2252 κυρίως
3486 2184 3674 2235 τέκνον
3714 2183 4000 2236 καλεῖται·

2420 2267 2613 2340 γνώμῃ
2641 2269 2718 2330 δὲ,
2738 2270 2826 2320 ὅτε
2843 2270 2902 2321 τὸ
2926 2271 3136 2340 θέλημά
3166 2289 3250 2334 τις
3278 2272 3446 2324 ποιῶν
3471 2275 3612 2336 τινὸς
3635 2273 3722 2325 διά
3747 2275 3847 2344 τὴν
3879 2276 4005 2327 ἐαυ-

2417 2355 2513 2408 τοῦ
2545 2357 2788 2426 γνώμην,
2812 2357 2998 2410 τέκνον
3031 2360 3262 2422 ἐκείνου,
3293 2353 3352 2414 οὗ
3385 2365 3527 2414 ποιεῖ
3548 2363 3608 2414 τὸ
3643 2362 3875 2434 θέλημα,
3905 2382 4004 2416 κα-

2421 2449 2590 2500 λεῖται
2612 2467 2624 2478 ·
2661 2449 2788 2519 ἀξία
2813 2449 2888 2512 δὲ,
2920 2449 3042 2503 καθ’
3078 2451 3105 2502 6
3145 2449 3361 2518 λέγεται
3388 2470 3530 2516 τινες
3569 2456 3790 2524 γεέννης
3815 2457 3999 2519 τέκνα,

2424 2540 2517 2590 καὶ
2552 2539 2795 2602 σκότους,
2829 2541 2924 2592 καὶ
2966 2541 3212 2610 ἀνομίας,
3262 2545 3353 2604 καὶ
3395 2545 3591 2612 ὄφεων,
3636 2548 3728 2598 καὶ
3780 2547 4005 2616 ἐχιδνῶν

2423 2631 2737 2700 γεννήματα
2759 2649 2770 2661 ·
2813 2632 2886 2684 Οὐ
2919 2632 3028 2703 γὰρ
3053 2635 3233 2704 γεννᾷ,
3261 2636 3414 2703 φησὶ,
3445 2635 3616 2687 ταῦτά
3637 2654 3756 2688 τινα
3789 2640 3854 2708 τῇ
3882 2639 4010 2691 ἑαυ-

2431 2717 2540 2770 τῶν
2585 2719 2776 2787 φόσειο
2834 2721 3132 2792 φθοροποιά
3176 2725 3302 2794 γὰρ,
3349 2727 3438 2778 καὶ
3479 2726 3834 2780 ἀναλίσκοντα
3877 2729 4010 2794 τοὺς

2424 2810 2788 2880 ὲμϐληθέντας
2818 2813 2897 2875 είς
2929 2814 3094 2866 αὑτάο
3131 2807 3396 2868 ἀλλ”ὲπεὶ
3418 2814 3656 2888 ἔπραξαν
3675 2818 3744 2870 τὰ
3773 2819 4005 2873 ἐκείνων

2424 2898 2580 2969 ἔργα,
2610 2901 2774 2953 τέκνα
2801 2900 2980 2953 αὐτῶν
3006 2903 3242 2974 εἴρηται.

1935 3139 2016 3198 Et
2052 3147 2215 3198 tomo
2244 3139 2481 3209 XXIV,
2507 3157 2656 3217 pag.
2686 3141 2804 3200 320

808 3263 915 3317 Nos
949 3265 1163 3333 quidem
1192 3265 1293 3319 hoc
1312 3265 1512 3318 dictum
1545 3283 1558 3317 :
1596 3264 1660 3317 In
1694 3264 1912 3318 veritate
1939 3282 2043 3317 non
2071 3267 2214 3319 stetit
2239 3267 2316 3332 ’⁸,
2347 3273 2394 3335 ο

739 3354 1126 3426 intelligimus,
1186 3373 1292 3409 non
1360 3366 1616 3426 tanquam
1663 3357 2015 3410 ostendentes
2069 3366 2318 3410 naturam

739 3445 936 3510 talem,
996 3459 1168 3512 neque
1224 3448 1480 3500 docentes
1524 3446 1638 3524 tleri
1704 3461 1810 3500 non
1875 3461 2034 3513 posse
2089 3456 2148 3498 ut
2211 3447 2322 3515 ipse

736 3536 947 3588 steterit
987 3535 1039 3588 iu
1091 3537 1342 3590 veritate.
1396 3537 1699 3590 lleracleon
1740 3552 1870 3590 vero
1922 3539 1973 3590 in
2013 3537 2102 3589 illa
2149 3537 2325 3605 inquit

735 3623 840 3680 hoc
871 3643 884 3678 :
924 3625 1137 3680 Natura
1183 3629 1348 3695 ipsius
1380 3644 1442 3680 ex
1493 3628 1710 3680 reritate
1759 3644 1862 3680 non
1897 3628 1996 3689 sit,
2037 3628 2128 3681 sed
2157 3645 2221 3680 ea:
2259 3644 2320 3680 eo

735 3723 875 3783 quod
909 3718 1236 3769 contrarium
1262 3729 1341 3770 est
1383 3719 1629 3781 veritati;
1683 3719 1934 3770 nimirum
1965 3733 2031 3772 ea:
2061 3735 2239 3772 errare
2269 3729 2323 3772 et

737 3811 1066 3883 ignorantia.
1107 3809 1393 3874 Quocirca,
1430 3811 1624 3876 inquit,
1657 3825 1820 3877 neque
1851 3821 1991 3862 stare
2015 3811 2068 3861 in
2099 3810 2316 3862 veritate

737 3896 931 3976 potuit,
962 3918 1125 3971 neque
1171 3903 1440 3954 veritatem
1477 3903 1531 3954 iu
1563 3900 1734 3968 scipso
1778 3901 1966 3953 habere
2003 3911 2208 3970 potest;
2253 3919 2318 3955 ea:

741 4010 933 4049 natura
963 4009 1060 4046 sua
1089 3993 1359 4060 praprium
1390 3992 1586 4043 habens
1616 3992 1970 4054 mendatium,
2007 3995 2323 4046 naturaliter

740 4100 1010 4155 nunquam
1044 4083 1221 4136 valens
1249 4085 1420 4135 dicere
1444 4087 1736 4136 veritatem.
1783 4083 1925 4138 Dicit
1950 4095 2156 4149 autem,
2180 4085 2321 4151 quod

740 4191 847 4230 non
893 4175 1066 4228 solum
1101 4175 1218 4240 ipse
1269 4175 1502 4225 ttieudax
1553 4183 1658 4236 cst,
1710 4172 1879 4245 376
1923 4189 2106 4228 verum
2157 4176 2321 4228 etiam

741 4272 897 4335 pater
932 4263 1123 4332 ipsius,
1178 4260 1527 4330 peculiariter
1556 4276 1838 4330 exponens
1879 4273 2029 4330 pater
2069 4266 2232 4332 ipsius
2261 4267 2328 4318 de

742 4361 935 4405 natura
969 4353 1178 4421 ipsius;
1213 4352 1660 4421 quandoquidem
1698 4368 1766 4408 ex
1795 4369 1985 4408 errore
2007 4364 2061 4409 et
2092 4353 2329 4410 falsitate

742 4443 1012 4498 consistit.

2508 3268 2700 3336 Ἡμεῖς
2732 3268 2828 3337 μὲν
2857 3263 2949 3320 οὖν
2978 3266 3072 3319 τοῦ
3094 3306 3108 3331 ,
3157 3266 3255 3320 Ἐν
3292 3266 3367 3335 τῇ
3397 3269 3647 3335 ἀληθείᾳ
3680 3269 3791 3336 οὐχ
3834 3270 4014 3341 ἕστη-

2429 3372 2534 3407 κεν
2563 3395 2578 3418 ,
2627 3355 2917 3424 ἀκούομεν,
2944 3356 3040 3425 οὐχ
3081 3356 3154 3418 ὡς
3208 3357 3368 3424 φύσιν
3407 3342 3663 3429 τοιαύτην
3713 3359 4013 3430 ἐμφαίνονο

2429 3460 2520 3506 τες
2551 3444 2623 3507 ⁷⁸,
2651 3442 2773 3496 οὔτε
2799 3443 2859 3496 τὸ
2884 3442 3140 3497 ἀδύνατον
3168 3443 3407 3516 περὶτοῦ
3438 3448 3725 3517 ὲστηκέναι
3765 3449 3929 3503 αὐτὸν
3954 3452 4014 3505 ιν

2428 3535 2654 3606 ἀληθείᾳ
2709 3535 3109 3606 παριστάντες·
3160 3537 3187 3588 6
3241 3536 3296 3588 δὲ
3349 3537 3663 3608 ’Πρακλέων
3711 3541 3791 3602 είς
3837 3520 4016 3596 τάῡτά

2429 3644 2560 3697 φησι
2585 3628 2645 3679 τό
2665 3644 2677 3656 ο
2733 3629 2814 3680 Οὺ
2844 3629 2950 3696 γὰρ
2987 3629 3054 3679 ἐκ
3106 3626 3216 3694 τῆς
3242 3628 3527 3694 ἀληθείας
3558 3630 3596 3696 ἡ
3625 3631 3810 3696 φύσις
3837 3633 4016 3685 ἐστὶν

2426 3720 2647 3782 αὑτοῦ,
2703 3719 2841 3772 ἀλλ’
2873 3721 2941 3771 ἐκ
2988 3719 3094 3772 τοῦ
3143 3719 3421 3773 ἐναντίου
3469 3720 3543 3787 τῇ
3595 3721 3881 3788 ἀληθείᾳ,
3945 3723 4014 3776 ἐκ

2422 3814 2660 3882 πλάνης
2698 3815 2794 3868 καὶ
2831 3815 3096 3882 ἀγνοίας.
3130 3814 3248 3876 Διὸ,
3276 3817 3458 3884 φησὶν,
3505 3814 3640 3867 οὔτε
3678 3815 3900 3882 στῆναι
3945 3817 4015 3869 ἐν

2421 3907 2701 3973 ἀληθείᾳ,
2744 3905 2883 3957 οὔτε
2915 3904 3092 3972 σχεῖν
3125 3906 3194 3958 ἐν
3225 3904 3387 3969 αὐτῷ
3419 3905 3708 3970 ἀλήθειαν
3736 3905 4012 3973 δύναται,

2427 3998 2494 4050 ὲκ
2529 3996 2637 4064 τῆς
2671 3996 2855 4049 αὑτοῦ
2888 3997 3125 4064 φύσεως
3156 3993 3310 4047 ῑδιον
3340 3994 3497 4064 ἔχων
3524 3996 3589 4048 τὸ
3627 3995 3876 4062 ψεῦδος,
3905 4013 4016 4063 φυ-

2429 4088 2616 4153 σικῶς
2642 4089 2728 4156 μὴ
2763 4087 3097 4154 δυνάμενός
3125 4100 3268 4139 ποτε
3296 4087 3584 4152 ἀλήθειαν
3607 4087 3817 4139 εἰπεῖν.
3851 4087 4014 4155 Λέγει

2429 4180 2506 4241 δὲ,
2523 4183 2602 4234 ὅτι
2628 4181 2686 4231 οὑ
2722 4179 2880 4249 μόνος
2895 4178 3054 4240 αὐτὸς
3078 4177 3502 4247 ψεύστηςὲστὶν,
3521 4178 3656 4230 ἀλλά
3673 4179 3763 4231 καὶ
3778 4181 3804 4231 6
3830 4182 4016 4250 πατὴρ

2429 4271 2614 4335 αὑτοῦ,
2660 4270 2823 4332 ἰδίως,
2858 4268 3052 4337 πατὴρ
3094 4268 3303 4332 αὐτοῦ,
3337 4268 3691 4338 ἐκλαμϐάνων
3725 4269 3824 4336 τὴν
3854 4270 4015 4336 φύσιν

2432 4362 2594 4415 αὑτοῦ
2616 4379 2628 4392 ο
2663 4360 2893 4430 ἐπείπερ
2939 4361 3003 4412 ὲκ
3033 4360 3240 4428 πλάνης
3281 4360 3375 4412 καὶ
3404 4358 3717 4430 ψεύσματος
3755 4359 4011 4426 συνέστη.

2013 4563 2140 4624 Sub
2161 4564 2340 4640 ﬁnem
2370 4566 2524 4624 tomi
2551 4563 2787 4625 XXVI.

816 4680 1120 4737 Heracleon
1149 4683 1201 4736 iu
1237 4682 1371 4737 illud
1406 4701 1419 4736 :
1455 4683 1550 4736 Est
1579 4685 1667 4752 qui
1697 4687 1914 4754 quam,
1941 4695 1986 4738 et
2011 4686 2220 4753 judicat
2247 4687 2316 4750 ⁸⁸,
2355 4691 2396 4743 D

748 4791 859 4829 non
893 4779 959 4828 ad
990 4775 1202 4829 Patrem
1231 4780 1424 4844 refert,
1453 4777 1719 4845 siquidem
1754 4784 1830 4830 ait
1864 4792 1877 4829 :
1917 4777 2018 4842 Qui
2057 4775 2246 4846 quwrit
2273 4785 2322 4828 et

738 4869 948 4937 judicat
979 4878 1053 4921 est
1085 4871 1154 4932 is,
1185 4870 1276 4936 qui
1299 4885 1380 4921 me
1413 4869 1660 4932 vindicat,
1696 4870 1938 4922 minister
1959 4869 2027 4922 ad
2051 4869 2147 4920 hoc
2175 4867 2325 4920 ordi-

749 4971 927 5025 natus,
965 4963 1055 5029 qui
1087 4977 1191 5013 non
1227 4973 1419 5013 temere
1446 4961 1681 5029 gladium
1705 4972 1898 5028 portat,
1936 4960 2129 5013 vindex
2169 4961 2324 5026 regis.

752 5053 958 5122 Moyses
985 5065 1154 5105 autem
1186 5062 1263 5104 est
1291 5051 1396 5109 hic,
1425 5053 1868 5117 quemadmodum
1902 5052 2147 5115 superius
2189 5051 2326 5102 dixit

751 5144 858 5196 illis
895 5142 1093 5211 (λειω)
1122 5144 1304 5195 dicens
1339 5181 1354 5203 ,
1416 5141 1482 5194 In
1543 5159 1692 5210 quem
1756 5158 1844 5196 vos
1903 5142 2201 5210 speravistis
2257 5140 2326 5196 “.

749 5235 942 5289 Postea
976 5234 1307 5302 subjungit:
1341 5233 1443 5298 Qui
1462 5233 1672 5302 judicat
1707 5245 1754 5286 et
1807 5236 1956 5300 punit
1984 5244 2057 5286 est
2098 5233 2326 5301 Moyses,

748 5329 845 5380 hoc
867 5334 966 5390 est,
999 5329 1106 5393 ipse
1142 5325 1435 5392 legislator.
1469 5325 1662 5379 Postea
1701 5327 1923 5379 duliiqu
1950 5335 2139 5379 contra
2180 5325 2328 5392 seip-

749 5434 872 5472 sum
910 5427 1088 5471 movet
1121 5415 1444 5480 Heracleoo,
1487 5417 1670 5470 dicens
1702 5433 1716 5470 :
1753 5416 2029 5482 Quomodo
2061 5417 2224 5485 igitur
2248 5417 2327 5466 di-

748 5511 819 5565 cit
850 5525 1001 5565 0mm
1035 5509 1304 5578 judicium
1339 5510 1440 5562 sibi
1488 5510 1741 5561 traditum
1793 5509 1996 5576 fuisse?
2029 5507 2093 5560 Et
2135 5505 2326 5560 existi-

819 5652 1304 5715 “soan.vut,46.
1383 5655 1426 5683 ”
1485 5653 1576 5709 Sic
1599 5654 1745 5708 Bodl.
1822 5653 2036 5706 "Joau.
2095 5649 2286 5714 ιν,“.

2444 5647 2534 5701 Sic
2570 5645 2723 5701 Bodl.
2761 5643 2921 5700 2283.

749 5723 912 5780 2181.
989 5725 1033 5756 ⁸⁸
1077 5723 1235 5778 Joatt.
1272 5738 1322 5787 v,
1372 5721 1456 5776 ιδ.

2507 4687 2566 4737 '0
2611 4683 2926 4754 Ἡρακλέων
2996 4681 3078 4743 τὸ,
3142 4684 3353 4734 Ἔστιν
3399 4683 3432 4734 δ
3482 4677 3687 4746 ζητῶν,
3738 4680 3840 4733 καὶ
3885 4684 4012 4751 κρί-

2430 4791 2570 4836 νων,
2609 4775 2707 4825 οὑκ
2738 4771 2999 4843 ἀναφέρει
3039 4771 3129 4823 ἐπὶ
3154 4770 3242 4823 τὸν
3270 4771 3508 4840 Πατέρα,
3542 4769 3765 4822 τοιαῦτα
3800 4771 4007 4839 λέγων·

2444 4864 2504 4915 '0
2549 4863 2734 4929 ζητῶν
2784 4862 2880 4914 καὶ
2927 4861 3145 4927 κρίνων
3194 4861 3366 4912 ἐστὶν
3412 4863 3444 4913 ό
3490 4858 3744 4912 ἐκδικῶν
3794 4879 3916 4930 με,
3982 4866 4013 4916 ὀ

2430 4953 2749 5022 ὑπηρέτης,
2806 4955 2838 5005 ό
2888 4954 2974 5016 εις
3010 4951 3184 5003 τοῦτο
3236 4952 3606 5018 τεταγμένος,
3666 4965 3696 5004 ο
3739 4953 3827 5020 μὴ
3878 4956 4011 5020 eius)

2435 5047 2546 5112 τὴν
2593 5045 2894 5114 μάχαιραν
2931 5041 3152 5112 φορῶν,
3189 5046 3220 5096 ό
3268 5042 3504 5107 ἔκδικος
3536 5043 3643 5096 τοῦ
3681 5044 4008 5110 βασιλέως.

2437 5136 2708 5201 Μωυσῆς
2737 5135 2803 5188 δέ
2847 5137 3018 5189 ἐστιν
3045 5132 3221 5199 οὗτος
3241 5135 3308 5197 ⁸³,
3345 5135 3493 5188 καθὰ
3517 5136 3870 5202 προείρηκεν
3905 5139 4013 5190 αὐ-

2435 5231 2560 5296 τοῖς
2587 5229 2810 5299 λέγων·
2867 5229 2971 5291 Εἰς
3014 5225 3086 5279 ὃν
3131 5224 3300 5294 ὑμεῖς
3345 5226 3666 5292 ἠλπίσατε.
3733 5223 3846 5279 Εἶτ’
3889 5233 3982 5279 έπι

2435 5324 2609 5390 φέρει,
2638 5321 2718 5372 ὅτι
2738 5337 2750 5348 ·
2803 5319 2863 5370 '0
2890 5319 3108 5384 κρίνων
3138 5316 3233 5369 καὶ
3256 5315 3812 5384 κολάζῳνΜωυσῆς,
3843 5334 4011 5371 τουτ-

2432 5416 2602 5469 ἐστιν
2642 5413 2823 5479 αὐτὸς
2880 5417 2912 5467 ό
2956 5411 3298 5480 νομοθέτης.
3341 5411 3450 5463 Kal.
3504 5410 3644 5480 μετά
3683 5410 3839 5463 τοῦτο
3879 5410 4011 5481 πρὸς

2435 5502 2623 5553 ἑαυτὸν
2654 5502 2921 5568 ὲπαπορεῖ
2950 5501 2977 5551 6
3020 5497 3330 5568 ’Ἡρακλέων
3377 5497 3550 5565 λέγων
3570 5515 3582 5529 ·
3619 5497 3751 5564 Πῶς
3779 5494 3889 5553 οὖν
3915 5497 4012 5552 λέ-

3038 5644 3081 5675 ⁸⁹
3114 5642 3274 5697 Joau.
3300 5657 3420 5708 vin,
3464 5639 3553 5696 50.
3659 5641 3704 5672 ⁸¹
3735 5640 3829 5695 Sic
3861 5637 4006 5694 Bodl.
