4230 6322
679 363 805 419 1551

1861 363 2228 422 ΡηοιεοοΜ
2237 364 2371 421 ENA
2413 362 2772 422 VARIORUM

3797 368 3931 423 1332

676 480 836 550 initio
869 493 897 531 a
933 492 1017 533 me
1049 479 1304 548 pretim,
1338 478 1540 550 quibus
1575 486 1760 547 aperte
1794 495 1857 535 ac
1885 481 2124 537 breviter
2151 497 2246 535 au.
2289 485 2333 541 Α
2366 480 2457 534 ille
2498 496 2727 547 serpens
2765 481 2856 549 qui
2879 479 2991 548 jam
3028 479 3237 549 pridem
3288 478 3484 536 talibus
3514 482 3736 548 organis
3761 498 3928 536 vexa-

674 549 847 603 ctoris
877 563 1032 605 mens
1071 566 1134 605 ac
1165 549 1368 618 scapus
1396 550 1725 605 declaratur.
1775 550 2030 606 Numeri:
2062 552 2247 605 omnia

677 618 926 673 distinxi.
984 618 1160 675 Locos
1209 618 1509 686 Scriptura:
1559 635 1698 688 quos
1744 620 1905 682 citat,
1958 622 2141 675 notavi
2184 621 2249 672 ad

678 689 1030 758 marginem:
1071 703 1137 742 ac
1183 691 1379 743 menda
1423 705 1543 758 quas
1588 699 1983 753 occurrerunt,
2037 690 2254 744 collatis

672 756 1081 822 exemplaribus
1127 769 1181 812 et
1224 760 1361 813 locis
1399 756 1583 827 ipsius
1617 760 1895 820 auctoris.
1941 760 2248 814 emendavi.

675 828 989 880 Sectionem
1025 829 1267 897 capitum
1304 838 1549 883 veterum
1596 838 1821 883 secutus
1863 844 1982 882 sum
2024 828 2076 882 in
2113 845 2249 896 qua-

676 906 801 950 tuor
834 897 988 951 libris
1017 917 1030 952 :
1064 912 1186 966 qua:
1214 908 1365 951 certe
1394 913 1493 951 nec
1534 898 1606 951 ita
1655 899 1827 951 divisa
1882 897 1951 952 ab
2004 907 2246 961 auclore,

674 980 775 1020 nec
802 965 1015 1036 abipso
1044 965 1289 1022 summas
1324 968 1514 1022 iisdem
1550 968 1901 1036 praescriptas
1938 982 2064 1022 esse
2094 972 2247 1023 arbi-

676 1045 817 1090 tror.
847 1034 980 1091 Nam
1031 1038 1297 1091 lectiones
1347 1051 1724 1105 saepenumero
1765 1034 2047 1092 breviores
2099 1049 2244 1102 sunt,

672 1122 735 1155 ac.
766 1106 1109 1175 interruptae.
1143 1116 1234 1160 aut
1266 1108 1434 1161 etiam
1487 1106 1762 1175 longiores
1795 1123 1809 1172 ;
1854 1123 2082 1162 summa:
2120 1123 2251 1163 vero

674 1175 948 1228 interdum
990 1186 1088 1230 aut
1115 1190 1229 1230 rem
1269 1192 1376 1229 non
1414 1177 1711 1247 attingunt,
1738 1187 1832 1231 aut
1880 1178 2023 1247 quod
2059 1179 2254 1245 praeci-

673 1259 838 1309 puum
872 1256 956 1299 est
1001 1249 1446 1315 prmtermittunt.
1488 1245 1752 1317 Quintum
1805 1245 1969 1317 porro
2025 1246 2245 1311 librum,

670 1329 835 1386 quem
872 1331 1034 1371 nemo
1063 1318 1330 1372 hactenus
1356 1317 1642 1379 diviserat,
1661 1316 1884 1371 distinxi
1920 1331 2016 1384 per
2042 1318 2245 1386 capita,

671 1383 893 1450 quibus.
929 1395 987 1438 ut
1011 1386 1152 1450 aliis,
1172 1401 1414 1441 summas
1439 1401 1620 1441 rerum
1642 1395 1697 1439 et
1721 1383 2127 1441 sententiarum
2152 1388 2247 1440 atl-

672 1449 805 1524 didi.
858 1454 984 1508 Mihi
1025 1449 1157 1510 sane
1200 1456 1381 1509 omnia
1426 1455 1615 1511 sedulo
1660 1457 2015 1524 expendenda
2053 1471 2114 1510 ac
2146 1473 2247 1511 sw-

672 1521 794 1595 pius
828 1524 1115 1595 relegenda
1144 1534 1196 1579 et
1228 1526 1594 1580 examinanda
1647 1521 1889 1589 fuerunt,
1935 1534 1991 1578 ιιι
2021 1525 2245 1595 planum

673 1593 1115 1665 facercm,'nunc
1154 1595 1285 1665 quid
1322 1598 1376 1650 in
1427 1596 1598 1651 tantis
1652 1595 1758 1649 illis
1797 1593 2049 1649 errorum
2098 1596 2247 1665 laby-

671 1662 874 1715 rinth‘s
898 1665 1001 1718 sibi
1032 1662 1230 1721 vellent
1262 1666 1531 1728 haeretici,
1572 1681 1718 1718 nunc
1763 1666 1965 1733 quibus
2021 1662 2249 1718 rationi-

672 1736 771 1784 nus
794 1733 915 1801 pius
945 1737 1031 1789 vir
1075 1750 1265 1790 eorum
1315 1736 1571 1799 dogmata
1610 1734 1887 1790 refutaret.
1934 1735 2087 1801 Quod
2150 1750 2245 1789 cx—

668 1802 922 1885 qttiretttli
956 1804 1175 1885 trdium
1204 1806 1591 1885 quindevorare
1612 1814 1912 1885 nequeunt.
1941 1805 2083 1885 baud
2138 1806 2242 1859 mi—
2278 1831 2320 1885 Β

672 1873 850 1943 torin
886 1874 1046 1943 hujus
1090 1889 1153 1928 ac
1188 1874 1447 1930 similium
1497 1884 1787 1929 auctorum
1841 1875 2099 1938 lectione,
2134 1890 2240 1929 non

671 1958 701 1990 ιο
726 1941 925 2009 ultum,
953 1941 1051 1998 nec
1090 1944 1180 1999 ditt
1218 1943 1472 2013 progredi
1508 1961 1523 1997 :
1562 1958 1737 2011 neque
1766 1944 2020 1999 nucleum
2054 1947 2240 2009 edere,

668 2012 794 2077 quia
835 2028 1027 2066 nucem
1065 2030 1172 2067 non
1210 2012 1493 2080 frangunt.
1521 2018 1590 2067 At
1615 2014 1820 2067 nemini
1861 2015 2107 2068 studioso
2142 2030 2242 2068 un-

665 2096 831 2201 quam
867 2084 1110 2137 constitit
1136 2084 1344 2139 fructus
1370 2084 1572 2139 laboris
1594 2084 1701 2144 sui,
1739 2084 1841 2137 nisi
1882 2086 1931 2137 ei
1971 2084 2059 2149 qui
2100 2086 2241 2137 assi-

666 2170 679 2195 ι
704 2166 773 2201 ue
801 2162 855 2201 et
899 2163 1225 2201 constanter
1283 2154 1333 2201 in
1362 2167 1433 2201 eo
1467 2154 1865 2201 nerseveravit.
1907 2152 2036 2201 Mihi
2091 2164 2240 2201 certe

666 2152 773 2203 due
796 2162 855 2222 et
899 2163 1225 2208 constanter
1283 2154 1333 2207 in
1362 2167 1433 2206 eo
1467 2154 1865 2222 perseveravit.
1907 2152 2036 2206 Mihi
2091 2164 2240 2207 certe

665 2221 1015 2293 gratissimus
1047 2223 1149 2277 fuit
1179 2226 1355 2287 labor,
1391 2221 1534 2292 quad
1561 2237 1622 2276 ea
1657 2222 1919 2293 colligens
1955 2238 2078 2291 quae
2103 2239 2239 2291 prte-

665 2290 1001 2363 cipuasunt,
1034 2303 1196 2363 atque
1230 2296 1279 2347 in
1314 2290 1523 2347 summa
1552 2295 1728 2363 capita
1784 2290 2032 2363 redigens
2058 2334 2075 2363 ,ν
2107 2290 2241 2362 8ρο-

671 2361 915 2413 raverim
944 2377 1031 2418 me
1078 2361 1151 2417 ita
1199 2364 1461 2418 lectorem
1504 2362 1756 2416 molestia
1803 2361 2236 2425 sublevaturmn,

667 2438 725 2500 ut
750 2445 927 2500 neque
968 2435 1311 2495 obscuritas,
1352 2446 1529 2499 neque
1577 2431 1869 2487 dillicultas
1925 2433 2077 2485 illum
2124 2432 2235 2498 jam

665 2497 949 2555 deterrere
976 2515 1068 2556 aut
1115 2504 1400 2557 retardare
1442 2497 1649 2570 posset.
1699 2500 1806 2555 Nec
1853 2518 1960 2566 me,
2002 2511 2060 2555 ut
2092 2497 2237 2553 arbi-

671 2578 958 2642 trur,_spcs
1007 2572 1160 2626 fallet
1205 2574 1342 2642 apud
1381 2587 1475 2626 eos
1522 2572 1611 2639 qui
1665 2571 1891 2642 propius
1928 2572 2233 2632 attendent,

664 2638 1001 2710 candideque
1026 2653 1081 2696 et
1108 2638 1323 2697 sincere
1344 2638 1690 2710 judicabunt’.
1706 2641 1963 2695 Testatur
2018 2644 2237 2696 abumle

667 2708 1196 2782 lrenarus’quantum
1233 2708 1435 2782 negotii
1486 2711 1792 2782 exltibitmn
1836 2710 1938 2778 ipsi
1975 2712 2141 2782 fuerit
2182 2712 2232 2763 itt

666 2781 923 2836 emendis
949 2778 1116 2851 atque
1146 2778 1491 2853 proferendis
1539 2780 1891 2853 inhmediunt
1930 2778 2231 2844 erroribus,

660 2862 802 2913 quos
831 2859 939 2905 tam
977 2849 1158 2907 astute
1194 2852 1554 2906 Valentiniani
1590 2849 2010 2905 dissimulabant
2058 2865 2121 2903 ac
2155 2860 2236 2903 tu-

662 2918 880 2986 gebant,
913 2930 972 2975 ut
1022 2925 1182 2991 pauci
1233 2924 1525 2977 admodum
1578 2920 1945 2991 intelligerent
1972 2921 2101 2989 qttid
2135 2922 2234 2991 do-

660 2999 871 3053 cerent,
902 3001 954 3044 et
987 2989 1183 3059 quibus
1234 2993 1536 3046 rationibus
1577 2991 1901 3044 niterentur.
1936 2990 2088 3044 Nunc
2134 2989 2235 3058 igi-

664 3059 853 3131 turiis
898 3062 1266 3131 intelligemlis
1304 3077 1425 3130 qua:
1472 3063 1553 3114 vir
1586 3069 1770 3131 tantus
1814 3075 2009 3129 magno
2047 3059 2235 3131 labore

659 3129 809 3181 eruit
838 3145 901 3184 ac
950 3128 1176 3197 deteiit,
1204 3128 1348 3186 haud
1390 3134 1695 3197 utirunrest
1717 3128 1831 3195 jam
1866 3128 2093 3183 sublatis
2126 3130 2234 3183 illis

662 3198 974 3261 erroribus,
1009 3210 1063 3255 et
1092 3203 1276 3257 multis
1324 3201 1535 3256 saeculis
1563 3201 1792 3263 exactis,
1830 3214 1858 3251 a
1891 3200 2047 3253 nobis
2101 3215 2236 3269 quo-

661 3281 770 3334 que
801 3270 1047 3324 nonnihil
1079 3272 1338 3327 laborari.
1365 3272 1471 3325 Sed
1504 3271 1658 3323 nobis
1693 3270 1835 3322 illius
1863 3271 2123 3331 studium,
2156 3270 2236 3320 vi-

659 3336 889 3401 gilantia
921 3350 975 3393 et
1024 3342 1248 3397 solertia
1294 3341 1556 3394 imitanda
1610 3349 1757 3393 sunt.
1806 3337 2033 3392 Tantam
2081 3344 2234 3393 certe

661 3404 993 3474 diligentiam
1045 3424 1101 3466 et
1151 3412 1505 3479 sagacitatem
1556 3409 1805 3479 adhibuit
1846 3408 1899 3461 in
1960 3410 2234 3479 sectaudis

661 3479 906 3547 vestigiis
948 3496 1013 3534 ac
1062 3478 1343 3553 gressibus
1390 3481 1708 3553 immanium
1762 3478 2029 3553 ejusmodi
2062 3478 2231 3553 __fer_a-

663 3562 808 3612 rum,
849 3557 907 3602 ut
938 3565 1044 3606 non
1066 3548 1253 3606 aulum
1295 3549 1722 3618 deprehenderit
1757 3564 1946 3601 earum
1982 3548 2228 3611 latibula,

660 3618 756 3669 sed
792 3634 885 3672 eas
913 3620 1037 3676 inde
1062 3624 1209 3676 velut
1234 3639 1263 3673 c
1289 3622 1475 3677 lustris
1514 3631 1567 3673 et
1621 3619 1874 3680 saltibus,
1928 3619 1981 3672 in
2026 3619 2232 3671 medios

662 3698 925 3767 ‘58ros_et
968 3704 1210 3760 apertam
1259 3692 1433 3767 lucem
1480 3690 1705 3755 ejecerit
1736 3727 1750 3751 ,
1796 3698 1958 3767 atque
2000 3689 2070 3767 ita
2106 3703 2231 3767 pru-

660 3761 898 3824 dnxerit,
944 3758 1013 3815 uti
1053 3778 1228 3831 neque
1276 3764 1446 3815 latere
1491 3774 1669 3831 neque
1719 3758 1949 3828 amplius
2001 3758 2232 3811 incautis

660 3842 859 3883 nocere
892 3830 1285 3899 possent.’Quo
1340 3830 1589 3898 exemplo
1636 3844 1733 3882 nos
1774 3832 2030 3899 admonet
2067 3843 2230 3899 quam

656 3900 848 3952 sedulo
891 3898 1087 3957 cavere
1142 3906 1376 3956 debeant
1427 3898 1685 3969 gregibus
1740 3899 1855 3951 suis
1908 3898 2143 3966 episcopi
2178 3906 2231 3949 et

657 3979 935 4040 pastores,
985 3989 1055 4026 ne
1105 3973 1376 4040 pestilenti
1432 3971 1621 4040 talium
1668 3976 2229 4040 serpentuurveneno

658 4039 991 4097 infitiantur.
1026 4038 1312 4096 Falluntur
1341 4040 1487 4095 enim
1523 4038 1877 4091 vehementer
1918 4038 2009 4103 qui
2038 4046 2231 4105 putant

658 4118 905 4163 veterum
938 4114 1151 4165 illarum
1188 4112 1469 4166 lia-reseon
1504 4108 1929 4176 descriptionem
1978 4122 2043 4159 ac
2079 4106 2229 4159 relu-

660 4180 918 4234 tationem
954 4184 1088 4235 nihil
1122 4184 1187 4235 ad
1222 4198 1355 4248 nos,
1391 4190 1485 4232 aut
1535 4188 1781 4248 tempora
1830 4188 2013 4230 nostra
2060 4177 2233 4245 perti-

658 4264 809 4304 nere.
842 4254 920 4304 Ac
955 4252 1159 4306 frustra
1198 4247 1503 4307 obtendunt
1538 4260 1645 4300 tant
1690 4247 1956 4301 absurdos
2005 4258 2059 4299 et
2104 4261 2235 4315 pro—

656 4320 899 4383 digiosos
945 4321 1116 4377 fuisse
1167 4324 1287 4377 illus
1338 4334 1557 4375 errores
1586 4358 1602 4381 ,
1652 4328 1707 4370 ut
1756 4328 1915 4371 nemo
1973 4331 2117 4371 nunc
2166 4316 2231 4370 iis

655 4390 976 4446 adhaesurus
1000 4395 1091 4447 sit.
1124 4393 1235 4448 Nec
1263 4392 1409 4446 enim
1453 4394 1635 4443 minus
1675 4388 1932 4451 absurda,
1978 4400 2079 4441 nec
2125 4388 2228 4439 mi-

657 4475 758 4513 nus
791 4464 1106 4549 prorleutosa
1154 4466 1409 4549 dogma-ta
1459 4469 1651 4542 nostro
1701 4468 1949 4539 tempore
2006 4457 2228 4549 inVexe-
2260 4496 2303 4549 Β

658 4538 784 4581 runt
812 4531 1032 4587 fanatici
1078 4528 1300 4602 quidam
1351 4531 1650 4602 homines
1693 4528 2061 4602 nec_minore
2106 4536 2226 4602 astu

654 4602 994 4657 seduxerunt
1027 4596 1341 4659 illitteratus
1384 4608 1439 4655 et
1469 4598 1751 4667 simplices
1783 4598 1964 4659 viros,
1998 4610 2098 4649 nec
2128 4596 2234 4648 mi-

656 4685 796 4725 nore
820 4674 1123 4740 pertinacia
1154 4676 1368 4727 veritati
1402 4671 1757 4740 obstiterunt.
1813 4668 2007 4740 Attnon
2044 4667 2230 4734 quoti-

652 4740 740 4813 die
768 4737 1052 4798 cernimus
1087 4744 1286 4813 quibus
1322 4740 1555 4813 fallaciis
1602 4748 1657 4792 et
1713 4737 1998 4813 fraudibus
2046 4743 2233 4789 utatur

652 4811 823 4865 Satan
871 4816 937 4868 ad
994 4806 1345 4869 renovandas
1378 4811 1657 4873 haereses,
1704 4818 1759 4862 et
1796 4806 2045 4875 specioso
2095 4820 2234 4873 quo-

652 4882 779 4931 dam
810 4881 938 4937 fuco
966 4883 1048 4939 sic
1075 4884 1503 4953 intcrpolandas,
1537 4890 1596 4934 ut
1644 4894 1919 4947 nunquam
1952 4877 2231 4930 exstitisse

652 4954 988 5008 rideantur?

726 5024 862 5086 Quis
900 5041 1005 5096 non
1042 5027 1190 5079 videt
1220 5040 1317 5079 eos
1350 5025 1440 5092 qui
1476 5038 1619 5096 nunc
1657 5020 1918 5084 divinam,
1953 5031 2098 5071 nunc
2129 5016 2231 5096 ltu-

650 5105 874 5146 manam
910 5095 1109 5150 Christi
1164 5090 1417 5150 naturain
1462 5094 1620 5147 hodie
1652 5096 2002 5159 uppugttant,
2028 5102 2097 5159 ex
2131 5090 2224 5139 iis-

652 5168 777 5214 dem
808 5166 1021 5219 lacuuis
1051 5175 1106 5220 et
1136 5168 1340 5221 cloacis
1373 5158 1695 5218 necessuas
1730 5158 2043 5213 hausisse?
2078 5160 2227 5210 Ana-

652 5234 1013 5305 baptistarum
1066 5251 1231 5305 porro
1289 5236 1463 5291 nostri
1528 5234 1791 5305 temporis
1844 5240 1995 5305 secta
2060 5242 2225 5305 quam

656 5296 829 5356 multa
864 5318 974 5359 tttttt
1006 5296 1339 5361 iri-doctrina
1371 5316 1483 5359 tum
1512 5306 1565 5358 in
1594 5296 1789 5357 ritibus
1832 5297 2029 5359 similia
2057 5296 2230 5351 habet

654 5390 780 5425 eum
816 5377 1097 5431 veteribus
1120 5378 1231 5430 illis
1251 5376 1546 5438 haereticis,
1578 5387 1738 5444 quos
1772 5381 1954 5423 tamen
1989 5370 2225 5444 fortasse

652 5460 723 5497 ne
746 5446 812 5499 de
862 5446 1083 5501 nomine
1130 5449 1350 5515 quidem
1404 5438 1669 5515 agnovit?
1700 5442 1898 5494 Verum
1966 5438 2227 5506 antiquus

722 5586 800 5656 (ι)
835 5585 928 5638 Sic
980 5588 1311 5641 exstinctum
1366 5603 1396 5639 a
1467 5582 1803 5639 Calviuianis
1868 5573 2227 5644 Evangelium

652 5668 805 5709 vocnt
830 5656 1182 5712 Calvinianus
1220 5658 1486 5711 minister.

722 5726 804 5797 (‘2)
834 5727 946 5779 Non
989 5726 1190 5797 scripta
1224 5729 1512 5797 duntaxat,
1544 5726 1637 5797 scd
1684 5731 1738 5775 et
1783 5724 1945 5777 etiam
2002 5722 2222 5790 tradita,

658 5805 713 5847 υι
746 5797 857 5851 sola
890 5799 1031 5853 tertii
1063 5796 1249 5852 lrcnari
1280 5798 1400 5851 libri
1434 5796 1665 5851 lectione
1694 5805 1863 5862 patet.

2363 552 2441 603 vit
2478 550 2781 621 Ecclesiam
2815 550 3015 621 Dei,_et
3049 550 3325 621 Evangedi
3360 568 3575 605 cursum
3610 553 3927 613 retardavit,

2362 636 2472 674 non
2506 620 2687 673 minus
2719 634 2881 687 quam
2914 619 3042 673 olim
3068 619 3295 674 callidus
3328 630 3381 674 et
3418 621 3569 676 vafer
3611 634 3689 675 est
3726 622 3793 675 ad
3836 639 3929 675 ex-

2360 689 2611 759 citandos
2650 690 2783 742 tales
2811 690 3020 759 pugiles
3048 699 3103 743 et
3138 692 3525 759 agonothetas,
3569 693 3766 754 quibus
3809 692 3928 745 illos

2357 758 2702 840 supplantetl,‘
2726 762 2814 840 qui
2842 758 2902 813 se
2926 767 3118 840 optata
3174 758 3454 840 Evangelii
3508 761 3627 813 luce
3672 762 3929 840 indignos

2358 830 2624 897 prtebent.
2662 827 2795 893 Quis
2846 838 3065 896 putaret
3112 827 3348 897 unquam
3408 830 3523 883 fore
3571 841 3629 883 ut
3679 830 3929 885 homines

2357 900 2754 967 degenerarent
2786 898 2837 951 in
2865 900 3053 951 brutas
3092 898 3349 967 pecudes,
3383 908 3476 951 aut
3520 900 3701 966 potius
3746 903 3929 953 verte-

2359 977 2548 1020 rentur
2578 966 2630 1020 itt
2676 977 2943 1029 monstra,
2972 984 3093 1036 qua:
3129 983 3348 1022 onmem
3380 968 3621 1022 ferarum
3670 970 3926 1022 immani-

2357 1044 2565 1101 tatem,
2617 1038 3010 1105 turpitudinem
3066 1052 3128 1090 ac
3185 1038 3499 1104 spurciticm
3556 1038 3927 1105 superarent?

2354 1105 2517 1170 Quali
2539 1106 2684 1159 enim
2727 1106 2945 1160 nomine
2970 1107 3361 1176 appellabimus
3384 1122 3500 1169 eos,
3531 1109 3621 1176 qui
3656 1109 3735 1161 sic
3765 1124 3919 1161 usum

2359 1176 2594 1228 rationis
2627 1176 3003 1244 exstinguunt,
3054 1186 3111 1229 ttt
3151 1176 3342 1231 tollant
3376 1177 3665 1231 discrimen
3712 1178 3837 1231 boni
3868 1188 3923 1232 et

2353 1244 2610 1299 mali?Et
2645 1261 2767 1299 cum
2825 1245 3175 1312 impurissimi
3225 1256 3278 1300 et
3329 1246 3647 1314 nequissimi
3681 1247 3919 1311 fuerint,

2352 1325 2551 1383 negant
2572 1325 2749 1368 tamen
2780 1329 2838 1367 se
2865 1314 3027 1368 ullius
3052 1316 3377 1384 impuritatis
3406 1326 3499 1370 aut
3520 1316 3776 1384 nequitia!
3800 1332 3922 1371 reos

2351 1398 2508 1455 esse;
2549 1386 2639 1455 qui
2674 1383 3323 1455 nefandascupiditates,
3358 1385 3611 1439 libidines
3636 1426 3649 1449 ,
3692 1385 3918 1453 ﬂagitia,

2351 1454 2693 1509 scelera’sua
2724 1455 2834 1509 Deo
2870 1454 3114 1507 tribuunt
3144 1478 3154 1510 :
3188 1465 3242 1508 et
3274 1470 3395 1511 cunt
3422 1456 3655 1508 maxime
3683 1455 3922 1508 indulse-

2352 1526 2465 1577 rint
2526 1523 2812 1579 aﬂ'ectibus
2852 1524 3077 1589 carnis,
3138 1536 3301 1592 atque
3353 1525 3403 1577 in
3456 1525 3605 1577 omni
3660 1524 3916 1577 vitiorum

2347 1609 2499 1649 (εαξηο
2524 1609 2585 1649 se
2616 1593 3005 1662 provolverint,
3027 1592 3240 1659 jaCtaut
3269 1610 3327 1648 se
3356 1609 3475 1649 esse
3504 1593 3819 1661 spirituales
3849 1609 3913 1647 ac

2352 1665 2621 1730 perfectos
2653 1682 2666 1717 :
2694 1678 2793 1717 eos
2834 1678 2965 1716 vero
2999 1666 3090 1731 qui
3138 1664 3443 1727 sobrietati,
3480 1664 3827 1717 continentia:
3860 1675 3915 1716 ct

2352 1734 2577 1800 puritati
2617 1734 2856 1795 student,
2894 1742 3148 1801 tanquam
3174 1735 3338 1787 rudes
3372 1743 3427 1788 et
3476 1733 3673 1787 idiotas
3723 1734 3915 1787 sannis

2350 1813 2401 1856 et
2436 1803 2682 1857 ludibriis
2719 1812 3007 1869 proterunt
3052 1812 3105 1857 et
3135 1804 3450 1871 proculcant
3478 1802 3500 1855 ?
3528 1802 3594 1855 At
3632 1802 3770 1855 tales
3818 1819 3914 1857 no-

2348 1883 2462 1927 stro
2499 1882 2746 1939 tempore
2781 1872 3113 1941 exstiterunt
3162 1873 3408 1941 (utinam
3462 1887 3589 1926 vero
3636 1886 3701 1925 ne
3725 1873 3913 1934 adhuc

2348 1940 2601 2011 exstent)
2627 1941 2818 2010 quales
2846 1940 3083 1994 Ireuwus
3124 1943 3280 2009 primi
3314 1944 3436 1996 libri
3487 1943 3666 2009 capite
3712 1943 3909 2011 primo.

2349 2027 2510 2074 nono,
2556 2011 3034 2081 vigesimotertio,
3064 2022 3118 2065 et
3148 2013 3429 2073 trigesimo
3477 2016 3667 2081 quinto
3692 2011 3903 2081 descri-

2348 2083 2444 2135 bit.
2480 2080 2794 2147 Quid’euim
2824 2080 2993 2133 Satan
3037 2090 3355 2135 renascente
3374 2080 3762 2151 Evangelia”)
3796 2097 3911 2135 rno-

2346 2152 2474 2205 litus
2507 2166 2615 2206 non
2650 2160 2768 2212 est,
2810 2159 2866 2202 ut
2895 2151 3014 2216 ejus
3044 2166 3265 2204 cursum
3305 2158 3574 2205 averteret
3605 2160 3696 2203 aut
3735 2159 3913 2205 retar-

2345 2220 2541 2276 daret?
2569 2220 2777 2286 Quibus
2822 2225 3005 2273 autem
3055 2224 3222 2273 armis
3260 2231 3314 2275 ct
3348 2221 3614 2275 machinis
3649 2221 3719 2273 illi
3763 2221 3912 2275 obsi-

2344 2294 2594 2345 steudmn
2659 2290 2749 2351 sit,
2783 2290 2903 2356 pius
2957 2291 3046 2344 hic
3094 2292 3387 2359 episcopus
3441 2291 3645 2359 aliique
3695 2291 3909 2359 antiqui

2344 2363 2599 2415 doctores
2642 2374 2741 2413 nos
2789 2360 3036 2427 exemplo
3088 2375 3185 2414 suo
3231 2358 3553 2416 docuerunt.
3598 2358 3725 2413 Sola
3762 2358 3907 2413 enim

2344 2439 2585 2500 pugnant
2622 2428 2828 2501 Christi
2881 2430 3362 2501 apostolorumque
3408 2430 3651 2501 doctrina
3675 2427 3753 2501 (Ξ)
3786 2448 3799 2483 :
3840 2430 3907 2501 ad

2343 2498 2503 2567 quam
2539 2499 2721 2552 omnia
2762 2498 3041 2567 dogmata,
3065 2498 3387 2554 traditiones
3421 2514 3484 2553 ac
3518 2500 3653 2552 ritus
3686 2498 3909 2551 exami-

2344 2566 2497 2623 nant.
2536 2567 2671 2621 Nam
2710 2566 2855 2635 quod
2873 2566 3154 2634 jactabant
3198 2568 3482 2629 haeretici,
3518 2578 3576 2620 ut
3608 2567 3765 2621 hodie
3809 2584 3907 2620 su-

2344 2639 2719 2703 perstitionum
2767 2638 3011 2691 fautores
3050 2652 3114 2690 ac
3154 2640 3408 2706 patroni,
3444 2653 3503 2691 se
3536 2641 3604 2691 ab
3642 2638 3907 2705 apostolis

2343 2717 2653 2762 commenta
2690 2716 2744 2759 et
2780 2707 2969 2760 deliria
3004 2722 3100 2760 sua
3133 2708 3428 2775 accepisse,
3468 2708 3650 2762 statim
3678 2722 3745 2761 ex
3782 2706 3905 2760 illo-

2346 2793 2462 2830 rum
2495 2777 2712 2845 scriptis
2749 2775 2908 2829 facile
2938 2776 3224 2829 refutatur.
3258 2778 3411 2842 Quod
3445 2778 3608 2829 etiam
3642 2778 3906 2830 adversus

2344 2862 2535 2900 omnes
2568 2854 3031 2914 conspurcatores
3062 2846 3343 2915 religionis
3374 2846 3703 2901 Christiana
3748 2847 3900 2900 nobis

2342 2918 2581 2985 arbitror
2598 2930 2719 2969 esse
2746 2915 3073 2970 faciendum.
3092 2916 3143 2969 ld
3170 2931 3301 2970 vero
3322 2918 3517 2985 saepius
3540 2925 3801 2984 expertus
3823 2930 3899 2979 es,

2345 2988 2425 3039 vir
2457 2984 2780 3048 clarissime,
2812 2993 2868 3037 et
2902 2986 3078 3054 reipsa
3132 2987 3527 3051 comprobasti,
3562 2987 3779 3054 quoties
3808 2987 3902 3054 tibi

2344 3055 2615 3127 negotium
2635 3054 2755 3127 fuit
2784 3069 2907 3127 cum
2943 3053 3198 3108 fauaticis
3225 3063 3295 3127 et
3323 3053 3627 3127 praefractis
3662 3053 3903 3127 homini-

2344 3123 2468 3189 bus,
2499 3124 2591 3192 qui
2632 3123 2909 3178 Ecclesias
2946 3135 3162 3178 vestras
3193 3123 3410 3179 assidue
3439 3126 3755 3179 turbabant.
3790 3123 3907 3179 Hoc
3960 3160 3963 3164 ι

2339 3209 2444 3276 ego
2471 3209 2663 3262 magna
2700 3208 2763 3246 ex
2800 3202 2953 3273 parte
2983 3195 3170 3248 testari
3203 3207 3445 3276 possunt,
3466 3197 3555 3276 qui
3593 3196 3705 3276 ipse
3730 3193 3906 3276 adfui,

2340 3263 2470 3327 vidi,
2508 3278 2571 3318 ac
2603 3263 2851 3333 perspexi
2886 3278 2993 3331 qua
3043 3280 3170 3318 cura
3218 3274 3273 3317 et
3309 3264 3593 3333 vigilantia
3628 3263 3904 3333 Ecclesia-

2340 3350 2483 3400 rum,
2519 3330 2944 3403 quibtts'prtees,
2974 3335 3092 3400 paci
3114 3330 3455 3397 consulerés,
3480 3345 3688 3402 quanto
3720 3330 3905 3403 studio

2342 3415 2451 3457 tum
2488 3402 2556 3458 ab
2591 3404 2769 3472 impiis
2806 3402 3018 3465 ritibus,
3047 3413 3160 3457 tum
3201 3404 3269 3455 ab
3302 3407 3583 3456 erroribus
3618 3402 3905 3471 anabapti-

2338 3484 2544 3527 starum
2572 3474 2660 3542 qui
2692 3474 3043 3540 irrepserant,
3082 3486 3411 3541 repurgares
3438 3494 3448 3527 :
3479 3472 3584 3540 qua
3610 3473 3904 3542 sedulitate

2339 3558 2565 3607 pacares
2590 3540 2786 3595 turbas
2821 3550 2875 3595 et
2923 3540 3187 3605 dissidia,
3243 3545 3360 3609 sive
3400 3542 3543 3595 inter
3598 3551 3754 3605 tuos,
3787 3540 3904 3595 sive

2338 3617 2480 3667 inter
2502 3623 2718 3667 exteros
2764 3623 2951 3665 exorta
3004 3621 3205 3666 essent.
3255 3611 3388 3665 Nam
3443 3623 3706 3680 quantum
3759 3611 3811 3680 in
3848 3618 3904 3664 te

2338 3683 2459 3747 fttit,
2501 3682 2914 3751 peregrinorum
2949 3681 3242 3751 AEcclesias
3283 3697 3403 3751 qua:
3445 3679 3675 3734 Londini
3724 3679 3900 3736 Elis:-

2337 3749 2516 3807 hethaé
2558 3749 2758 3820 regium
2792 3749 3059 3805 beneficio
3091 3749 3339 3807 collectis
3375 3760 3522 3814 sunt,
3557 3766 3664 3804 non
3690 3758 3899 3803 tantum

2339 3824 2472 3875 roris
2516 3832 2695 3876 sartas
2726 3830 2779 3874 et
2806 3830 2978 3874 textas
3005 3823 3260 3886 servasti,
3292 3821 3385 3876 sed
3416 3821 3560 3873 intus
3592 3837 3620 3873 a
3656 3829 3825 3884 metu,
3867 3833 3897 3871 a

2337 3892 2562 3949 dissidio
2593 3902 2646 3945 et
2670 3891 2939 3944 divisione
2964 3890 3241 3945 reddidisti
3274 3892 3565 3944 immunes.
3589 3888 3897 3943 Cobibuisti

2337 3962 2666 4015 temerarios
2710 3960 2958 4013 homines
3004 3969 3059 4013 et
3092 3961 3315 4028 cupidos
3370 3974 3552 4013 rerum
3608 3973 3901 4028 novarum,

2338 4031 2648 4099 rcpressisti
2680 4030 2976 4084 insolentes
3008 4040 3064 4083 ct
3112 4026 3456 4098 praefractos,
3489 4030 3744 4099 domuisti
3788 4026 3903 4099 ela-

2336 4098 2443 4163 tos,
2478 4102 2729 4154 innoxios
2762 4108 2965 4152 tutatus
2988 4115 3067 4163 es,
3095 4102 3295 4155 sedasti
3336 4102 3485 4169 rixas
3515 4109 3568 4152 et
3591 4098 3768 4165 iurgia
3798 4098 3897 4169 (3),

2334 4174 2567 4238 denique
2598 4180 2649 4238 te
2686 4185 2812 4223 vere
2847 4170 3104 4223 lremeum
3148 4181 3201 4223 et
3250 4168 3669 4237 tranquillitatis
3719 4168 3900 4221 fauto-

2336 4258 2447 4295 rem
2481 4234 2800 4309 'pr2ebuisti.
2852 4238 2975 4292 Haec
3017 4254 3116 4307 ego
3158 4234 3458 4309 praeterire
3487 4239 3744 4302 silentio,
3802 4244 3902 4292 aut

2334 4308 2687 4365 dissimulare
2738 4310 2943 4377 absque
2984 4308 3183 4375 ingrati
3236 4310 3402 4362 animi
3437 4308 3570 4361 vitio
3612 4323 3737 4361 nou'
3768 4321 3899 4376 pos-

2332 4397 2491 4434 sem:
2554 4396 2677 4434 cum
2742 4380 3018 4433 maximus
3064 4379 3278 4433 illarum
3331 4379 3727 4441 molestiarum,
3760 4392 3899 4446 quas

2334 4452 2626 4519 aliquando
2658 4451 2988 4504 nostratium
3022 4463 3186 4504 causa
3222 4449 3422 4515 tulisti,
3461 4447 3670 4501 fructus
3711 4448 3776 4500 ad
3814 4463 3898 4501 me

2335 4522 2579 4575 redierit.
2608 4520 2740 4573 Nam
2789 4528 2840 4573 ct
2875 4522 3120 4588 purgatis
3158 4521 3225 4572 ab
3271 4521 3550 4572 erroribus
3594 4530 3761 4585 Opera
3803 4526 3895 4570 tua

2335 4592 2749 4664 peregrinorum
2805 4588 3093 4653 Ecclesiis,
3138 4599 3213 4664 et
3266 4590 3472 4664 sedatis
3529 4590 3707 4642 turbis
3761 4603 3898 4664 quas

2334 4656 2489 4713 inulti
2522 4661 2919 4719 excitaverant,
2954 4670 3013 4713 et
3054 4656 3241 4726 quiete
3276 4659 3482 4724 majore
3513 4668 3568 4710 et
3600 4672 3734 4726 pace
3761 4656 3899 4710 libe-

2335 4733 2479 4783 riore
2512 4731 2651 4797 apud
2684 4744 2778 4782 vos
2817 4729 2895 4781 usi
2927 4725 3133 4786 sumus.
3165 4728 3357 4781 Merito
3395 4729 3560 4794 igitur
3608 4737 3659 4779 te
3692 4725 3898 4797 Irenzeo

2334 4796 2616 4868 comparo,
2646 4814 2808 4867 quem
2836 4799 3024 4851 iisdem
3063 4802 3115 4851 itt
3167 4797 3726 4868 negotiisdihgeuter
3748 4796 3906 4868 .imi~

2335 4864 2479 4924 tatus
2504 4885 2563 4922 es
2598 4884 2612 4920 :
2653 4864 2817 4937 atque
2844 4871 3047 4939 optimo
3073 4868 3220 4939 jure
3243 4864 3347 4939 tibi
3374 4864 3541 4939 υπεῖο
3594 4866 3897 4939 nosttasin

2332 4940 2450 5008 ejus
2484 4941 2683 4994 libruut
2730 4938 2947 5006 vigilias
2977 4948 3031 4992 et
3082 4938 3533 5001 lucubrationes,
3584 4950 3705 5003 qua?
3753 4938 3894 5004 grati

2332 5025 2461 5079 erga
2499 5020 2549 5062 te
2578 5021 2633 5065 et
2668 5010 2924 5079 memoris
2954 5009 3121 5061 animi
3174 5010 3277 5060 mei
3306 5017 3475 5061 testes
3506 5021 3628 5060 esse
3663 5008 3892 5072 possint.

2335 5077 2467 5133 Nam
2501 5095 2624 5134 cum
2657 5089 2709 5133 te
2739 5077 3104 5132 Ecclesiarum
3142 5084 3451 5131 nostrarum
3498 5087 3790 5144 patronum
3841 5085 3898 5130 et

2335 5160 2570 5204 tutorem
2604 5149 2913 5219 prtebueris
2945 5150 3209 5219 adversus
3249 5149 3493 5202 Satanas-
3518 5157 3587 5219 et
3625 5145 3892 5219 pestilen-

2334 5222 2475 5272 tium
2501 5216 2779 5274 hominum
2812 5219 3077 5282 insidias,
3123 5218 3214 5286 qui
3262 5228 3392 5271 tunc
3441 5218 3736 5286 perniciem
3789 5216 3897 5285 illis

2333 5290 2725 5353 moliebantur,
2771 5301 2986 5357 asquum
3017 5296 3102 5342 est
3147 5303 3271 5343 meo
3307 5297 3363 5341 et
3412 5290 3740 5341 nostratium
3796 5301 3897 5341 no-

2334 5362 2479 5415 mine
2510 5361 2604 5413 tibi
2643 5360 2848 5430 gratias
2879 5359 2992 5428 agi,
3030 5368 3195 5425 atque
3227 5359 3406 5430 etiam
3460 5358 3897 5430 Londiniensibtas

2335 5432 2458 5497 tuis,
2501 5428 2731 5498 quorum
2768 5431 3191 5491 humanitatem,
3225 5428 3643 5483 beneficentiam
3667 5438 3720 5482 et
3762 5428 3898 5482 libs-

2405 5574 2484 5645 (3)
2526 5570 2696 5638 Quam
2732 5571 2877 5645 belle
2904 5571 3048 5645 rixas
3095 5586 3283 5645 omnes
3318 5571 3370 5624 itt
3402 5570 3591 5641 Anglia
3623 5573 3895 5626 sedaverit

2337 5642 2671 5702 Grimlatlus,
2707 5659 2823 5709 qua:
2851 5642 3106 5709 deimeps
3130 5642 3179 5693 itt
3217 5646 3318 5697 hoc
3354 5656 3516 5710 regno
3544 5648 3765 5711 peracta
3796 5656 3893 5696 uo-

2326 5716 2526 5777 Vituua,
2560 5714 2791 5767 feliciter
2820 5716 3067 5783 probant.
