4230 6322
711 397 737 449 Ι
746 396 850 450 350

1864 392 2375 451 PROLEGOMENA
2419 390 2778 448 νΑιιιοΒωι

3833 380 3968 435 1540

699 511 920 573 fructu,
967 510 1227 567 Ecclesia:
1265 522 1321 567 et
1352 513 1663 581 reipublicae
1698 514 1974 567 tribuuitia
2008 523 2280 581 potestate
2312 514 2358 569 Α
2391 512 2602 565 Brando
2634 520 2860 579 parente
2892 520 2994 564 tuae
3026 509 3379 581 prastantix,
3411 523 3473 563 ea
3505 507 3715 568 omnia,
3748 502 3841 581 Del
3874 504 3970 581 be-

701 593 767 635 et
815 582 1139 635 auctoritate
1186 583 1406 651 polles),
1464 584 1769 650 vigilantia,
1827 582 1951 645 ﬁde,
2003 584 2277 642 consiliis,

699 651 975 705 industria
1005 666 1185 721 ,rvera
1232 654 1396 705 animi
1445 653 1816 721 magnitudine
1868 662 1923 704 et
1970 654 2276 705 constantia

696 735 969 787 nusquam
1008 720 1137 773 dees
1163 736 1177 773 :
1202 720 1680 776 academiamvero
1714 721 2105 784 Basileensetn,
2136 738 2281 775 sem-

696 790 974 860 piternum
1028 800 1083 843 et
1133 790 1566 857 incomparabile
1624 793 1824 860 regina:
1879 792 2031 845 urbis
2084 800 2282 845 vestrae

696 858 887 929 decus,
922 861 973 911 in
1003 860 1161 927 cujus
1186 860 1396 928 gremio
1419 870 1474 913 et
1505 858 1827 929 complexu,
1868 861 2170 915 liberalium
2197 860 2281 912 di-

695 928 1081 993 sciplinarum,
1113 931 1314 983 vete‘ris
1362 928 1643 993 historiae,
1678 931 2009 995 linguarum,
2042 940 2099 983 et
2136 929 2275 997 juris

692 997 877 1050 civilis
904 999 1301 1063 cngnitionem,
1330 1015 1599 1064 usumque
1623 1016 1880 1067 magnum
1911 1002 2009 1053 tibi
2048 1014 2277 1067 compa-

690 1068 910 1130 ravisti,
943 1076 1126 1135 postea
1158 1084 1320 1137 quam
1354 1070 1665 1135 reipublicae
1694 1069 2061 1137 gubernacula
2092 1070 2279 1123 mode-

695 1137 867 1188 randa
892 1138 1203 1203 suscepisti,
1240 1154 1428 1192 amore
1453 1148 1509 1192 et
1535 1139 1843 1207 patrocinio
1892 1150 2006 1203 tuo,
2060 1139 2273 1207 profes-

694 1218 849 1259 sores
882 1221 1011 1259 vero
1040 1208 1282 1259 omnium
1316 1206 1565 1261 ordinum
1593 1218 1649 1262 et
1681 1206 2003 1261 facultatum
2035 1206 2274 1263 benevo-

696 1274 863 1347 lentia
896 1286 953 1328 et
980 1275 1313 1347 liberalitate
1335 1292 1397 1330 ea
1438 1280 1806 1347 prosequeris,
1834 1292 1938 1345 qua
1966 1279 2112 1347 digni
2146 1288 2277 1332 sunt

695 1345 797 1396 viri
843 1345 1087 1412 ingenio,
1135 1345 1446 1412 virtutibus,
1484 1345 1775 1417 sapientia,
1820 1359 1876 1401 et
1918 1345 2065 1401 omni
2103 1364 2275 1401 orna-

694 1423 1006 1467 mentOrnm
1053 1430 1251 1481 genere
1302 1417 1770 1482 praestantissimi.
1833 1417 1956 1470 Haec
2012 1418 2273 1471 nimirum

693 1496 858 1537 causa
892 1493 975 1536 est
1012 1494 1231 1549 propter
1271 1500 1456 1552 quam,
1495 1483 1636 1539 sicut
1670 1487 1798 1540 olim
1828 1486 2051 1539 Darium
2082 1486 2275 1541 Persa-

693 1565 813 1604 rum
890 1567 1070 1625 regem
1114 1552 1295 1625 ferunt
1346 1564 1425 1607 tot
1491 1552 1738 1625 Zopyros
1791 1556 2095 1624 optavisse,
2138 1566 2274 1624 quot

693 1635 865 1695 grana
915 1621 968 1695 in
1009 1621 1241 1695 _Punicis
1273 1626 1434 1678 malis
1463 1621 1887 1695 conspiciuntur
1918 1640 1934 1679 :
1969 1627 2041 1679 ita
2080 1621 2270 1694 optimi

692 1690 896 1759 quique
922 1692 1019 1744 viri
1048 1700 1104 1765 et
1153 1694 1293 1765 amid
1321 1710 1437 1758 vos,
1466 1703 1520 1747 et
1549 1690 1830 1765 in'vicinia
1871 1695 2088 1765 inclyta:
2116 1690 2274 1748 urbis

693 1769 911 1821 vestrae,
958 1761 1157 1815 multos
1199 1762 1526 1817 Theodoros
1578 1774 1630 1819 et
1672 1761 1997 1818 Bernardos'
2024 1764 2273 1819 Braudos

2390 582 2585 635 nelicio
2610 572 2901 645 singulari,
2931 572 3145 635 abunde
3178 583 3227 633 in
3256 572 3387 643 lilio,
3409 594 3513 632 non
3548 586 3760 630 tantum
3798 572 3965 645 facul-

2388 661 2585 714 tatum,
2636 644 2729 705 sed
2782 644 2949 723 etiam
2997 652 3253 723 virtutum
3312 658 3669 723 paternarum
3711 644 3956 723 _literede,

2387 731 2736 787 compensata
2769 736 2893 775 esse
2936 720 3257 788 intelligant,
3312 720 3585 784 Deumque
3613 720 3879 788 optimum
3910 721 3961 764 ct

2387 785 2683 864 maximum
2704 791 3004 864 celebrent,
3033 785 3174 857 quod
3196 799 3481 864 opera_tu_a
3502 795 3556 840 et
3578 785 3815 864 aliorum
3836 795 3959 864 gr:-

2385 862 2731 913 vissinmrnm
2766 851 3143 923 virorunifae
3194 851 3246 912 iri
3303 859 3497 923 primis
3545 854 3723 908 amnis
3772 851 3849 923 tui
3895 851 3958 904 Β.

2386 929 2605 983 llenriei
2649 930 2817 991 Petri,
2868 931 2969 983 viri
3020 931 3085 983 de
3130 922 3406 995 republica
3447 935 3654 995 vestra,
3700 931 3758 995 e_t
3794 922 3861 973 de
3903 936 3959 972 re

2384 1000 2652 1053 litteraria
2685 1001 2943 1067 prmelare
2968 1000 3147 1052 meriti
3179 991 3284 1051 non
3312 1007 3522 1049 tantum
3553 991 3833 1067 sbvojstav,
3869 1004 3961 1044 so-

2382 1070 2635 1124 rietatem
2661 1062 2715 1123 et
2736 1071 3190 1140 tranquillitatem
3214 1064 3772 1140 politicam,__jndieia,
3794 1062 3963 1140 leges,

2382 1142 2579 1213 civium
2608 1133 2981 1213 concordiam,
3008 1139 3159 1213 urbis
3190 1133 3461 1213 deetts,_et
3499 1134 3833 1213 libertatem,
3867 1133 3960 1210 sed

2379 1211 2545 1264 etiam
2587 1212 2935 1264 sanctissima
2984 1208 3164 1262 studia
3204 1218 3257 1261 et
3301 1207 3541 1275 optimas
3572 1214 3717 1256 artes
3747 1207 3799 1255 in
3830 1207 3952 1275 qui-

2380 1283 2480 1335 bus
2514 1292 2664 1346 grata
2716 1281 2781 1333 de
2828 1283 2937 1334 Deo
2978 1280 3120 1333 lautia
3161 1273 3349 1346 sparsa
3384 1284 3482 1334 est.
3524 1274 3733 1346 fovere,
3769 1273 3956 1323 mode-

2380 1342 2537 1415 rari;
2566 1351 2727 1411 tueri,
2778 1351 2927 1405 velut
2975 1342 3294 1418 pnnclaram
3344 1346 3639 1418 quamdam
3672 1342 3956 1418 Spartam:

2378 1408 2597 1486 dignam
2646 1408 2840 1488 iu'qna
2874 1408 3189 1473 exornanda
3227 1408 3375 1490 boui
3409 1415 3541 1490 viri_
3566 1412 3850 1490 labozent.‘
3890 1408 3957 1460 ad

2379 1482 2767 1558 posteritatem
2792 1492 3168 1543 transmittere
3208 1487 3479 1558 dignatur.
3498 1483 3663 1558 _Faxit
3699 1482 3961 1558 Dominus

2380 1546 2562 1612 noster
2593 1558 2754 1613 Jcsns
2778 1558 3050 1623 Christus,
3088 1568 3142 1609 ut
3184 1546 3302 1610 haec
3342 1553 3648 1627 reipublicae
3684 1560 3739 1604 et
3774 1546 3962 1627 Eccle-

2377 1630 2470 1682 size
2503 1630 2642 1682 bona
2676 1640 2728 1682 et
2758 1616 3077 1683 ornamenta
3115 1627 3366 1681 diuturna
3399 1616 3550 1696 sint,
3582 1631 3636 1676 et
3674 1636 3795 1673 eum
3837 1616 3970 1696 aliis

2414 1698 2599 1757 olitiis,
2650 1699 2972 1759 academiis,
3000 1709 3056 1751 et
3098 1696 3300 1751 Christi
3328 1693 3587 1747 Ecclesiis
3622 1693 3957 1745 communia.

2414 1715 2599 1757 OlllllS,
2650 1715 2972 1759 aeaaemtts,
3000 1715 3056 1751 Cl.
3098 1715 3300 1751 ωιτιιιι
3328 1715 3587 1747 LCCICSIIS
3622 1715 3957 1745 CUIIIIIquIa.

2378 1715 2521 1821 [lene
2560 1768 2700 1827 vale,
2737 1778 3060 1837 perpetuum
3096 1768 3423 1837 patrimtuae
3451 1771 3859 1837 ornamentum,
3906 1764 3963 1807 et

691 1825 917 1909 Basilea:
935 1842 1129 1909 vestrae
1158 1848 1203 1909 a_
1223 1831 1332 1885 Deo
1368 1843 1575 1886 aeterno
1598 1844 2038 1909 comprecentur,
2076 1834 2257 1909 et_sibi
2295 1858 2336 1909 Β
2371 1844 2632 1897 ιτθιιωιιιιι
2667 1825 2928 1909 opiimiun
2955 1825 3277 1909 scriptorem
3303 1834 3355 1885 in
3388 1832 3651 1909 [annnam
3683 1830 3959 1909 {idem-que

690 1899 1036 2020 gratulentur
1064 1900 1203 1967 quod
1235 1916 1295 1953 ea
1326 1917 1446 1968 quae
1477 1899 1849 1971 superioribus
1878 1904 2037 1956 anuis
2071 1903 2253 1962 reipu-

733 1967 851 2020 licte
904 1968 1205 2020 Basileensi
1260 1973 1644 2020 decesserunt.
1700 1970 1955 2020 defuncto
2006 1974 2107 2020 hac
2146 1974 2253 2020 vita

733 1967 851 2020 lica!
904 1968 1205 2022 Basileensi
1260 1967 1644 2030 deéesseru’nt.
1700 1970 1955 2025 defuncto
2006 1974 2107 2027 hac
2146 1974 2253 2025 vita

688 2038 878 2104 patria:
910 2049 1063 2108 patre
1087 2050 1141 2093 et
1163 2042 1383 2095 console
1417 2042 1844 2109 prudentissimo
1882 2042 1945 2095 Ι).
1976 2040 2260 2098 Theodoro

2370 1894 2514 1966 inani
2542 1894 2783 1977 εὑτυχὶῖις
2803 1917 2855 1961 et
2879 1894 3243 1962 sereno-vultu
3273 1903 3554 1970 suscipito.
3583 1898 3793 1967 Scripsi
3834 1894 3959 1948 Kal.

2372 1980 2571 2050 Aprilis
2608 1992 2835 2033 Ιοωιι.

1885 2265 2299 2355 JACOBI
2382 2266 2757 2355 BILLII

888 2416 977 2474 De
1001 2431 1113 2474 sua
1141 2415 1429 2491 priorum
1465 2416 1537 2475 18
1570 2412 1692 2495 (21)
1727 2417 1953 2479 11⁵6Πωί
1988 2419 2268 2558 capitam
2314 2421 2733 2509 translatione
2757 2464 2773 2490 ,
2816 2419 3084 2497 suisque
3122 2420 3183 2479 in
3232 2418 3451 2479 eadem
3486 2413 3752 2475 sclioliis

2128 2514 2161 2558 a
2214 2511 2507 2558 monitio.

2128 2511 2507 2562 admonitio.

762 2592 873 2645 Etsi
909 2600 1121 2644 veteres
1159 2590 1475 2647 Graecorum
1505 2595 1881 2662 theologorum
1916 2595 2267 2663 interpretes,

692 2677 887 2731 magna
928 2676 994 2714 ex
1043 2672 1223 2729 parte,
1270 2665 1394 2715 dum
1430 2667 1653 2716 verbum
1688 2666 1851 2717 verbo
1894 2666 2125 2719 reddere
2154 2677 2269 2718 stn-

689 2735 843 2792 dent,
878 2746 985 2784 non
1018 2732 1155 2784 satis
1186 2732 1467 2800 eleganter
1511 2735 1653 2801 quod
1690 2734 1875 2788 volunt
1924 2736 2264 2801 exprimunt,

689 2801 802 2853 imo
839 2802 1005 2855 etiam
1059 2801 1382 2868 plerumque
1436 2801 1623 2857 Graeca
1684 2819 1791 2855 non
1841 2816 2262 2871 assequuntur:

689 2880 871 2925 tamen
901 2886 994 2923 eos
1036 2871 1119 2925 vel
1162 2872 1263 2925 hoc
1290 2888 1397 2925 uno
1429 2874 1646 2927 nomine
1690 2888 1797 2925 non
1830 2889 2056 2942 prorsus
2108 2890 2266 2942 repn-

686 2942 924 3011 diandos
949 2950 1003 2992 et
1032 2944 1407 3008 aspernandos
1438 2958 1559 2996 esse
1584 2958 1801 3011 semper
1828 2944 2092 3007 jndicavi,
2119 2944 2266 3011 quod

686 3009 1118 3083 innumerabiles
1148 3011 1411 3075 maculas,
1444 3028 1565 3081 qua:
1599 3009 2061 3082 typographorum
2096 3009 2267 3083 negli-

683 3082 883 3149 gentia
908 3080 1144 3149 optimos
1179 3095 1423 3148 quosque
1448 3080 1707 3149 auctores
1736 3080 2100 3149 occuparunt,
2133 3080 2265 3136 con-

684 3138 847 3202 sultis
875 3138 983 3201 illis
1026 3138 1431 3218 promptissime
1460 3138 1636 3206 deleri
1679 3165 1839 3221 posse
1866 3138 2109 3221 βετωεερὸ
2140 3168 2263 3206 sum
2297 3138 2341 3196 ο

684 3231 967 3293 expertus.
1010 3221 1122 3293 Qua
1169 3221 1406 3293 quidem
1440 3222 1493 3274 in
1540 3224 1829 3293 sententia,
1861 3223 1916 3293 _si
1964 3224 2008 3276 is
2046 3238 2264 3293 quoque

686 3286 903 3360 fuisset,
942 3292 1032 3360 qui
1062 3286 1361 3360 oetojlet-im
1396 3291 1509 3344 litee
1544 3292 1715 3359 prima
1764 3292 1825 3346 υ,
1858 3290 2044 3346 lrenaei
2066 3286 2260 3360 'cap'ita

686 3370 796 3410 non
830 3358 901 3410 ita
939 3359 1147 3425 pridem
1178 3356 1474 3415 Latinitate
1506 3356 1750 3427 donavit,
1791 3377 1901 3416 non
1939 3374 2046 3416 tam
2082 3356 2260 3431 turpi-

2384 2609 2466 2653 ter
2518 2610 2573 2653 et
2626 2599 2687 2651 lla
2733 2598 2889 2653 itiose
2944 2607 3021 2652 tot
3073 2596 3207 2650 locis
3264 2597 3446 2664 lapsus
3507 2595 3747 2647 luisset:
3801 2595 3966 2662 idque

2384 2670 2567 2719 notius
2598 2616 2918 2719 studuisset.
2962 2678 3021 2719 ut
3053 2681 3117 2719 ex
3154 2668 3459 2719 emendatis
3506 2663 3717 2717 Latinis
3762 2664 3966 2719 depra-

2381 2670 2567 2737 potius
2598 2663 2918 2732 studuisset,
2962 2678 3021 2721 ut
3053 2681 3117 2720 ex
3154 2663 3459 2737 emendatis
3506 2663 3717 2717 Latinis
3762 2664 3973 2737 depra-

2378 2734 2500 2790 vata
2538 2739 2748 2798 Graeca,
2782 2753 2943 2805 quam
2972 2752 3038 2791 ex
3084 2736 3361 2804 corruptis
3413 2734 3618 2805 Graecis
3667 2735 3961 2805 emendata

2376 2806 2569 2860 Latina
2619 2802 2946 2875 corrigeret.
2977 2806 3131 2872 Quod
3162 2802 3433 2874 quoniam
3483 2804 3662 2857 facere
3694 2802 3961 2870 neglexit,

2378 2891 2478 2945 ego
2502 2878 2686 2929 amico
2718 2878 2959 2938 cuidam,
2986 2887 3045 2929 ut
3074 2891 3133 2929 ea
3170 2877 3345 2928 denuo
3375 2884 3644 2928 verterem
3678 2888 3705 2923 a
3745 2887 3829 2923 me
3856 2887 3965 2938 po-

2377 2947 2628 3007 stulanti,
2666 2947 2805 2999 hanc
2830 2948 3269 3013 qualemcunque
3299 2959 3517 3012 operam
3544 2947 3816 3010 denegare
3847 2957 3959 2993 non

2376 3018 2547 3083 potui.
2588 3017 2916 3069 Brevissima
2957 3016 3122 3069 etiam
3153 3014 3358 3068 scholia
3400 3014 3597 3080 adjeci,
3642 3027 3705 3064 ex
3756 3013 3966 3078 quibus

2377 3086 2637 3154 proclive,
2671 3086 2723 3139 ni
2763 3086 2939 3150 fallor,
2971 3086 3075 3137 erit
3110 3085 3435 3151 intelligere,
3475 3097 3560 3135 me
3609 3096 3715 3136 non
3750 3092 3966 3154 temere

2377 3149 2543 3209 inulta
2578 3157 2739 3223 paulo
2777 3149 2937 3209 aliter
2985 3164 3148 3222 atque
3185 3149 3324 3222 apud
3357 3154 3714 3223 Epiphanium
3748 3149 3963 3223 haben-

2371 3234 2484 3347 ;ur,
2532 3221 2901 3294 interpretari.
2965 3221 3118 3293 Vale,
3168 3221 3485 3282 Christiane
3532 3222 3723 3291 lector,
3774 3229 3829 3274 et
3867 3221 3965 3274 his

2396 3310 2575 3347 ruere.

2396 3310 2575 3350 I'UCI'C.

1543 3585 2164 3673 FRANCISCI
2247 3580 3083 3671 FEUARDENTII

1078 3733 1510 3795 Commonitio
1542 3735 1613 3795 ad
1659 3734 1929 3796 lectores
1960 3735 2036 3797 de
2062 3754 2177 3797 sua
2208 3736 2500 3814 quinque
2540 3733 2851 3796 librorum
2888 3732 2961 3792 D.
2991 3732 3218 3793 lromei
3256 3730 3564 3793 editione.

736 3855 835 3911 .En
885 3852 1412 3926 beatissimiiléatris
1440 3863 1493 3909 et
1517 3857 1777 3926 martyris
1812 3857 1995 3910 Ιταηεί
2020 3858 2264 3926 quinque

680 3928 878 3987 libros,
918 3926 1097 3977 denuo
1128 3925 1373 3988 collatos,
1409 3925 1757 3987 emendatos,
1796 3936 1850 3978 et
1897 3928 2264 3994 locupletatus

680 4012 818 4050 nova
853 3995 1114 4057 editione,
1150 3994 1203 4046 in
1244 3994 1519 4061 publicam
1566 3997 1933 4049 studiosorum
1970 3997 2261 4049 utilitatem

680 4066 1007 4118 eudttimus.
1044 4065 1193 4129 Quos
1236 4064 1337 4116 etsi
1382 4064 1602 4131 quidam
1651 4067 1832 4117 adhuc
1884 4067 2259 4127 subdubitent.

679 4134 869 4191 Gmce
921 4135 989 4186 ab
1042 4143 1264 4186 auctore
1304 4134 1603 4201 eleganter,
1645 4136 1804 4203 idque
1842 4146 1966 4189 ante
2013 4135 2159 4187 mille
2208 4144 2261 4189 et

680 4204 1111 4267 qnzulringenlos
1146 4218 1339 4265 atinos,
1386 4206 1750 4269 conscriptos,
1780 4212 1837 4256 et
1868 4204 1919 4256 in
1947 4220 2059 4257 rem
2097 4207 2260 4259 totius

681 4274 941 4328 Ecclesia:
969 4272 1253 4339 catholicam
1290 4272 1532 4339 Vulgatos
1566 4274 1752 4337 luisse,
1789 4289 1895 4325 non
1950 4276 2261 4327 dubitanms

679 4352 863 4398 tamen
897 4344 953 4413 id_
976 4344 1185 4395 cunctis
1213 4358 1535 4409 persuasum
1571 4344 1660 4413 iri,
1690 4345 1781 4411 qui
1815 4353 1893 4397 tot
1924 4344 2079 4411 longa
2108 4358 2261 4413 egre-

720 4416 878 4479 iaque
933 4411 1263 4481 fragmenta,
1367 4428 1445 4465 me
1496 4429 1563 4467 ex
1605 4412 1931 4483 Epiphanio,
1989 4411 2261 4473 Eusebio,

720 4484 1053 4537 ’lieodoreto.
1090 4493 1142 4535 et
1172 4480 1295 4533 aliis
1326 4427 1523 4537 graece
1562 4488 1628 4535 ad
1677 4484 1900 4536 verbum
1933 4498 1998 4536 ex
2040 4493 2261 4537 auctore

732 4480 1053 4545 beodoreto,
1090 4493 1142 4535 et
1172 4480 1295 4533 aliis
1327 4480 1523 4537 Graece
1562 4488 1628 4535 ad
1654 4480 1900 4536 verbum
1933 4498 1998 4536 ex
2040 4493 2265 4537 auctore

680 4554 1013 4618 transcripta
1058 4562 1111 4604 et
1144 4553 1367 4619 scriptis
1401 4554 1513 4605 suis
1543 4556 1817 4620 quondam
1863 4554 2092 4615 inserta,
2134 4562 2189 4605 et
2236 4566 2264 4605 a

680 4623 843 4675 nobis
870 4621 1193 4688 Opportunis
1220 4622 1356 4673 locis
1377 4623 1624 4685 recitata,
1651 4639 1713 4675 ac
1745 4622 1893 4675 velut
1932 4622 2267 4690 posdiminio

678 4692 857 4745 eidem
892 4691 1165 4760 restituta,
1196 4692 1422 4760 attentis
1453 4694 1650 4747 animis
1672 4693 2056 4760 expenderint.
2088 4692 2265 4745 Acce-

680 4762 759 4831 dit
794 4759 1173 4831 gravissimum
1208 4757 1267 4812 D.
1305 4761 1621 4831 llieronymi
1681 4757 2057 4817 testimonium
2085 4763 2137 4823 ⁸.
2173 4762 2264 4831 qui

608 4864 611 4865 ν
678 4828 889 4883 Grzecis
919 4829 1184 4881 librorum
1223 4828 1674 4899 inscriptionibus
1705 4834 1774 4886 ab
1806 4840 2030 4885 auctore
2061 4828 2221 4886 editis
2248 4870 2264 4893 ,

684 4910 739 4971 et
792 4915 817 4947 a
866 4900 1247 4971 superioribus
1278 4898 1530 4971 l‘atrtbus
1569 4904 1832 4971 probatis,
1889 4902 2143 4971 Ἐλέγχου
2172 4902 2266 4955 καὶ

674 4966 994 5041 ἀνατροπῆς
1005 4969 1107 5041 τῆς
1123 4968 1477 5041 ψευδωνύμου
1492 4966 1743 5039 γνώσεως
1760 4971 1938 5041 βιϐλία
1961 4966 2142 5035 nevira,
2167 4974 2267 5025 lle-

675 5038 1042 5108 preltcust'onis
1086 5056 1145 5091 ac
1191 5038 1470 5093 eversionis
1508 5043 1641 5108 falso
1684 5038 1975 5095 nominata:
2016 5044 2259 5097 scicntia:

676 5107 802 5160 libri
850 5109 1101 5179 quinque,
1159 5108 1394 5179 aliisque
1446 5107 1728 5179 permotus
1785 5113 2087 5167 rationibus
2140 5128 2263 5165 eum

680 5179 823 5231 inter
857 5178 1153 5245 scriptores
1182 5176 1404 5231 Grzecos
1436 5176 1778 5241 annumerat.
1817 5191 1873 5235 et
1909 5182 2097 5237 Graece
2120 5183 2263 5235 seri-

676 5248 849 5327 psisse
876 5262 981 5300 non
1014 5250 1260 5327 ambigi.
1292 5251 1572 5327 accedunt
1603 5252 1815 5327 phrasis
1850 5252 2006 5327 pla_ne
2036 5252 2280 5327 Graeca,

679 5318 1289 5390 inlumeraidietiones,
1319 5318 1614 5389 formaeque
1644 5318 1893 5390 loquendi
1924 5322 2136 5376 Latinis
2158 5338 2263 5375 non

676 5390 932 5451 υείιιιιίυ;
969 5386 1144 5461 Graeci
1199 5399 1452 5442 auctores
1503 5386 1611 5442 tam
1642 5386 1809 5444 divini
1844 5409 2015 5461 quam
2042 5393 2262 5445 humani

679 5472 920 5528 persa‘pe
944 5458 1012 5528 a_d
1038 5458 1259 5510 verbum
1292 5460 1466 5522 citati,
1501 5476 1774 5527 nunquam
1800 5458 1929 5517 vero
1962 5463 2169 5527 Latini;
2206 5474 2265 5516 ut

680 5526 847 5581 etiam
878 5542 907 5579 a
942 5526 1148 5580 ercis
1194 5528 1508 5595 frequenter
1538 5526 1758 5595 citetur,
1802 5548 1925 5585 raro
1964 5549 1991 5585 a
2028 5533 2260 5587 Latinis.

681 5598 981 5651 Testantnr
1015 5598 1522 5667 deniquenonnulli
1556 5602 1626 5667 pii
1654 5610 1710 5653 et
1742 5602 1885 5655 docti
1916 5604 2013 5655 viri
2040 5603 2262 5657 δεῦτε-

676 5684 797 5723 cum
831 5668 1109 5736 exemplar
1150 5672 1202 5720 iti
1236 5666 1528 5723 Venetiaua
1557 5666 1899 5726 bibliotheca
1938 5674 1993 5744 θ
2019 5674 2214 5744 legisse
2243 5690 2255 5739 ;

744 5806 763 5834 ’
816 5802 1025 5858 Conmt.
1066 5804 1112 5858 in
1173 5822 1291 5876 cap.
1346 5820 1509 5860 um
1579 5806 1773 5861 Haecin.

2297 4415 2339 4468 ι)
2372 4425 2491 4465 esse
2535 4430 2547 4465 :

2374 3854 2467 3907 alii
2500 3868 2717 3922 quoque
2758 3854 2809 3906 in
2835 3851 3094 3906 Vaticana
3127 3850 3301 3904 visum
3331 3848 3545 3904 ferunt:
3597 3863 3718 3919 qua
3770 3858 3970 3907 tantm

2374 3925 2443 3979 ibi
2471 3934 2654 3989 postea
2688 3922 2889 3975 lrustra
2925 3922 3151 3991 qumsita
3184 3922 3319 3991 sint.

2447 3996 2518 4046 De
2553 3996 2729 4059 primo
2760 3989 2953 4044 horum
2987 3991 3246 4045 librorum
3275 3989 3567 4056 interprete
3596 3989 3837 4042 nondum
3864 4004 3966 4059 sa-

2376 4065 2442 4117 tis
2487 4058 2619 4115 mihi
2658 4072 2884 4129 apparet
2915 4061 3042 4128 quid
3077 4076 3173 4129 pro
3204 4069 3355 4112 certo
3386 4071 3646 4117 statuam,
3677 4074 3801 4112 eum
3830 4058 3960 4129 nul-

2374 4134 2455 4184 lus
2489 4135 2555 4183 ad
2595 4134 2694 4185 hoc
2734 4128 2911 4198 usque
2940 4128 3151 4198 tempus
3180 4128 3363 4191 illum,
3392 4130 3538 4195 quod
3572 4130 3767 4190 sciam,
3802 4128 3955 4181 indi-

2374 4204 2601 4256 caverit.
2634 4202 2691 4253 Si
2712 4201 2778 4254 de
2804 4216 2861 4253 re
2894 4209 3001 4251 tam
3026 4201 3259 4265 ancipite
3286 4211 3337 4251 et
3359 4200 3591 4252 obseura
3626 4198 3953 4251 sententiam

2373 4272 2515 4325 ferre
2545 4272 2799 4336 licuerit,
2852 4270 2985 4323 citra
3025 4269 3343 4336 cujusquam
3391 4271 3555 4321 animi
3594 4266 3952 4320 oiIensionem

2375 4342 2565 4395 lubens
2595 4338 2877 4402 allirmem,
2919 4350 3200 4391 auctorem
3236 4348 3290 4390 et
3319 4338 3667 4404 interpretem
3699 4338 3953 4390 eumdem

2603 4411 2693 4477 qui
2744 4412 2886 4477 quod
2936 4407 3125 4477 Graece
3182 4410 3557 4476 pereleganter
3611 4416 3664 4460 et
3712 4408 3957 4459 scienter

2378 4483 2553 4549 primo
2589 4476 2895 4549 scripserit,
2929 4476 3120 4549 Latine
3155 4489 3362 4549 postea,
3395 4492 3500 4530 non
3536 4477 3657 4545 pari
3684 4476 3811 4529 licet
3834 4490 3960 4528 scr-

2374 4547 2551 4604 inonis
2590 4547 2847 4603 felicitate
2879 4560 2926 4601 et
2970 4548 3176 4613 lepore,
3214 4547 3445 4609 Latinis,
3482 4549 3621 4599 inter
3658 4561 3796 4615 quos
3825 4559 3957 4599 νοτε

2377 4623 2621 4684 sabattir,
2660 4618 3049 4687 itltpertiverit.
3083 4616 3302 4681 Quidni,
3338 4632 3461 4671 cum
3492 4627 3546 4670 et
3578 4615 3951 4669 Tertullianus

2369 4692 2542 4744 eidem
2576 4689 2691 4743 l'ere
2714 4685 2937 4757 aequalis
2974 4685 3165 4741 Crteeo
3207 4687 3508 4757 Latinoque
3549 4700 3801 4739 sermone
3836 4694 3955 4805 sti-

2373 4760 2480 4805 lum
2518 4760 2865 4805 exornarunt?
2891 4759 3218 4805 Athanasius
3254 4774 3487 4805 ouonue.
3515 4771 3579 4805 ac
3610 4755 3826 4805 plurimi
3854 4770 3880 4803 ιι
3908 4756 3948 4805 ii

2373 4760 2480 4813 lum
2518 4755 2865 4814 exercuerit?
2890 4759 3218 4814 Athanasius
3254 4755 3487 4827 quoque,
3515 4771 3579 4810 ac
3610 4755 3826 4823 plurimi
3854 4755 3948 4809 alii

2372 4832 2654 4899 religionis
2712 4840 3269 4899 nostras-proceres,
3326 4828 3779 4899 utraque-lingua
3836 4838 3949 4878 non

2372 4896 2540 4969 pauca
2578 4899 2888 4953 ediderinb?
2928 4896 3018 4951 Sic
3056 4899 3198 4969 enim
3231 4908 3283 4950 et
3326 4896 3813 4969 horum-librorum
3848 4907 3949 4946 an-

2371 4966 2598 5025 ctoritas
2630 4969 2773 5022 nulla
2806 4968 3298 5038 parte-vacillabit;
3340 4972 3432 5020 sed
3460 4966 3559 5019 erit
3598 4980 3812 5031 semper
3840 4978 3953 5038 gau-

2371 5043 2581 5109 gustior
2614 5050 2668 5092 et
2713 5035 2921 5093 lirmior
2957 5056 2971 5093 :
3011 5048 3063 5091 et
3101 5038 3246 5109 quo_d
3272 5038 3336 5090 de
3369 5038 3550 5103 seipse
3585 5037 3677 5109 ait,
3710 5035 3851 5103 qdod
3888 5035 3944 5087 in

2372 5105 2599 5164 barbara
2648 5111 2828 5178 lingua
2859 5110 3007 5179 (nam
3045 5108 3157 5160 sola
3190 5105 3375 5161 Grteca
3406 5108 3454 5160 ei
3501 5108 3684 5158 nativa
3729 5115 3782 5158 et
3816 5118 3953 5171 pro-

2375 5182 2489 5252 pria
2516 5181 2655 5252 erat)
2701 5183 2842 5233 inter
2885 5179 3064 5233 Celtas
3103 5179 3340 5252 (legens,
3387 5179 3676 5246 plurimam
3720 5190 3941 5252 operum

2372 5246 2688 5313 collocaret,
2715 5252 2955 5318 apertius
2993 5248 3207 5302 evadet.
3244 5248 3350 5301 Nec
3378 5262 3563 5315 parum
3612 5246 3944 5318 sententiam

2372 5321 2532 5374 istam
2561 5316 2907 5383 eonlirniant,
2934 5321 3042 5372 duo
3074 5318 3225 5369 citati
3260 5333 3355 5385 per
3379 5319 3440 5369 υ.
3472 5316 3836 5385 Augustinum
3872 5326 3946 5385 ex

2371 5390 2473 5445 hoc
2499 5402 2719 5444 auctore
2747 5392 2869 5451 loci,
2905 5392 3093 5443 eadetn
3122 5383 3399 5455 [πείραζε
3431 5383 3695 5440 hactenus
3719 5383 3941 5455 prodiit,

2371 5463 2739 5515 vetustissima
2762 5473 2909 5514 certe
2936 5458 3309 5512 translatione.
3327 5463 3429 5510 Ant
3456 5456 3700 5526 profecto
3718 5457 3947 5523 presby-

2372 5540 2545 5583 terum
2594 5534 2883 5601 quemdam
2925 5532 2989 5582 ad
3023 5543 3237 5581 manum
3286 5531 3520 5581 lrenaeus
3568 5528 3797 5601 habuit,
3848 5526 3942 5593 qui

2369 5601 2485 5668 ejus
2508 5598 2659 5670 jussu
2697 5605 2760 5655 de
2799 5603 2963 5654 verbo
2994 5605 3057 5653 ad
3091 5603 3311 5653 verbum
3345 5615 3552 5663 coram,
3581 5598 3787 5653 Latina:
3816 5610 3943 5654 ora-

2374 5676 2532 5728 tionis
2558 5672 2845 5745 splendore
2881 5674 3223 5742 artilicioque
3256 5672 3522 5741 neglecto,
3560 5672 3936 5727 transtulerit:
