4170 6310
302 358 410 414 785

1509 360 1573 415 ΙΝ
1616 358 1737 412 LIB.
1780 356 1820 410 ν
1864 357 1919 411 S.
1957 357 2231 413 lREN/El.

3344 359 3481 419 ιτειι

272 490 321 533 et
344 478 626 546 sanguinis
654 478 887 532 meminit
909 478 1156 539 lrenmus;
1193 478 1392 533 idcirco
1416 479 1583 533 cuivis
1609 476 1814 542 perspi-
1844 473 1887 530 Δ
1917 474 2092 537 detur,
2146 489 2306 548 quain
2363 476 2406 529 si
2463 477 2705 533 absoluta
2758 486 2813 533 et
2859 478 3089 548 simplici
3120 476 3481 548 afﬁrmatione

276 564 436 619 cunni
471 559 553 604 est
585 549 783 601 nullum
819 559 1051 617 tropum,
1093 551 1292 603 nullam
1327 549 1710 619 metonymiam
1763 548 1813 597 in

274 616 356 670 his
379 617 529 673 illum
563 633 869 686 agnoscere.

345 687 609 740 (holerum
646 688 728 755 pie
754 698 1043 754 sancteque
1074 688 1202 740 dicit
1224 689 1545 750 sanguinem
1574 692 1814 755 nostrum

272 771 339 807 ex
364 754 828 823 Christisanguine,
842 763 892 809 et
903 768 1120 823 corpora
1134 765 1301 809 nostra
1312 771 1371 810 ex
1386 770 1602 823 corpore
1614 755 1688 808 Ch
1699 754 1812 807 risti

272 826 549 885 adaugeri.
594 827 843 891 quoniam
889 828 1003 885 eius
1038 826 1165 877 reali
1211 829 1554 893 perceptione
1582 836 1635 878 et
1669 838 1815 875 com-

274 897 644 947 municatione
690 910 794 948 non
826 894 996 945 solum
1041 911 1069 943 c
1101 895 1361 961 sepulcris
1395 896 1815 961 pulveribusque

272 965 695 1029 suscitahuntur,
728 965 819 1016 sed
861 974 913 1014 et
960 964 1412 1030 pra'stautissiiuis
1441 964 1816 1017 immortalita-

274 1036 365 1097 tis,
401 1032 675 1100 agilitatis,
707 1033 971 1087 claritatis
1014 1034 1435 1099 subtilitatisqne
1464 1035 1680 1087 dotibus
1719 1047 1814 1083 au-

270 1103 574 1169 gebuntur,
607 1103 1033 1169 imniortalisque
1081 1102 1263 1163 gloria:
1316 1113 1519 1155 tantam
1558 1102 1817 1155 accessio-

274 1188 395 1222 nem
429 1174 661 1239 capient,
692 1185 741 1223 ut
780 1173 828 1222 iii
859 1174 1021 1223 vitam
1055 1170 1205 1237 plane
1237 1173 1509 1225 cmlestem
1539 1182 1589 1223 et
1618 1172 1816 1237 sempi-

271 1253 483 1293 Icrnatu
500 1256 618 1293 cum
642 1243 838 1296 Christi
861 1242 1034 1308 capite
1051 1256 1147 1292 suo
1166 1243 1525 1295 subleventur.
1557 1261 1571 1289 ι
1591 1241 1815 1306 Oportet

267 1312 437 1367 enim.
470 1311 543 1363 ait
570 1312 872 1379 Apostolus.
906 1310 1129 1362 mortale
1164 1313 1261 1363 hoc
1290 1312 1510 1365 induere
1542 1312 1815 1362 immorta-

267 1379 478 1434 litatem
520 1388 573 1433 et
614 1379 962 1447 rorruptibile
1015 1381 1113 1431 hoc
1161 1382 1378 1435 induere
1430 1380 1811 1447 incorruptibi-

267 1453 476 1502 litateni
497 1450 561 1503 ⁸³.
588 1471 606 1503 ι
638 1453 700 1505 Et
724 1451 948 1502 iterum:
983 1468 1001 1500 ι
1025 1449 1271 1503 Christus
1289 1450 1813 1518 reforuiabitcorpus

270 1520 620 1573 mortalitatis
642 1529 856 1580 nostrae,
887 1519 1278 1586 roulignralunt
1303 1520 1514 1587 corpori
1534 1518 1811 1570 charitatis

265 1604 376 1641 suae
400 1589 463 1643 ³⁸.
497 1609 515 1641 ι
550 1590 685 1656 Quid
715 1588 827 1641 ita?
856 1588 1159 1654 Respondet
1188 1589 1325 1640 idem
1345 1591 1625 1643 Christus:
1660 1607 1677 1639 ι
1710 1588 1809 1653 Qui

265 1660 557 1714 manducat
602 1675 774 1713 meatu
805 1672 1023 1712 carnem
1046 1695 1061 1720 ,
1093 1668 1147 1709 ct
1181 1658 1316 1711 bibit
1357 1675 1533 1711 meum
1591 1662 1809 1726 sangui-

264 1743 414 1789 nem.
442 1730 493 1781 in
523 1744 607 1783 me
638 1740 838 1795 manet,
861 1738 915 1780 et
944 1744 1041 1790 ego
1069 1727 1119 1779 in
1148 1742 1211 1780 eo
1236 1752 1244 1781 ;
1279 1738 1331 1779 et
1355 1743 1451 1796 ego
1477 1730 1809 1784 resuscitaho

1922 558 2049 595 usus
2073 555 2237 596 esset.
2291 546 2451 599 Docet
2483 558 2661 600 autem
2691 563 2913 603 carnem
2949 546 3186 603 nostram
3220 547 3343 603 ideo
3386 566 3482 603 ca-

1920 627 2105 679 pacem
2145 628 2263 667 esse
2300 616 2420 669 vitze
2452 619 2690 672 cmlestis
2731 634 2793 671 ac
2836 630 3072 681 κιαι-ηαξ,
3108 620 3250 686 qnod
3290 633 3480 673 rchra

1919 698 2145 761 corpore
2168 693 2221 736 et
2256 687 2519 761 sanguine
2556 687 2754 740 Christi
2798 689 3079 761 foveatur.
3104 688 3242 761 Ergo
3278 690 3480 761 eucha-

1920 755 2493 825 risticherceptione,
2526 772 2630 810 non
2667 768 2871 811 tantum
2918 758 3081 811 animi
3128 759 3480 825 cogitatione,

1919 820 2161 896 autlidei
2192 823 2279 873 illa
2310 826 2373 896 de
2400 827 2536 896 caelo
2572 828 3024 893 appreliendcntis
3055 844 3146 882 ore
3167 820 3477 896 fquemadé

1918 891 2132 941 modum
2172 891 2986 953 cotnminismmtur'Calviuiani
3028 914 3042 959 ;
3077 900 3169 951 sed
3219 891 3390 961 reipsa
3424 905 3481 950 et

1917 962 2159 1022 corporis
2188 977 2281 1013 ore
2312 964 2739 1019 substantiiliter
2774 969 3059 1025 praesentia
3107 968 3479 1031 suscipiuntur

1916 1040 1967 1101 et
1996 1032 2368 1101 conteduntnr,
2397 1031 2546 1094 juxta
2574 1036 2774 1087 Christi
2801 1048 3063 1101 praerepta
3090 1059 3100 1091 :
3138 1056 3156 1087 ι
3182 1035 3293 1090 Nisi
3330 1051 3481 1087 toan-

1917 1099 2242 1173 dttcaveritis
2269 1118 2489 1173 carnem
2526 1102 2643 1157 Filii
2682 1099 2914 1158 hominis
2948 1106 2991 1137 “
3014 1148 3026 1160 .
3062 1116 3165 1160 etc.
3193 1124 3208 1167 ;
3247 1105 3478 1173 accipite

1914 1176 1968 1220 et
1998 1169 2288 1243 coniedite,
2335 1171 2439 1243 hoc
2468 1182 2548 1224 est
2580 1190 2776 1239 corpus
2804 1192 2979 1228 meum
3003 1177 3069 1231 “.
3107 1198 3125 1227 ι
3160 1176 3272 1229 lloc
3301 1169 3475 1243 ipsum

1916 1252 2127 1303 quoque
2160 1240 2314 1291 docet
2344 1241 2568 1294 Tertull.
2595 1245 2835 1297 scribens
2860 1263 2872 1297 :
2914 1264 2931 1295 ι
2961 1244 3100 1297 Caro
3133 1240 3477 1298 nostra—cor-

1914 1320 2043 1377 pore
2091 1318 2143 1358 et
2189 1311 2446 1377 Sanguine
2474 1311 2673 1364 Christi
2707 1315 2961 1370 vescitur.
3001 1326 3055 1368 ut
3107 1330 3152 1369 e'
3200 1314 3375 1366 anima
3410 1314 3478 1366 de

1915 1374 2024 1455 Deo
2066 1374 2340 1455 saginettir
2368 1379 2429 1455 “_.
2468 1401 2496 1455 ι
2534 1381 2665 1455 ll_inc
2696 1382 3139 1455 Chrysostomns
3166 1384 3429 1455 exclamat
3460 1400 3474 1435 :

1920 1446 2014 1519 ευ
2070 1446 2427 1519 miraculum!
2460 1449 2503 1502 Ο
2554 1451 2652 1519 Dei
2718 1446 3144 1519 benignitatem!
3200 1452 3301 1518 Qui
3350 1465 3474 1505 cum

1912 1512 2073 1590 Patre
2098 1530 2308 1590 sursum
2340 1518 2518 1582 sedet,
2550 1518 2601 1571 in
2640 1520 2730 1574 illo
2782 1512 3039 1590 temporis
3081 1512 3309 1577 articulo
3354 1535 3477 1573 om-

1913 1585 2056 1655 nium
2098 1586 2345 1638 manilius
2376 1598 2739 1655 pertractatur
2762 1592 2825 1643 “.
2868 1585 2983 1645 ιἘι
3017 1609 3229 1646 rursum
3268 1611 3282 1645 :
3320 1608 3339 1643 ι
3377 1590 3477 1643 llic

1912 1652 2101 1717 plenus
2168 1652 2571 1729 exsisteitsbet
2640 1661 2747 1713 illic
2806 1663 3052 1729 plenus;
3118 1676 3279 1715 nnmn
3347 1674 3473 1711 cor-

1912 1736 2037 1786 pus,
2077 1739 2095 1772 ι
2130 1734 2233 1775 etc.
2267 1723 2422 1778 Hom.
2455 1728 2520 1780 17
2564 1728 2613 1782 in
2644 1723 2818 1789 Epist.
2852 1732 2915 1783 ad
2949 1730 3082 1785 Heli.
3138 1732 3201 1785 Et
3248 1730 3476 1783 Basilius

262 1812 387 1849 eum
413 1798 465 1851 in
501 1799 789 1852 novissimo
820 1790 925 1852 die.
964 1797 1064 1862 Qui
1086 1790 1562 1866 jmandncatvhunc
1595 1814 1807 1865 panem,
1844 1800 1883 1854 Β
1915 1790 2137 1866 Magi-us
2176 1794 2232 1866 i_II_
2270 1795 2505 1863 Liturgia
2535 1814 2549 1850 :
2586 1815 2605 1846 ι
2652 1802 2751 1864 Qui
2783 1817 2994 1854 sursum
3026 1802 3171 1855 Patri
3204 1798 3473 1861 considet,

262 1868 407 1919 vivet
436 1871 487 1921 in
521 1877 801 1921 a'tcrnum.
834 1866 935 1933 Qui
967 1868 1253 1919 niandurat
1281 1882 1387 1927 me,
1420 1868 1559 1921 vivet
1592 1878 1809 1935 propter

260 1951 355 1991 me
385 1937 451 1991 “.
478 1957 495 1989 ι
534 1938 710 1992 Alium
752 1947 933 1991 testem
963 1936 1219 2004 exoptas?
1246 1936 1324 2007 Eu
1371 1937 1529 2006 185
1552 1940 1812 2007 Augusti.

262 2022 391 2059 imm
435 2008 500 2062 ad
552 2023 680 2063 suos
730 2019 785 2061 et
840 2015 1089 2074 posteros
1137 2006 1512 2061 testificantem
1541 2048 1556 2071 ,
1601 2028 1618 2058 ι
1646 2006 1741 2060 eos
1776 2024 1805 2062 a

260 2078 457 2140 quibus
505 2079 591 2130 hic
618 2078 774 2130 cibus
802 2076 1034 2128 sumitur
1056 2116 1072 2138 ,
1105 2076 1434 2129 immortales
1467 2085 1520 2130 et
1566 2080 1811 2130 incorru-

260 2148 480 2211 ptibiles
506 2148 635 2201 facit
680 2148 731 2199 iii
762 2146 1018 2200 societate
1048 2155 1377 2217 sanctorum,
1409 2148 1496 2200 ubi
1525 2164 1628 2217 pax
1664 2152 1766 2203 erit
1791 2187 1809 2214 ,

260 2226 317 2269 et
356 2219 531 2270 unitas
565 2218 715 2286 plena
748 2227 907 2286 atque
942 2214 1177 2286 perlecta
1212 2214 1278 2266 “.
1317 2232 1335 2286 ι

334 2287 407 2339 Ex
456 2287 539 2340 his
567 2284 800 2352 insuper
824 2284 1215 2336 observandum
1263 2284 1518 2351 relinquit
1547 2286 1807 2352 Irenmiis,

258 2356 382 2409 illos
412 2356 548 2409 male
578 2370 790 2422 semper
814 2355 879 2407 de
909 2368 1030 2404 vera
1066 2368 1349 2419 corporum
1394 2367 1697 2408 nostrorum
1726 2374 1809 2409 rc—

255 2426 594 2479 surrectiOue
621 2439 875 2477 sensuros
905 2434 957 2475 ct
983 2424 1298 2483 credituros,
1339 2427 1425 2489 qui
1467 2440 1646 2478 veram
1676 2430 1810 2478 vivi-

257 2496 517 2549 licatricis
544 2494 724 2547 carnis
767 2492 963 2547 Christi
1017 2492 1069 2544 in
1096 2493 1419 2546 eucharistia
1471 2500 1809 2559 prmsentiam

254 2574 305 2615 ct
358 2565 822 2632 participaiimieni
869 2562 1212 2632 abnegabnnt
1278 2572 1330 2615 et
1377 2568 1809 2631 Oppugnahunt:

255 2631 399 2700 quod
428 2634 536 2701 jam
568 2632 829 2693 Farcllus,
854 2631 1155 2685 Genevanm
1179 2635 1463 2700 apostasiai
1490 2636 1693 2700 primus
1720 2652 1816 2688 au-

254 2714 378 2757 ctor
426 2714 480 2757 et
517 2703 722 2756 Calvini
777 2705 827 2754 in
863 2703 949 2752 illa
984 2702 1241 2753 cathedra
1295 2701 1617 2770 pestilentia:
1663 2718 1814 2756 ante-

252 2789 461 2834 cessor,
496 2773 615 2839 plus
642 2771 772 2824 satis
809 2770 1040 2824 ostendit
1086 2772 1327 2822 eamdem
1367 2776 1812 2828 resurrectionem

253 2843 639 2909 iuipossibilem
675 2855 796 2893 esse
822 2881 836 2903 ,
886 2854 1017 2909 cuni
1054 2839 1279 2892 ethnicis
1305 2884 1318 2901 ,
1383 2840 1713 2896 Siuionianis
1762 2854 1815 2898 et

253 2906 591 2965 Ma'rcionitis
634 2910 937 2962 clamitans.
980 2906 1086 2959 Iloc
1115 2909 1257 2959 enim
1289 2909 1541 2962 Calvinus
1591 2914 1811 2975 indicat,

250 2983 470 3043 quando
508 2984 573 3031 ad
611 2980 753 3031 illum
788 2980 856 3031 ita
888 2977 1075 3031 seribit
1104 2994 1117 3029 :
1154 2996 1171 3028 ι
1213 2978 1361 3042 Quod
1395 2994 1477 3031 res
1512 2982 1605 3033 tibi
1644 2984 1815 3035 incre—

252 3051 438 3103 dibilis
477 3051 686 3103 videtur
708 3088 723 3110 ,
757 3050 913 3113 hujus
948 3046 1126 3098 carnis
1160 3048 1510 3109 resurrectio,
1555 3050 1685 3108 nihil
1718 3052 1815 3103 iiii-

249 3136 401 3181 rum,
432 3139 449 3169 ι
479 3130 583 3171 etc.
621 3120 754 3172 Ecce
781 3134 938 3184 quam
971 3132 1182 3182 semper
1231 3118 1279 3167 itt
1314 3117 1461 3183 pejus
1489 3120 1609 3172 mali
1647 3122 1813 3174 homi-

250 3205 351 3241 nes
378 3190 683 3257 pi-oticiuut,
717 3198 821 3241 etc.
872 3186 1075 3257 Debis
1125 3201 1340 3255 quoque
1393 3191 1709 3257 scripsimus
1756 3194 1805 3245 in

248 3255 415 3327 caput
444 3259 513 3313 54
538 3259 630 3311 lib.
662 3272 734 3315 Iv,
768 3266 889 3309 nota
924 3255 1011 3308 ‘22.

326 3347 550 3414 Quando
581 3364 701 3416 ergo
725 3358 769 3400 et
795 3349 976 3399 minus
1000 3345 1157 3399 calix.
1192 3344 1401 3401 Roll‘en.
1433 3348 1503 3401 ita
1529 3349 1811 3404 (Ecolam-

251 3419 471 3485 padium
502 3419 753 3471 convenit
785 3434 798 3469 :
833 3435 851 3467 ι
889 3416 1085 3483 Finge,
1120 3416 1165 3469 si
1194 3428 1343 3484 potes
1364 3457 1376 3478 ,
1410 3418 1604 3485 quibus
1632 3419 1809 3473 verbis

251 3491 490 3541 lreuzus
519 3489 691 3554 potuit
726 3502 837 3538 rem
870 3502 966 3551 pro
995 3485 1147 3538 nobis
1184 3488 1458 3552 aperuisse
1500 3489 1805 3544 dilucidius.

249 3560 501 3621 Quando,
533 3559 720 3627 inquit,
756 3557 944 3627 mistus
974 3556 1139 3627 calix._
1165 3566 1219 3627 et
1254 3555 1453 3609 fractus
1487 3560 1640 3622 panis
1682 3575 1808 3627 per—

248 3630 384 3693 cipit
414 3627 633 3678 vei-bum
670 3625 794 3682 Dei.
832 3626 887 3676 lit
919 3624 1248 3677 eucharistia
1301 3628 1544 3694 corporis
1596 3638 1649 3681 et
1683 3624 1811 3681 sau-

249 3696 429 3763 guinis
460 3695 663 3749 Christi
692 3711 705 3747 :
737 3695 837 3747 hoc
866 3705 972 3756 est,
1005 3695 1224 3759 prolatis
1249 3710 1413 3763 super
1436 3712 1575 3763 pane
1604 3708 1656 3751 et
1683 3701 1808 3751 vino

246 3767 453 3821 Christi
484 3764 680 3829 verbis,
707 3765 951 3833 protinus
980 3764 1038 3816 lit
1065 3777 1131 3816 ex
1164 3766 1243 3817 eis
1274 3780 1471 3834 corpus
1501 3776 1554 3819 et
1592 3769 1809 3836 sanguis

246 3836 471 3891 Christi.
505 3852 525 3885 ι

323 3925 552 3978 Fructus
583 3925 755 3991 panis.
787 3923 861 3977 lta
895 3924 1080 3993 legunt
1126 3923 1391 3977 Roﬂ’ensis
1436 3936 1490 3980 et
1527 3925 1809 3981 (Ecolam-

245 3997 443 4067 padius
475 3995 567 4067 lib.
600 3995 757 4067 tv_l_)e
792 3994 1151 4067 eucharistja,‘
1184 4011 1301 4062 cap.
1470 4013 1605 4065 quos
1635 4000 1804 4052 seetiti

246 4063 378 4120 sunt
416 4065 629 4135 codices
659 4063 918 4135 L'ausauae
947 4075 999 4117 et
1033 4063 1255 4135 Basilese
1281 4066 1405 4118 1571
1439 4063 1643 4130 ειιριιει,
1666 4069 1805 4135 apud

244 4133 604 4201 Episcopios;
638 4134 725 4185 alii
762 4148 951 4187 omnes
976 4172 991 4194 ,
1054 4133 1282 4205 (lactus
1336 4136 1507 4205 panis.
1553 4154 1572 4187 ι
1612 4133 1807 4204 quibus

242 4205 518 4259 consentit
555 4214 737 4255 uester
764 4214 870 4256 vel.
908 4205 1027 4256 cod.
1065 4204 1329 4257 Cancrum
1380 4204 1807 4261 eottsecrationis

244 4278 435 4334 Vctha,
468 4287 587 4338 qua!
606 4288 773 4343 super
802 4288 990 4339 panem
1023 4282 1071 4325 et
1122 4273 1342 4325 calicem
1376 4276 1593 4326 mistum
1626 4278 1805 4343 prole-

245 4354 466 4407 ruutur,
496 4342 706 4413 penitus
738 4342 1041 4393 necessaria
1066 4356 1186 4395 esse
1214 4344 1278 4413 ad
1309 4342 1651 4396 eucharistiai
1686 4362 1808 4413 per-

246 4414 537 4466 fet-tionem
586 4411 708 4482 istis
737 4412 913 4463 verbis
955 4412 1195 4479 agnoscit
1240 4412 1469 4465 lreiucus
1512 4430 1527 4474 ;
1580 4411 1806 4482 indeque

244 4484 534 4547 sequitur,
571 4480 845 4535 Gnoslicis
898 4482 1287 4549 postetiortbus
1340 4486 1541 4534 nullttm
1588 4480 1807 4538 omnino

244 4553 367 4618 ejus
391 4553 713 4621 sacramenti
742 4565 893 4601 usum
925 4554 1187 4602 exsistere
1214 4568 1227 4613 ;
1259 4553 1691 4621 quandoquidem
1721 4571 1806 4607 so-

246 4621 355 4673 lius
404 4620 807 4686 przedicationis
838 4622 1091 4680 verbum,
1142 4624 1566 4672 consecrationis
1617 4634 1804 4677 eontra

246 4704 523 4810 nunquam
573 4689 879 4809 attonitam.
921 4692 995 4742 De
1029 4690 1112 4742 his
1152 4690 1423 4757 copiosius
1452 4692 1807 4748 disseruimus

246 4762 367 4810 ιιιό
431 4772 549 4810 cao.
600 4760 609 4808 i
655 4795 669 4808 .
704 4772 775 4809 tv.

244 4760 302 4812 itt
337 4758 405 4811 54
431 4772 549 4824 cap.
579 4758 669 4809 lib.
704 4772 775 4809 tv.

323 4827 406 4880 Ex
432 4826 618 4895 quibus
645 4837 883 4894 augetur.
917 4825 1187 4880 Roﬂ'ensis
1216 4844 1230 4879 :
1267 4847 1285 4879 ι
1318 4826 1487 4881 Porro
1514 4831 1652 4895 quod
1683 4831 1812 4884 dicit

244 4911 313 4951 ex
367 4897 451 4949 his
483 4898 666 4962 augeri
692 4911 922 4962 corpora
974 4908 1175 4961 nostra,
1212 4900 1408 4963 isthnc,
1446 4902 1657 4968 opinor,
1689 4917 1809 4966 spe-

244 4974 383 5030 ctat,
434 4976 491 5017 ut
536 4967 675 5016 sicut
712 4968 874 5017 ttitict
917 4981 1140 5033 granum
1177 4976 1293 5031 post
1339 4967 1807 5024 mortiﬁcationem

242 5035 367 5100 eius
395 5036 605 5087 auctius
648 5044 703 5086 et
734 5037 1083 5099 multiplicius
1126 5050 1191 5089 ex
1226 5052 1368 5088 terra
1404 5042 1611 5106 surgit,
1652 5042 1722 5092 ita
1755 5050 1808 5092 et

242 5119 473 5173 corpora
508 5116 716 5167 nostra,
750 5118 1099 5171 pOSteutlllzttll
1132 5110 1195 5157 ad
1218 5108 1640 5160 exinanitionem
1664 5111 1810 5161 cine-

242 5191 369 5227 rum
398 5187 493 5241 per
519 5186 747 5225 mortem
776 5179 988 5225 redacta
1020 5186 1162 5233 sunt,
1194 5177 1389 5227 \irtnte
1425 5186 1599 5230 tamen
1633 5180 1810 5232 carnis

241 5244 418 5310 ipsius
449 5242 828 5303 viviticatricis,
853 5257 956 5310 qua
976 5245 1112 5309 pasti
1146 5260 1331 5296 sumus
1362 5256 1409 5296 et
1438 5263 1598 5297 unum
1630 5248 1805 5301 ell'ecti

239 5330 370 5367 cum
412 5312 501 5364 illo
539 5311 753 5378 capitali
802 5327 970 5381 grano
999 5352 1014 5379 ,
1048 5320 1261 5367 tandem
1299 5315 1364 5365 ad
1400 5318 1808 5371 cutuulatiot'eut

241 5396 594 5449 resurgetnus
631 5381 877 5451 gloriam.
918 5399 935 5432 ι

315 5470 591 5546 Quomodo
612 5488 819 5546 carnem
853 5482 1060 5546 negant.
1095 5473 1226 5526 Tam
1259 5485 1515 5528 constans
1553 5487 1605 5529 et
1633 5476 1809 5546 gravis

240 5543 611 5610 interrogatio
644 5544 765 5610 plus
797 5544 1095 5608 majestatis
1122 5554 1176 5597 et
1223 5550 1479 5611 ponderis
1511 5543 1708 5599 habere
1735 5553 1812 5601 vi-

312 5679 360 5709 ⁸⁸
390 5680 405 5732 l
435 5679 564 5733 Cor.
595 5695 684 5743 xv,
708 5681 799 5736 55.
874 5682 919 5714 ”
952 5679 1145 5750 Philip.
1184 5696 1267 5741 ιιι,
1302 5681 1388 5735 21.

240 5749 286 5783 ιε
321 5750 507 5807 μιιιυ,
533 5763 681 5810 χχχι,
711 5754 817 5819 :6;
851 5751 1014 5809 Marc,
1054 5749 1160 5816 xiv,
1189 5753 1285 5816 22',
1314 5750 1439 5809 Luc.
1471 5771 1603 5819 uti,
1636 5760 1717 5814 l‘J.

1842 4454 1884 4509 ι)
1915 4432 2267 4509 apostolicum
2312 4448 2327 4484 :

1491 5684 1535 5716 ⁵⁸
1567 5685 1723 5741 Joun.
1758 5703 1830 5745 rt,
1877 5684 1966 5747 55.
2010 5688 2098 5742 57.

1791 5759 1837 5790 ⁸⁵
1869 5757 1985 5810 Ltu.
2021 5759 2091 5813 Dc
2122 5772 2291 5812 i-esur.
2326 5772 2524 5821 carnis,
2561 5776 2608 5807 c.
2633 5762 2683 5809 El.

1911 1868 1963 1940 ct
1996 1862 2079 1913 hic
2112 1863 2265 1915 nobis
2299 1862 2641 1940 invisibiliter
2672 1862 2974 1940 coexsistis.
3018 1891 3035 1921 ι
3073 1869 3354 1940 Nyssenus
3375 1869 3475 1940 de-

1911 1888 1963 1912 ct
1996 1888 2079 1913 ult;
2112 1888 2265 1915 Imma
2300 1888 2641 1920 ιιινιδιυιιιιιει·
2672 1888 2974 1923 εοεςδιειιε.
3018 1891 3035 1921 1
3073 1888 3112 1923 1V
3157 1888 3344 1921 SSCIIIIS
3375 1888 3475 1920 tle-

1909 1930 2329 1997 niqneoratione
2359 1935 2423 1987 de
2446 1936 2711 1990 Paschate
2737 1958 2751 1994 :
2784 1959 2801 1989 ι
2829 1888 3316 1993 lnnumerahilibus
3343 1938 3477 1991 locis

1910 2012 2279 2077 consecratur,
2304 2012 2357 2055 et
2392 2014 2567 2077 tamen
2600 2024 2761 2060 unum
2801 2024 2999 2076 corpus
3024 2022 3126 2063 est.
3168 2030 3185 2062 ι
3220 2008 3476 2060 Videatur

1911 2068 2052 2143 idem
2088 2079 2227 2123 orat.
2264 2074 2514 2150 cat_ech_.,_
2532 2090 2649 2142 cap.
2685 2078 2787 2139 57,
2840 2068 3471 2150 et'CyrillusJerosoly-

1912 2142 2150 2215 mitanus
2191 2142 2456 2196 catechesi
2490 2145 2543 2215 ι,
2574 2142 3101 2215 iuystagogica,'ctc.
3140 2149 3213 2201 Ex
3259 2148 3341 2201 his
3371 2142 3473 2198 ait.

1912 2216 2028 2288 tcin_
2053 2213 2265 2288 Constat
2298 2220 2344 2261 et
2383 2213 2851 2270 eattidetiiCliristi
2900 2234 3120 2271 carnem
3152 2218 3224 2288 in
3270 2216 3475 2288 eucha-

1911 2279 2063 2353 ristia
2102 2279 2279 2353 reipsa
2315 2292 2629 2347 prmsentcm
2665 2288 2872 2351 adesse,
2904 2289 3113 2342 tametsi
3148 2287 3200 2339 in
3230 2284 3476 2353 plurimis

1912 2346 2045 2399 locis
2083 2346 2401 2424 conticiatnr
2435 2362 2491 2403 et
2537 2346 2896 2424 distribuatur
2940 2375 2955 2420 ;
3003 2368 3055 2409 et
3090 2346 3334 2424 corporis
3380 2366 3476 2406 ore

1912 2431 2037 2493 vere
2069 2420 2269 2484 percipi
2319 2428 2373 2472 et
2408 2422 2569 2493 sumi,
2600 2433 2649 2476 et
2688 2424 2845 2491 hujus
2875 2420 3285 2493 participatione
3310 2423 3392 2489 ius
3412 2431 3474 2493 et

1912 2488 2129 2566 arrham
2161 2492 2599 2566 resurrectionis,
2654 2488 2897 2566 adeoque
2938 2488 3105 2561 ipsam
3157 2488 3472 2547 immortali.

1916 2564 2079 2607 tatem
2131 2563 2388 2631 ex___ipsa_
2415 2570 2469 2612 et
2518 2575 2610 2627 per
2666 2563 2836 2631 ipsam
2878 2580 3106 2631 corpora
3141 2572 3319 2617 nostra
3348 2577 3477 2616 vere

1913 2639 2145 2704 sumere.
2178 2626 2311 2677 lliuc
2339 2628 2458 2691 pius
2485 2626 2783 2699 tloctttsqtte
2811 2626 3079 2687 Rom-usis
3111 2654 3122 2686 :
3160 2653 3176 2684 ι
3219 2631 3333 2704 Non
3362 2632 3473 2704 jam

1915 2695 2265 2774 disquirinius
2299 2711 2365 2774 an
2397 2711 2519 2750 vere
2550 2695 2748 2770 corpus
2778 2713 2830 2774 et
2861 2706 3082 2770 Sanguis
3127 2703 3329 2774 Christi
3364 2695 3476 2774 sint

1915 2766 1967 2815 iii
2020 2766 2380 2841 encliaristia,
2438 2766 2886 2841 quemadmodum
2942 2766 3132 2825 omnes
3180 2771 3470 2824 orthodoxi

1915 2837 2191 2911 sentiunt,
2228 2848 2305 2911 ait
2330 2837 2560 2911 ligni-ate
2591 2840 2783 2911 solum,
2828 2853 2884 2893 ιιι
2924 2844 3173 2895 haeretica
3225 2841 3475 2907 impietas

1915 2903 2233 2975 arbitratur.
2269 2903 2419 2975 Quod
2454 2909 2698 2975 sequitur
2740 2909 2791 2961 in
2824 2922 3041 2969 treuzeo.
3079 2903 3316 2965 nostrain
3350 2924 3476 2961 seu-

1918 2973 2892 3049 tentia-tn-apertissitnecomprobat.
2936 2981 3235 3045 Quomodo,
3272 2978 3470 3049 inquit.

1920 3040 2155 3115 lia-retici
2207 3052 2403 3108 negant
2450 3040 2833 3102 Carnettt‘esse
2874 3040 3127 3115 capacem
3166 3040 3475 3101 donationis

1841 3121 1882 3176 c
1916 3110 2036 3171 Dei,
2084 3110 2183 3162 hoc
2210 3122 2314 3174 est,
2359 3124 2575 3185 aeternae
2606 3116 2745 3177 vitae.
2799 3110 3233 3185 quandoquidem
3268 3116 3473 3171 Christi

1916 3194 2145 3256 corpore
2180 3182 2557 3256 sanguineque
2602 3182 2873 3256 nutritur,
2904 3198 2957 3240 et
2992 3182 3049 3239 ιιί
3094 3190 3258 3256 ipsius
3300 3202 3473 3256 metus

1914 3247 2116 3367 232:1;
2145 3247 2343 3366 .QUltl,
2394 3247 2619 3321 precor,
2670 3247 2955 3311 dilucidius
3016 3247 3126 3324 pro'
3167 3257 3321 3311 nobis
3365 3254 3475 3310 dici

1916 3332 2113 3387 queat:
2145 3336 2163 3366 ι

1985 3386 2209 3451 Corpore
2258 3386 2452 3442 Christi
2500 3396 2745 3447 nutritur.
2793 3394 3095 3448 Absurdam
3156 3408 3277 3448 esse
3334 3394 3474 3448 hanc

1916 3456 2471 3532 lreutei“locutionem
2516 3458 2772 3529 garrienti
2820 3463 3238 3532 (Ecolampadio
3272 3464 3346 3517 ita
3380 3480 3474 3517 oc-

1916 3528 2081 3580 currit
2114 3524 2377 3581 lloﬂeusis
2407 3524 2606 3599 ill).le.
2645 3546 2762 3599 Cap.
2796 3534 2865 3586 20
2892 3550 2904 3585 :
2938 3551 2955 3582 ι
2985 3524 3141 3585 Alere
3169 3535 3330 3587 multa
3361 3534 3469 3585 dici

1918 3603 2162 3666 possunt,
2194 3612 2311 3664 qua!
2342 3598 2563 3650 minime
2608 3598 2782 3653 tamen
2810 3602 2860 3653 iii
2906 3617 3125 3655 carnem
3159 3614 3469 3666 vi-rtuntur,

1916 3664 2075 3743 quam
2102 3664 2302 3717 l'chut.
2328 3667 2531 3743 Aurum
2555 3672 2696 3743 cnim
2721 3684 2771 3743 et
2793 3674 3123 3743 margaritze.
3141 3664 3473 3743 gemmaeque

1916 3738 2164 3805 pretiosa:
2210 3751 2329 3787 cum
2365 3738 2416 3788 iii
2464 3740 2907 3794 medicaminibus
2944 3738 3216 3802 teruntur,
3252 3738 3471 3794 multam

1916 3813 2239 3878 asseruntur
2275 3820 2319 3878 Δει
2372 3808 2591 3860 nedit-is
2625 3812 2877 3861 virtutem
2918 3822 2969 3863 et
3004 3811 3297 3863 fomentum
3338 3827 3473 3878 prte-

1914 3877 2043 3946 here
2074 3874 2312 3941 corpori,
2345 3889 2445 3929 nec
2474 3886 2649 3931 tamen
2689 3880 2797 3946 ipsa
2825 3890 3105 3933 vertuntur
3137 3881 3187 3932 in
3218 3874 3473 3933 substan-

1916 3945 2045 4017 tiaui
2083 3947 2350 4017 corporis.
2383 3946 2446 4017 Et
2480 3950 2593 4013 pari
2632 3945 2809 4009 iuotlo,
2842 3950 2968 4016 quid
3020 3951 3264 4017 prohibet
3298 3949 3475 4003 virili-

1916 4014 2169 4066 Catricem
2188 4014 2399 4086 Christi
2426 4033 2666 4079 carnem,
2700 4018 2801 4069 illis
2826 4014 3075 4085 aquibus
3102 4020 3186 4086 pie
3218 4022 3472 4085 sumitur,

1916 4084 2291 4159 potentissima
2340 4088 2567 4151 quadam
2600 4097 2653 4159 et
2684 4087 2933 4143 ineffabili
2966 4103 3060 4140 sua
3098 4084 3296 4159 virtute
3335 4084 3475 4159 prte+

1914 4152 2057 4205 Stare
2092 4152 2382 4205 fomentum
2408 4164 2460 4207 et
2491 4158 2645 4208 modo
2672 4160 2901 4223 quodam
2932 4161 3077 4209 alere
3100 4158 3122 4208 l

1988 4224 2430 4285 Quemadmodum
2450 4240 2494 4275 ﬂ
2528 4226 2703 4278 beatus
2734 4229 3010 4291 Apostolus
3040 4228 3135 4279 ait.
3165 4224 3469 4282 Rtiﬂ’eusis:

1918 4308 1939 4342 ι
1980 4295 2275 4344 Conlit'mat
2312 4296 2628 4347 sententiam
2669 4311 2819 4347 suam
2861 4296 3094 4349 [renatus
3127 4298 3304 4348 verbis
3330 4298 3472 4364 Apo-

1914 4365 2053 4416 stolt.
2091 4364 2203 4435 Non
2237 4364 2325 4415 hic
2360 4364 2572 4429 disputo
2602 4380 2761 4431 quam
2813 4376 2956 4419 recte
2988 4379 3206 4423 sensum
3240 4370 3473 4435 attingat

2376 4439 2470 4484 sed
2526 4437 2626 4487 hoc
2696 4435 3141 4489 interituallirtno
3197 4437 3468 4489 neminem

1913 4511 2149 4567 apertius
2184 4504 2379 4553 docere
2408 4516 2607 4569 corpus
2634 4514 2688 4557 et
2713 4506 3027 4571 sanguinem
3063 4504 3264 4559 Christi
3297 4506 3473 4557 Conti-

1913 4572 2027 4627 neri
2057 4574 2107 4621 ιιι
2136 4572 2483 4631 eucharistia,
2505 4587 2664 4637 quant
2703 4575 2788 4625 hic
2817 4575 2977 4626 faciat
3004 4572 3237 4626 lrenzeus
3261 4590 3275 4636 ;
3303 4589 3471 4642 usque

1912 4645 2049 4695 adeo
2072 4650 2129 4692 ut
2155 4642 2383 4692 lateatnr
2408 4643 2569 4692 etiam
2600 4658 2717 4705 nos,
2746 4645 2835 4709 qui
2865 4644 3067 4696 Christi
3099 4656 3266 4695 carne
3300 4644 3472 4695 vesci~

1915 4727 2053 4773 tnttr,
2082 4722 2135 4762 et
2165 4712 2396 4761 htbttnus
2422 4725 2538 4775 ejus
2569 4714 2909 4779 sanguinem,
2943 4728 3047 4763 noti
3092 4712 3324 4765 hominis
3369 4714 3471 4765 ali-

1912 4782 2064 4847 cujus
2112 4780 2414 4847 imaginarii
2464 4790 2518 4831 et
2558 4780 2852 4847 spiritualis
2898 4796 3116 4833 cat-ueni
3152 4783 3313 4833 edere
3341 4796 3471 4833 san-

1906 4865 2231 4918 gutuemqne
2262 4851 2447 4903 bibere
2474 4866 2487 4911 ;
2518 4860 2610 4903 sed
2633 4849 2748 4915 ejus
2764 4853 2854 4917 qui
2885 4865 3006 4902 vere
3038 4860 3285 4901 naturam
3312 4852 3471 4903 habet

1908 4922 2160 4979 hominis,
2196 4920 2449 4970 carnibus
2483 4934 2769 4988 ncrwsquc
2798 4920 3105 4973 constantis
3131 4957 3145 4981 ,
3186 4927 3468 4986 propterea

1908 5007 2009 5041 non
2055 4990 2373 5055 imaginario
2407 5006 2699 5057 sanguine,
2730 5005 2901 5056 neque
2930 5004 3093 5040 carne
3127 4990 3468 5057 imaginaria,

1906 5062 1999 5116 sed
2033 5076 2157 5111 vero
2183 5062 2442 5124 sanguine
2475 5074 2706 5127 vetatque
2730 5072 2893 5112 Cal'lle
2918 5058 3117 5113 Christi
3144 5073 3241 5111 nos
3272 5059 3471 5111 μεθίει-ιι

1908 5130 2120 5185 nutriri.
2160 5147 2177 5177 ι

1974 5200 2035 5251 Et
2059 5199 2493 5269 queumdmodum
2524 5199 2722 5268 lignum
2762 5199 2901 5252 vitis.
2930 5194 3235 5269 Roﬂ'ensis;
3288 5213 3307 5247 ι
3336 5194 3468 5250 Car-

1908 5286 2029 5323 nem
2062 5271 2258 5321 Christt
2295 5281 2470 5321 tantas
2506 5271 2648 5322 vires
2684 5278 2879 5321 n0strae
2904 5269 3056 5320 carni
3102 5268 3382 5335 pmhere,
3410 5278 3471 5325 ut

1908 5356 2190 5407 postquam
2226 5344 2336 5391 hinc
2372 5342 2661 5391 incitierata
2705 5337 2868 5391 fuerit
2912 5340 3125 5391 tandem
3160 5340 3468 5407 reviviscat,

1908 5406 2009 5461 hoc
2038 5412 2284 5473 exemplo
2312 5411 2650 5477 apertissime
2694 5410 3055 5461 demonstrat.
3089 5407 3227 5477 Ecce
3261 5406 3468 5477 lignum

1908 5481 2054 5542 vitis,
2095 5481 2302 5530 tametsi
2339 5476 2605 5530 mortuum
2638 5480 2905 5538 videatur,
2933 5476 3238 5543 depositum
3276 5476 3469 5531 nihilo-

1911 5550 2089 5603 tninUs
2122 5550 2173 5600 iti
2210 5559 2350 5601 terra
2380 5565 2477 5602 suo
2512 5560 2750 5614 tempore
2781 5542 3088 5599 fructiﬁcat.
3132 5542 3394 5601 Similiter
3415 5552 3470 5598 et

2180 5686 2219 5717 “
2252 5685 2491 5739 Tractat.
2520 5686 2591 5739 9.6
2644 5686 2694 5736 in
2738 5683 2893 5737 Joau.
2971 5682 3013 5711 “
3062 5679 3221 5735 Joan.
3270 5693 3340 5743 vt,
3377 5679 3465 5732 5L

2181 5772 2291 5808 sur.
2326 5772 2524 5808 carnis.
2561 5776 2608 5807 υ.
2633 5762 2683 5808 tl.
2755 5756 2798 5785 “
2823 5755 2939 5808 Lib.
2973 5770 3029 5806 ιιι
3057 5753 3463 5805 Dcsaccruotio.

2871 5768 2939 5807 ID.
2973 5770 3029 5806 111
3057 5768 3129 5804 De
3147 5768 3463 5805 ωεωύυυυσ
