4170 6310
201 404 333 460 1321

1471 398 1536 452 IN
1577 396 1703 452 LIB.
1750 397 1791 449 Υ
1832 398 1888 451 8.
1934 398 2210 453 ΙΒΕΝᾸΞΙ,

3314 395 3457 452 ιω

198 520 574 597 cap.__Liphns
617 520 842 597 edelten;
888 516 1045 597 cujus
1088 516 1254 597 verba
1304 515 1655 597 recitaptur;
1679 529 1776 597 nec
1805 517 1847 574 Α
1882 514 2060 596 futura
2120 528 2345 597 qumque
2406 512 2718 567 hominibus
2765 514 3122 597 persttitslsse.
3194 513 3455 597 Qrugenes

201 582 529 648 reiellnn'tur
583 605 612 642 ιι
646 588 818 640 dnctis
846 596 901 638 et
936 582 1218 638 catholicis
1265 585 1581 637 auctoribus
1616 582 1778 637 Gala-

202 663 320 713 tino
371 660 467 711 lib.
504 673 580 722 tv,
634 672 753 723 cap.
791 655 892 717 ‘20;
942 655 1069 708 Pico
1115 652 1489 723 Mirandulano
1536 653 1631 723 li_b.
1667 668 1775 723 vit;

201 728 460 795 Ileptapli
495 721 613 795 cap.
645 721 713 786 4,
740 732 794 775 et
825 721 1354 795 Francisco_Vencto
1376 722 1520 795 libro
1555 721 1631 773 De
1655 722 1780 795 har-

202 789 404 849 mo'nia‘
432 789 632 855 mundi,
681 804 825 845 cant.
857 795 910 850 3.
958 801 1082 844 tono
1120 792 1173 853 't',
1221 805 1343 857 cap.
1370 791 1426 856 ,7.
1486 789 1778 843 Oraculum

202 866 311 920 hoc
346 864 625 915 declarant
673 874 738 912 ac
788 861 1115 925 coniecturis
1162 859 1343 912 multis
1385 868 1439 912 et
1488 873 1593 911 non
1629 873 1781 925 sper-

205 934 402 988 nendis
468 930 794 984 coallrmant
860 928 1101 997 insignes
1166 928 1378 981 rabbini
1450 926 1669 981 Selomo
1729 937 1783 980 et

206 1003 377 1057 Isaac.

280 1071 359 1123 Ex
420 1067 629 1121 Latinis
676 1066 1068 1120 ecclesiasticis
1122 1066 1397 1126 Patribus,
1460 1065 1782 1118 sententiam

207 1140 353 1193 hanc
398 1137 796 1202 amplectuntur
839 1144 894 1188 et
947 1143 1165 1188 tuentur
1196 1134 1511 1187 Lactantius
1560 1132 1654 1185 lib.
1684 1148 1783 1196 vn,

214 1223 335 1274 cap.
365 1207 425 1258 II
454 1220 468 1267 ;
505 1205 737 1274 llilarius
771 1205 821 1256 in
861 1218 982 1270 cap.
1014 1219 1123 1274 x_vn
1157 1202 1347 1255 Matth.
1375 1218 1388 1274 ;
1428 1202 1785 1274 Hieronymus

214 1270 443 1339 cpistola
474 1273 538 1323 ad
572 1273 918 1341 Cyprianum,
951 1284 1005 1326 et
1032 1270 1327 1323 Comment.
1374 1273 1425 1341 in
1456 1284 1573 1341 cap.
1603 1270 1787 1341 ινΜί-

210 1338 407 1405 chaere;
436 1338 766 1393 Gaudentius
792 1340 1084 1393 Brixianus
1112 1349 1343 1392 tractatu
1368 1338 1435 1391 I0
1460 1340 1525 1393 de
1555 1339 1787 1392 lectione

205 1412 541 1475 evangelica.
598 1408 783 1460 Refert
817 1411 1065 1462 eamdem
1114 1417 1168 1461 et
1202 1408 1535 1475 Augustinus
1584 1407 1678 1459 lib.
1715 1422 1784 1460 xx

204 1480 288 1532 De
319 1481 460 1531 civit.
489 1477 606 1540 Dei,
640 1492 757 1543 cap.
785 1478 838 1534 7.
888 1489 946 1530 ιιι
974 1475 1350 1538 verisimilem,
1387 1477 1513 1528 licet
1554 1475 1683 1528 alibi
1723 1476 1787 1527 il-

209 1547 318 1600 Iam
351 1548 763 1612 impugnaverit.
810 1545 998 1599 Glossa
1032 1546 1214 1609 etiam,
1246 1560 1366 1613 qua;
1390 1545 1667 1598 ordinaria
1703 1560 1785 1596 v0-

206 1627 389 1676 catur,
438 1615 576 1665 idetn
626 1625 943 1667 constanter
976 1613 1229 1679 all'trntat,
1284 1616 1335 1666 in
1366 1628 1394 1662 v
1434 1629 1552 1675 cap.
1590 1613 1783 1667 Genes.

208 1686 356 1735 Inter
385 1682 604 1736 Grzecos
646 1698 775 1735 vero
807 1684 1009 1748 placuit
1041 1684 1153 1734 hare
1184 1682 1367 1747 Opinio
1398 1680 1611 1735 Justino
1646 1698 1783 1735 mar-

210 1764 223 1803 ι
276 1755 342 1812 ri,
380 1766 473 1804 seu
527 1752 701 1804 cuivis
732 1752 882 1803 alteri
937 1751 1145 1804 auctori
1197 1750 1557 1814 Quarstionum
1605 1752 1674 1802 ad
1706 1767 1790 1801 or-

210 1768 388 1871 ιχοά..
416 1830 605 1871 attrest.
632 1820 718 1871 71.
760 1819 868 1871 Sex
902 1821 1019 1871 istis
1047 1819 1305 1871 millibus.
1337 1821 1661 1871 auintzentos
1692 1835 1786 1869 an-

1882 586 2027 637 enim
2059 598 2121 636 ca
2160 582 2321 637 verba
2352 598 2653 650 exponens,
2688 585 2883 649 quibus
2916 583 3168 635 Satanam
3198 582 3453 636 Dominus

1882 654 2131 706 convenit
2163 652 2299 718 apud
2325 650 2428 704 Job
2455 670 2467 704 :
2500 670 2517 701 ι
2546 651 2696 706 Unde
2720 652 2870 705 venis
2896 652 2978 703 '7?
3002 672 3021 702 ι
3053 655 3275 706 scribit:
3304 674 3323 701 ι
3345 653 3453 706 Un-

1882 722 1950 774 de
1983 722 2175 775 venis?
2200 721 2280 773 Ab
2308 721 2638 781 homicidiis,
2676 737 2704 773 a
2740 721 3116 789 sanguiuibns,
3150 726 3217 774 ab
3249 721 3456 773 adulte-

1882 792 2062 851 riis,'a
2096 790 2277 848 furtis,
2310 804 2339 840 a
2377 789 2691 850 mendaciis,
2745 789 2937 841 horum
2972 800 3165 841 auctor
3192 800 3243 841 et
3272 790 3457 841 inven-

1886 869 1969 911 tor
1994 859 2262 912 exsistens
2293 872 2455 912 super
2504 866 2726 911 terram.
2775 857 2924 911 Unde
2959 859 3106 909 venis
3138 859 3225 910 tu?
3264 859 3345 911 Al)
3375 860 3459 910 in-

1888 929 2201 980 lernecione
2236 927 2390 987 Abel,
2427 942 2453 977 a
2492 928 2766 995 gigantum
2818 927 3170 995 impudicitia,
3227 942 3255 978 a
3308 937 3457 978 turre

1885 997 2260 1057 contumaciae,
2292 996 2358 1049 ab
2393 994 2533 1048 Esau
2554 994 2846 1059 aviditate,
2888 1013 2916 1047 a
2960 994 3265 1049 Pharaonis
3292 995 3462 1063 perti-

1886 1066 2067 1125 nacia,
2098 1083 2115 1114 ι
2153 1074 2260 1117 etc.

1962 1133 2089 1200 Pag.
2140 1133 2267 1188 3‘28.
2335 1130 2557 1200 Propter
2617 1132 2983 1199 nequissimam
3037 1133 3448 1199 generationem.

1886 1202 2094 1255 Praeter
2128 1216 2213 1263 ea,
2246 1212 2365 1269 qua:
2393 1216 2545 1269 sacra
2576 1202 2804 1255 Genesis
2832 1210 3219 1255 commemorat
3248 1202 3312 1252 de
3336 1216 3459 1253 sce—

1888 1272 2093 1324 leribus
2120 1268 2424 1329 hominum,
2468 1268 2698 1323 Berosus
2726 1269 3006 1323 Annianus
3035 1270 3181 1321 addit
3212 1270 3461 1333 impieta-

1892 1350 1996 1393 tem
2026 1340 2301 1406 gigantum
2352 1353 2415 1391 eo
2446 1338 2791 1406 pervenisse,
2829 1347 2886 1391 ut
2934 1340 3158 1392 abortus
3206 1351 3464 1405 procura-

1889 1419 2034 1470 rent,
2070 1422 2208 1474 quos
2237 1407 2287 1458 in
2313 1407 2487 1459 edulia
2525 1408 2625 1459 sibi
2662 1414 2915 1473 pararent
2947 1425 2958 1457 :
2991 1406 3277 1467 matribus,
3304 1420 3462 1457 soro-

1891 1477 2063 1535 ribus,
2096 1476 2334 1536 liliabus,
2369 1476 2627 1529 masculis
2663 1487 2714 1527 et
2750 1476 2918 1527 brutis
2949 1475 3461 1540 conttuisccrentur,

1892 1546 2135 1612 nihilque
2168 1544 2395 1597 sceleris
2427 1559 2546 1597 esse
2574 1545 2718 1610 quod
2746 1558 2849 1595 non
2884 1543 3279 1612 commiserint,
3307 1540 3444 1595 ccol'e

1890 1611 2059 1668 stium
2088 1615 2159 1665 ita
2190 1622 2242 1662 et
2277 1612 2478 1666 ultione
2525 1612 2645 1666 illos
2691 1622 3016 1680 perurgente
3045 1626 3143 1679 pro
3184 1611 3465 1679 impietate

1892 1694 2056 1749 atque
2089 1680 2404 1734 sceleribus.

1964 1748 2066 1815 Qui
2097 1750 2195 1817 fuit
2222 1768 2253 1801 a
2278 1749 2499 1802 diluvio.
2542 1748 2859 1802 idololatriae
2881 1756 3082 1809 ortum,
3118 1763 3465 1818 progressum

271 1822 388 1882 od.,
416 1830 605 1886 quaest.
632 1820 718 1872 71.
760 1819 868 1872 Sex
902 1821 1019 1873 istis
1047 1819 1305 1881 millibus,
1337 1821 1661 1887 quingentos
1692 1835 1786 1869 an-
1821 1832 1859 1884 Β
1890 1829 1943 1875 et
1993 1822 2326 1871 incrementa
2364 1820 2431 1870 ab
2462 1834 2725 1885 aquarum
2776 1817 3129 1871 inundatione
3167 1817 3465 1887 accepisse,

208 1906 315 1941 nos
342 1890 539 1941 addere
569 1889 744 1941 visum
775 1898 859 1942 est
887 1887 1193 1955 Hippolyto,
1231 1887 1438 1955 Cyrillo
1471 1886 1523 1939 et
1550 1886 1782 1954 Chryso-

208 1968 411 2015 stomo,
450 1966 505 2008 ut
550 1967 738 2010 auctor
771 1968 852 2009 est
889 1956 1193 2009 Germanus
1223 1956 1782 2023 Constantinopolita-

210 2042 334 2089 nus,
373 2027 509 2075 libro
543 2026 618 2077 De
650 2027 857 2078 theoria
885 2041 1059 2076 rerum
1090 2025 1276 2078 eccles.

284 2094 628 2160 Perspectum
651 2093 776 2146 mihi
794 2104 875 2147 est
899 2096 1035 2162 bane
1054 2094 1379 2146 sententiam
1395 2095 1692 2162 Oppugnari
1718 2097 1785 2147 ab

206 2159 538 2231 Augustino,
561 2162 708 2214 Com.
732 2162 782 2231 in
800 2159 939 2213 Psal.
966 2177 1012 2212 vt
1037 2171 1090 2213 et
1105 2178 1326 2225 Lxxxts,
1347 2159 1504 2229 atque
1521 2159 1677 2229 epist.
1697 2164 1785 2228 89,

208 2229 437 2298 insuper
464 2246 492 2281 a
518 2230 657 2283 Beda
685 2232 736 2283 in
766 2229 904 2283 Psal.
926 2246 1160 2292 Lxxxtx;
1197 2247 1265 2284 an
1291 2246 1420 2284 vero
1446 2232 1590 2283 illam
1622 2246 1788 2299 expu-

206 2312 404 2367 gnent,
436 2299 671 2351 viderint
703 2300 846 2352 docti
878 2312 929 2352 et
962 2302 1103 2352 acuti
1139 2315 1326 2353 eorum
1358 2300 1612 2352 lectores.
1668 2300 1790 2353 llasc

202 2378 417 2429 autem,
454 2368 503 2418 ni
551 2368 735 2437 fallor,
762 2368 980 2437 aliquod
1007 2369 1427 2437 emolumentum
1462 2368 1691 2421 alI'ercnt
1725 2372 1791 2420 ad

202 2452 402 2490 eorum
437 2436 808 2504 reprimendus
840 2436 1128 2499 clamores,
1166 2436 1255 2504 qui
1299 2446 1504 2489 temere
1536 2438 1791 2504 nullaque

204 2507 425 2558 ratione
452 2502 510 2555 Β.
541 2507 764 2572 martyri
793 2506 891 2558 hac
925 2506 990 2557 de
1027 2521 1083 2558 re
1114 2502 1483 2557 vehementius
1510 2502 1790 2567 insultant,

203 2584 267 2625 et
307 2574 491 2639 lapsus
526 2587 661 2639 quos
694 2581 882 2638 putant
916 2575 1161 2638 Patrum,
1198 2574 1479 2639 aliquanto
1506 2582 1791 2627 contume-

205 2641 407 2695 liosius
442 2644 797 2694 insectantur.

288 2708 575 2778 Prophetia
608 2720 704 2762 est.
748 2710 806 2762 Si
837 2711 995 2762 enim.
1035 2710 1486 2778 Conjunctionem
1524 2729 1539 2759 ι
1562 2711 1605 2763 si
1631 2728 1649 2761 ι
1702 2711 1795 2761 ad-

198 2778 465 2898 jecimusd
495 2786 549 2829 ct
569 2779 854 2832 sententia:
882 2780 1161 2845 periodum
1191 2780 1619 2844 itumutavimus,
1645 2789 1792 2832 auct.

207 2856 328 2898 vet.
367 2861 431 2898 co
477 2884 489 2896 .

207 2856 328 2898 γει.
367 2856 489 2899 COd.

288 2913 386 2967 Fit
416 2915 701 2966 secundum
732 2914 1031 2982 imaginem.
1078 2916 1451 2982 Expunximus
1483 2933 1502 2966 ι
1525 2915 1649 2970 scit.
1685 2934 1701 2965 ι

292 2982 746 3051 Quemadmodum
772 2984 989 3051 quidam
1021 2987 1084 3035 de
1112 2986 1323 3036 nattris.
1380 2984 1579 3037 Euseb.
1615 2985 1709 3035 lib.
1740 2999 1795 3037 ιιι

213 3050 449 3110 "istan,
486 3065 604 3117 cap.
631 3050 719 3114 30,
756 3050 893 3104 hanc
939 3054 1264 3105 sententiam
1300 3052 1357 3103 Β.
1387 3052 1577 3117 lgnatii
1606 3054 1799 3105 Antio-

1890 1899 2015 1941 ante
2043 1889 2303 1941 lreuzeum
2335 1887 2541 1954 scripto
2582 1887 2800 1953 reliquit
2830 1887 3079 1940 Clemens
3126 1888 3282 1940 llom.
3319 1886 3411 1939 lib.
3448 1901 3464 1938 ι

1889 1957 2104 2022 Recog.,
2138 1969 2334 2022 nempe
2357 1970 2385 2023 ιι
2415 1957 2683 2008 scelerata
2711 1954 2882 2007 Citam
2908 1957 3183 2023 progenie.
3217 1954 3467 2008 Justinus

1889 2027 1940 2079 in
1969 2021 2220 2077 Oratione
2244 2021 2315 2080 ad
2338 2021 2572 2083 Crtecos,
2612 2034 2667 2076 et
2691 2021 3058 2089 Athenagoras
3083 2024 3133 2076 in
3166 2023 3467 2091 Legatione,

1887 2093 2179 2160 Orphaaum
2214 2093 2776 2160 llorentemgtempore
2807 2091 3078 2145 cheouis
3108 2090 3353 2160 Hebr-rei.
3388 2090 3467 2160 uti

1890 2157 2059 2215 refert
2108 2159 2398 2230 Eusebius._
2437 2157 2920 2230 atoluomx-ciarqv,
2956 2161 3006 2212 id
3067 2171 3145 2213 est
3206 2157 3469 2230 multipli-

1890 2233 2034 2285 cium
2098 2230 2327 2282 deornm
2380 2228 2637 2281 falsorum
2692 2228 3029 2296 conditorem
3081 2238 3243 2296 atque
3297 2228 3473 2296 magi-

1892 2310 2063 2352 strum
2092 2298 2384 2363 appellant.
2414 2297 2772 2364 Epiphanius,
2804 2299 2957 2349 initio
2995 2294 3218 2349 I’auarii
3248 2305 3303 2348 et
3326 2295 3472 2361 ejus-

1894 2371 2015 2421 deut
2045 2365 2499 2431 Anucephalt'eosi.
2532 2375 2692 2417 mtate
2726 2364 2933 2417 Saruch
2962 2367 3115 2417 abavi
3147 2366 3472 2431 patriarcha:

1894 2435 2122 2489 Abrahae
2139 2434 2433 2501 profectam
2454 2433 2805 2486 idololatriam
2830 2434 2991 2496 dicit;
3022 2435 3106 2485 cui
3130 2432 3473 2486 subscribuut

1895 2507 2123 2570 August.
2165 2518 2295 2554 xvm
2334 2502 2408 2554 De
2439 2504 2599 2564 ciril.,
2630 2517 2753 2570 cap.
2791 2502 2881 2562 12,
2924 2512 2978 2553 et
3010 2501 3424 2570 CyrillusiAlex.
3454 2516 3471 2553 ι

1896 2584 1950 2625 et
1980 2568 2037 2623 ιίι
2066 2570 2260 2623 Contra
2288 2570 2587 2622 lulianum.
2639 2568 2874 2637 Isidorus
2906 2572 3215 2637 suSpicatur
3249 2569 3473 2621 Prome-

1900 2643 2105 2701 theum,
2162 2653 2322 2705 quem
2380 2639 2714 2705 temporibus
2747 2636 2966 2703 Iosephi
3008 2636 3345 2705 patriarchze
3393 2636 3474 2689 vi-

1898 2710 2044 2761 xisse
2079 2709 2272 2759 scribit
2306 2707 2571 2760 Eusebius
2592 2709 2659 2769 ’⁸,
2717 2708 2972 2774 primum
3004 2707 3247 2758 omnium
3300 2705 3474 2758 simn-

1900 2778 2046 2829 lacra
2082 2775 2359 2827 hominum
2406 2776 2473 2827 de
2507 2775 2620 2826 luto
2655 2774 2898 2827 tinxisse.
2946 2773 3227 2829 Galatiuus
3264 2773 3360 2828 lib.
3399 2787 3476 2835 tv,

1901 2860 2021 2911 cap.
2056 2844 2145 2909 2ιο,
2199 2844 2466 2896 idolorum
2519 2844 2724 2895 cultum
2761 2844 2826 2894 ad
2881 2842 3274 2895 Nembrothum
3309 2842 3478 2911 Assy-

1904 2910 2109 2966 riorum
2159 2924 2450 2980 tyrannum
2487 2914 2673 2971 refert,
2725 2912 2925 2979 quippe
2959 2912 3047 2979 qui
3081 2911 3329 2965 homines
3364 2910 3476 2978 igni

1903 2997 2058 3035 sacra
2097 2979 2277 3033 facere
2310 2991 2365 3032 et
2397 2980 2577 3034 colere
2610 2981 2873 3047 coegerit.

1977 3049 2102 3102 Haec
2154 3061 2336 3102 autem
2386 3050 2451 3099 de
2484 3063 2664 3101 crassa
2712 3046 2801 3100 illa
2836 3058 2888 3101 et
2920 3058 3148 3101 externa
3206 3046 3475 3100 idolorum

210 3120 385 3196 cheni
413 3134 498 3196 ep.
536 3116 589 3196 et
641 3121 896 3196 martyris
945 3122 1011 3173 ad
1054 3122 1373 3196 verbumex
1405 3116 1611 3196 Irenaeo
1648 3129 1798 3172 tran—
1829 3142 1870 3196 ρ
1906 3117 2219 3196 inventione
2270 3116 2529 3195 cultuque
2585 3126 3009 3196 peperit-emas
3036 3119 3149 3170 sive
3192 3117 3475 3196 hominum

213 3188 437 3248 scribit,
476 3188 599 3239 inde
628 3188 1009 3241 demonstrans
1054 3189 1195 3241 illius
1224 3189 1481 3257 epistolas
1514 3198 1567 3239 et
1598 3200 1797 3257 marty-

219 3259 366 3308 riutn
396 3257 603 3324 priscos
635 3257 814 3324 magni
847 3259 1205 3310 existimasse.
1241 3257 1414 3311 Verba
1440 3257 1582 3310 enim
1608 3257 1791 3324 lguatii

215 3335 353 3378 sunt
387 3324 439 3376 in
474 3323 715 3388 Epistola
736 3323 813 3375 ad
850 3324 1131 3378 Romanos.

294 3393 470 3446 Porro
502 3408 621 3446 cum
648 3393 735 3445 alii
757 3394 922 3445 etiam
947 3395 1137 3461 lgnatii
1165 3393 1511 3461 epistolarum
1544 3393 1800 3459 frequen-

215 3475 311 3517 ter
342 3462 689 3513 meminerint
724 3463 901 3528 magni
937 3464 1173 3530 nominis
1205 3477 1477 3530 proceres,
1515 3472 1573 3514 ut
1609 3462 1798 3529 Diony-

213 3534 336 3585 sius
371 3530 637 3598 AreOpag.
671 3546 790 3596 cap.
816 3530 847 3581 4
880 3530 1001 3583 libri
1030 3529 1101 3583 De
1130 3529 1319 3583 divinis
1352 3545 1529 3591 nom.;
1559 3532 1800 3582 Athana-

217 3602 340 3655 sius
374 3599 470 3650 lib.
508 3597 602 3649 Dei
628 3599 882 3665 synodis;
928 3598 1300 3651 Theodoretus
1332 3602 1383 3652 in
1421 3601 1593 3650 tribus
1628 3599 1799 3650 dialo~

215 3669 344 3737 gis;
379 3666 714 3737 Nicephorus
747 3668 903 3737 lib.“
934 3666 1210 3733 Historiis,
1244 3684 1365 3735 cap.
1392 3666 1483 3729 39,
1514 3676 1566 3720 et
1592 3667 1685 3737 lib.
1714 3682 1796 3729 Ill,

215 3735 345 3803 éap.
379 3735 476 3797 I9;
514 3737 781 3803 Antonius
815 3736 1162 3790 Melissa-lib.
1191 3752 1232 3796 ι.
1270 3751 1380 3788 ser.
1412 3737 1498 3797 lt,
1534 3747 1582 3787 et
1617 3735 1713 3788 lib.
1741 3752 1799 3798 ιι,

216 3802 334 3859 ser.
370 3803 457 3866 l9,
495 3803 587 3864 ‘23,
618 3804 708 3865 43,
743 3802 831 3865 67,
869 3804 939 3857 84
978 3813 1031 3858 et
1067 3805 1168 3868 89;
1215 3805 1482 3857 Maximus
1533 3804 1699 3856 abbas
1746 3815 1801 3857 et

220 3882 441 3941 tnartyr
463 3886 724 3942 sermone
752 3874 853 3942 43;
899 3873 1256 3942 Hieronymus
1286 3872 1481 3925 Contra
1509 3872 1797 3936 Elvidium,

216 3951 280 3994 et
342 3937 395 3993 in
449 3937 738 4008 Catalogo;
790 3941 1039 3995 Gelasius
1092 3937 1351 3994 Adversus
1402 3942 1693 4009 Eutychen,
1750 3955 1802 3995 et

222 4008 539 4076 complures
570 4009 656 4060 alii
684 4027 697 4060 :
728 4021 940 4078 oportet
969 4011 1249 4063 Calvinum
1293 4021 1346 4063 et
1375 4008 1798 4078 Magdcburgeu-

219 4093 317 4133 ses
365 4079 607 4129 omnium
649 4076 1115 4146 proﬂigatissimos
1146 4090 1199 4132 et
1230 4076 1621 4147 perditissimos
1656 4076 1800 4147 esse,

222 4146 321 4215 qui
357 4147 474 4198 illas
506 4148 860 4215 subsannant,
902 4148 1145 4200 lacerant.
1172 4158 1226 4200 et
1255 4146 1525 4214 rejiciunt.

515 4212 767 4281 Ejusdem
798 4217 1164 4269 adnotatione:
1196 4218 1251 4268 in
1286 4212 1400 4281 cap.
1426 4216 1517 4269 29.

300 4283 437 4351 Pag.
472 4284 597 4337 527.
648 4283 795 4335 Illud
823 4286 960 4353 quod
992 4295 1068 4337 est
1103 4288 1187 4337 sui
1215 4285 1442 4337 arbitrii.
1501 4286 1801 4340 Conﬁrmat

222 4368 424 4425 rursus
446 4352 749 4425 libertatem
773 4352 992 4425 arbitrii
1013 4355 1230 4425 humani
1253 4370 1266 4417 ;
1299 4365 1630 4421 quapropter
1657 4356 1803 4425 ﬂag-

220 4422 607 4489 deburgenses
640 4421 837 4475 rubore
882 4421 1119 4475 sull‘undi
1158 4425 1435 4485 deberent,
1491 4426 1578 4489 qtti
1616 4421 1800 4477 Patres

221 4490 486 4557 antiquos
514 4491 615 4542 hac
668 4490 719 4545 in
759 4506 817 4544 re
852 4490 953 4544 sibi
984 4506 1089 4543 non
1136 4502 1389 4545 constare
1431 4494 1801 4559 scripserunt:

223 4560 339 4631 nisi
391 4560 636 4611 homines
656 4569 868 4631 essent,
915 4575 1050 4629 quos
1080 4560 1317 4613 infantiae
1352 4575 1463 4614 suae
1496 4578 1671 4629 neque
1705 4578 1807 4631 pu-

224 4628 380 4687 deat,
416 4640 589 4693 neque
619 4627 820 4693 pigeat.

305 4693 556 4747 Conditio
604 4698 891 4749 insumitur
919 4698 1142 4751 homini.
1204 4696 1260 4751 Id
1295 4707 1401 4763 est,
1439 4699 1691 4753 universa
1742 4700 1809 4754 ad

224 4778 394 4817 usum
431 4764 663 4834 hominis
694 4764 907 4820 condita
944 4767 1197 4831 fuerunt;
1242 4769 1294 4820 id
1327 4770 1470 4834 quod
1505 4768 1668 4821 latius
1700 4779 1807 4821 tra-

226 4841 463 4904 ctantet
490 4833 913 4899 interpretantur
934 4836 1110 4904 Philo,
1144 4836 1235 4889 lib.
1269 4833 1571 4904 Deiopiﬁcio
1600 4839 1809 4901 mundi,

223 4899 469 4953 Basilius
500 4912 553 4953 et
579 4904 896 4956 Ambrosius
933 4904 982 4956 in
1024 4902 1281 4958 Hexaem.

308 4968 376 5020 In
405 4969 666 5043 profundo
696 4971 1033 5043 insipientiw,
1058 4972 1223 5040 juste.
1268 4973 1358 5027 Sic
1383 4973 1508 5043 legit
1536 4983 1689 5029 vetus
1720 4990 1810 5029 co-

225 5038 376 5108 dex;
408 5038 614 5108 excusi,
651 5040 1002 5107 «insipientia
1033 5038 1153 5108 ejus
1188 5051 1259 5106 te,
1292 5062 1309 5093 ι
1351 5038 1456 5096 etc:

314 5107 381 5157 Et
411 5106 581 5171 palea.
617 5106 954 5162 Auctoritate
984 5106 1087 5161 vet.
1118 5111 1239 5165 cod.
1274 5112 1635 5179 expunximus
1668 5129 1685 5162 ι
1715 5127 1810 5178 pa-

226 5175 390 5254 leas;
422 5192 440 5224 ι
482 5187 533 5228 et
568 5192 689 5228 mox
727 5191 823 5244 pro
873 5180 1223 5241 «assumitur,
1255 5175 1563 5233 assutuetur
1588 5202 1606 5232 ι
1653 5175 1810 5249 repo-

232 5258 475 5299 SUlnllIS.

313 5310 445 5375 Qua:
492 5312 635 5379 facta
664 5323 829 5368 estea:
860 5316 1095 5382 angelica
1125 5318 1415 5384 apostasia.
1477 5317 1696 5371 Certum
1731 5329 1815 5372 est

225 5392 518 5450 apostolus
547 5390 600 5434 ct
634 5384 1075 5452 przevariczttores
1100 5386 1321 5452 angelos
1349 5402 1456 5440 non
1487 5389 1657 5439 solum
1686 5389 1812 5439 hor—

225 5452 407 5521 renda
441 5465 502 5502 ea
550 5453 734 5521 omnia
769 5450 989 5521 ﬂagitia,
1039 5456 1092 5505 in
1136 5450 1334 5520 quibus
1378 5467 1506 5508 ante
1555 5458 1814 5508 diluvium

224 5518 421 5575 omnis
453 5536 579 5574 caro
633 5518 907 5575 luxuriose
951 5518 1268 5592 pct‘diteque
1323 5525 1565 5595 dcgerat,
1619 5526 1714 5579 sed
1760 5534 1814 5579 et

1286 3259 1414 3311 erba
1440 3257 1582 3310 enim
1608 3256 1796 3326 lguatii

317 5718 362 5749 "
398 5716 497 5773 Job
552 5734 590 5783 ι,
624 5717 677 5773 7.
753 5720 796 5753 ’⁸
838 5719 891 5775 [ιι
932 5721 1220 5778 Chronico.
1301 5723 1343 5754 ’⁵
1373 5723 1519 5781 Psal.
1555 5740 1701 5791 XLIX,
1727 5724 1781 5778 5.

1904 3188 2019 3239 sive
2055 3187 2335 3238 brutorutn
2374 3185 2642 3248 victimas,
2699 3184 3044 3252 intelligenda
3082 3186 3240 3238 modo
3290 3198 3478 3252 cense-

1905 3270 2053 3317 rem;
2107 3251 3235 3322 quandoquidempeccatum7angelorum
3270 3262 3325 3306 et
3360 3251 3475 3319 pri-

1903 3337 2113 3376 morum
2149 3329 2435 3389 parentum
2468 3320 2829 3374 idololatriam
2858 3320 3187 3389 Spiritualem
3222 3330 3275 3372 et
3311 3322 3479 3373 inter-

1904 3408 2026 3443 nam
2064 3390 2350 3441 nominant
2398 3389 2719 3442 Ambrosius
2767 3391 2817 3443 in
2856 3406 2904 3443 vt
2956 3404 3075 3457 cap.
3107 3389 3172 3442 ad
3225 3389 3386 3457 Βοιιι.
3425 3398 3477 3439 et

1901 3458 2195 3526 Augustin.
2228 3468 2421 3524 quaest.
2453 3457 2522 3509 83
2569 3471 2633 3509 ex
2688 3457 2838 3513 Novo
2894 3456 3268 3512 Testamento.
3334 3456 3476 3520 Quin

1905 3524 2067 3579 etiam
2099 3524 2344 3579 Justinus
2383 3534 2592 3593 martyr
2620 3528 2825 3591 primos
2854 3537 3111 3594 parentes
3144 3537 3359 3578 nostros
3392 3538 3491 3590 ρει-

1904 3596 2085 3649 radiso
2136 3597 2341 3663 ejectos
2394 3594 2546 3657 dicit,
2581 3596 2724 3661 quod
2772 3598 2902 3647 deos
2951 3596 3201 3663 crederet
3242 3598 3337 3659 qui
3372 3608 3477 3663 non

1904 3672 2109 3727 essent,
2143 3661 2477 3731 deorumque
2513 3677 2708 3715 nomen
2744 3663 2978 3731 posteris
3008 3662 3316 3714 tradidisse.
3357 3661 3481 3712 Am-

1906 3734 2121 3786 brosius
2156 3732 2247 3786 lib.
2286 3730 2362 3783 De
2391 3731 2664 3798 paradiso,
2701 3730 2821 3799 cap.
2854 3731 2940 3795 I3,
2976 3739 3285 3799 serpentem
3321 3738 3479 3783 vocat

1903 3803 2168 3868 originem
2198 3796 2538 3854 idololatria).
2577 3796 2882 3853 Observant
2915 3796 3131 3868 quoque
3160 3796 3413 3868 Clemens
3437 3810 3479 3850 ιι

1905 3865 2198 3937 (ἰεὸοθηὶιη
2256 3869 2587 3936 Theophilus
2619 3865 2992 3921 Antiochenus
3027 3865 3063 3920 II
3100 3866 3179 3919 Ad
3213 3865 3392 3937 Autol.
3426 3875 3477 3919 et

1904 3934 2151 3991 Justinus
2183 3937 2333 3991 Orat.
2362 3934 2591 4005 partem,
2626 3947 2932 4004 serpentem
2965 3938 3199 4004 primum
3234 3934 3475 3987 omnium

1906 4009 2035 4060 deos
2091 4008 2455 4060 multitudinis
2502 4021 2725 4060 numero
2781 4006 3109 4062 nominasse.
3174 4013 3233 4055 ut
3281 4012 3479 4055 tetrqu

1904 4090 2150 4129 errorem
2186 4078 2390 4131 sensim
2428 4077 2567 4127 inter
2602 4075 2850 4128 homines
2901 4074 3291 4127 introduceret.
3353 4068 3483 4139 Opi-

1906 4155 2109 4197 nantur
2163 4146 2216 4197 in
2255 4159 2450 4212 magna
2497 4142 2692 4197 Genesi
2741 4142 2950 4196 llebrmi
2987 4142 3139 4196 Caini
3176 4141 3479 4212 improbant

1908 4214 2222 4283 progeniem
2258 4208 2578 4277 invaluisse,
2601 4214 2892 4283 rDeun‘tque
2923 4221 2978 4263 et
3024 4212 3139 4279 ejus
3173 4212 3239 4261 de
3286 4208 3480 4283 Messia

1906 4276 2289 4349 promissiones
2309 4284 2460 4335 nihili
2487 4276 2737 4346 duxisse;
2764 4276 3079 4349 Heniochum
3103 4291 3235 4349 vero
3256 4278 3365 4329 veri
3391 4276 3483 4328 Dei

1908 4348 2299 4404 invocationem
2321 4364 2626 4410 renovasse,
2654 4352 2862 4403 caneris
2887 4352 2950 4402 ad
2980 4348 3335 4401 idololatriam
3359 4359 3487 4412 pro-

1910 4419 2253 4484 clivioribus;
2309 4434 2542 4487 quorum
2596 4421 2861 4483 judicium
2912 4418 3177 4485 approbat
3209 4425 3263 4468 et
3297 4416 3483 4467 laudat

1910 4489 2159 4542 Oleaster
2192 4487 2482 4542 Lusitanus
2510 4488 2800 4540 Comment.
2835 4488 2887 4538 in
2920 4487 3106 4539 Genet.

1976 4555 2203 4623 Propter
2228 4574 2345 4625 qua:
2374 4567 2419 4609 et
2451 4558 2703 4608 diluvium
2733 4556 3051 4625 superveniet
3079 4556 3237 4622 ignis.
3297 4553 3481 4624 Ignem

1944 4637 2194 4679 ostremte
2220 4623 2403 4679 mundi
2431 4624 2877 4692 conﬂagrationis
2908 4623 3179 4692 intelligit,
3213 4626 3303 4692 qui
3331 4623 3483 4676 theo-

1909 4642 2155 4746 roszorum
2185 4696 2474 4746 sententia.
2510 4705 2563 4746 et
2595 4695 2828 4745 mediam
2855 4702 2911 4745 et
2946 4692 3183 4744 inﬁmam
3213 4694 3355 4746 aeris
3391 4706 3479 4744 re-

1929 4710 2155 4761 ogorum
2185 4696 2474 4760 sententia,
2510 4705 2563 4746 et
2595 4695 2828 4745 mediam
2855 4702 2911 4745 et
2946 4692 3183 4744 intimam
3213 4694 3355 4746 aeris
3391 4706 3479 4744 re-

1908 4768 2145 4832 gionem,
2174 4765 2414 4831 adeoque
2444 4764 2748 4815 universam
2776 4773 3002 4822 terram,
3031 4772 3085 4813 et
3112 4761 3285 4829 ipsum
3315 4762 3480 4832 etiam

1917 4829 2064 4883 mare
2115 4829 2399 4885 ardoribus
2447 4834 2560 4885 suis
2593 4832 2850 4899 corripiet
2903 4829 3484 4899 atqueperpurgabit.

1918 4901 1995 4954 De
2029 4900 2129 4953 hoc
2163 4917 2192 4970 τι
2227 4902 2495 4970 Propheta
2531 4898 2999 4970 dictumvolunt:
3042 4898 3229 4970 «Ignis
3264 4898 3484 4970 incon-

1916 4980 2105 5037 spectu
2140 4966 2257 5035 ejus
2308 4966 2625 5023 exardescet
2648 4969 2714 5031 ”,
2766 4979 2913 5032 etc.;
2949 4966 3254 5034 lgnis’ante
3306 4969 3480 5034 ipsum

1959 5041 2185 5091 raecedet
2208 5039 2272 5101 ³ο,
2300 5058 2317 5089 ι
2348 5050 2451 5092 etc.
2512 5039 2577 5091 Et
2610 5053 2639 5090 a
2676 5037 2735 5093 13.
2769 5040 2931 5092 Petro
2970 5054 2982 5089 :
3024 5055 3041 5086 ι
3073 5038 3343 5089 Elemcuta
3387 5048 3483 5089 ca-

1939 5122 2035 5159 ore
2082 5111 2379 5171 solventur,
2434 5117 2573 5161 terra
2615 5117 2794 5159 autem
2850 5115 2906 5159 et
2951 5120 3075 5173 quae
3122 5107 3176 5159 in
3216 5107 3325 5171 ipsa
3362 5113 3486 5157 sunt

1918 5192 2081 5243 opera
2132 5189 2493 5240 exuremur,»
2552 5175 2573 5226 1
2614 5176 2732 5228 Pet.
2776 5191 2860 5239 ιιι,
2903 5172 2984 5229 l0.
3042 5172 3170 5227 Vide
3204 5186 3485 5225 sermones

1922 5255 2315 5315 tractatusque
2342 5246 2401 5297 Β.
2435 5245 2666 5315 Ephrem
2710 5247 2831 5315 Syri
2860 5245 2945 5315 de
2999 5245 3396 5315 resurrectione
3429 5252 3483 5295 et

1921 5315 2103 5366 l'uturo
2152 5313 2380 5381 judicio,
2442 5324 2497 5366 ct
2554 5313 3175 5368 Patres’scholasticos-
3200 5314 3265 5364 ad
3321 5314 3483 5363 tinent

1921 5383 2011 5437 lib.
2042 5398 2094 5436 tv
2128 5383 2277 5438 Sent.

2109 5454 2272 5521 200
2301 5451 2550 5519 Ejusdem
2582 5452 2944 5504 adnotationes
2975 5451 3029 5501 in
3054 5465 3171 5521 cap.

1989 5515 2276 5592 Pagi—3'23.
2320 5515 2417 5575 llis
2446 5531 2620 5575 autem
2645 5525 2719 5575 sic
2752 5537 2805 5575 se
2832 5520 3160 5573 habentibus.
3216 5515 3488 5573 Eusebius

1861 5723 1903 5754 ³⁸
1934 5722 2071 5779 I’Sal.
2112 5737 2250 5787 xcrv,
2293 5722 2325 5775 5
