4170 6310
193 411 334 468 1825

1466 403 1534 460 ΙΝ
1574 403 1700 457 LIB.
1747 402 1786 456 γ
1825 402 1881 457 S.
1917 400 2199 458 ΙΗΕΝΕΙ.

3295 406 3317 459 1
3329 405 3434 461 826

191 546 306 587 rem
340 544 464 587 esse
496 526 907 588 existimarunt;
944 520 1157 592 quando
1200 534 1390 592 omnes
1422 521 1609 575 bestia:
1642 520 1747 573 huc
1776 522 1822 578 Α
1851 532 1970 592 suo,
2022 516 2229 592 ingenti
2277 516 2474 592 gaudio
2497 516 2717 592 ,‘t‘ectis
2758 530 2820 571 ac
2851 515 3073 592 sedibus
3128 515 3242 573 suis
3284 534 3436 592 rere-

183 600 275 667 jus
305 600 704 670 Apocalypseos
737 592 1094 670 conditiones,
1122 600 1175 644 et
1199 591 1550 670 singulaque
1585 606 1611 670 ξι
1647 592 1750 658 pri.

187 658 301 723 scis
335 658 400 723 de
431 658 767 724 Aniichristo
821 662 1021 729 scripta
1067 669 1235 729 stant,
1290 658 1342 711 in
1380 660 1469 712 illo
1516 658 1599 729 vel
1636 676 1751 712 ma-

182 738 291 804 jori
346 752 410 791 ex
468 746 621 807 parte
666 728 990 807 jampridem
1047 728 1335 807 completa,
1394 728 1471 807 vel
1516 728 1582 807 _iu
1637 731 1752 782 dies

187 798 685 874 compleri-nullus
736 801 939 874 estqui
996 812 1101 851 non
1135 798 1336 852 videat.
1396 798 1751 867 Conjecturas

188 869 380 929 eorum
415 888 667 938 ulcusque
702 869 944 938 subjicio.

260 944 529 998 Convenit
585 934 829 1010 inprimis
893 934 1451 1010 illiu_s_appellationi_
1492 950 1751 1010 numerus

186 1014 501 1070 Grmrarnm
536 1003 833 1064 litterarum
871 1006 1103 1060 nominis
1139 1005 1392 1065 bestizea
1425 1003 1633 1059 Joanne
1668 1008 1752 1059 de-

187 1087 438 1149 είκιιηιης
461 1081 507 1112 η
545 1100 556 1133 ;
590 1077 868 1149 εῖαιιὶᾴςεηΔ
898 1074 1279 1149 -ρειρ-Α-Ιίιιεζω
1327 1074 1753 1149 nominis_hnjus

185 1142 566 1214 M'AOMETIS,
602 1142 713 1202 sive
746 1142 1118 1201 MOAMETIS,
1156 1144 1230 1195 uti
1266 1144 1507 1214 scribunt
1547 1142 1753 1213 Euthy-

186 1223 336 1275 mius
358 1222 424 1278 ³’.
479 1212 715 1273 Zonaras
738 1215 781 1245 “
816 1224 870 1269 et
900 1214 1199 1277 Cedrenus,
1238 1212 1530 1267 coniiciunt
1564 1212 1753 1267 nume-

186 1306 311 1343 rnm
347 1290 469 1344 666.

261 1361 444 1427 Signis
486 1365 539 1427 et
573 1353 848 1427 prodigiis
889 1351 1282 1427 mendacibus,_
1317 1350 1495 1427 qualia
1552 1348 1752 1407 Paulus

188 1428 306 1482 lilio
324 1418 653 1497 vpertlitionis
688 1418 897 1497 tribuit,
927 1422 1235 1497 instructus
1258 1418 1356 1497 fuit
1380 1420 1711 1497 illahometes
1735 1438 1749 1474 :

184 1514 314 1550 nam
335 1489 403 1548 "et
435 1496 571 1547 liber
603 1492 970 1556 generationis
1001 1505 1134 1552 suae,
1170 1498 1225 1540 et
1259 1489 1448 1555 reliqui
1483 1503 1754 1541 commen-

185 1567 315 1619 tarii
351 1564 747 1619 Saracenorum
778 1558 1120 1622 Chronicd’m,
1158 1557 1525 1625 genealogiam
1582 1560 1751 1625 ipsius

185 1649 361 1701 usque
393 1634 459 1686 ad
494 1630 624 1684 Setb
658 1638 713 1681 et
745 1630 917 1701 Adam
972 1627 1298 1701 monstrosis
1332 1636 1387 1680 et
1427 1626 1752 1701 blasphemis

185 1696 387 1756 {abillis
419 1706 746 1762 contexunt;
805 1700 1023 1762 dehinc,
1081 1697 1220 1763 quod
1256 1696 1373 1748 sine
1419 1696 1529 1748 ullo
1562 1697 1751 1750 matris

183 1770 378 1824 dolore
408 1786 473 1824 ex
509 1777 661 1821 utero
695 1768 975 1834 prodierit,
1032 1774 1085 1818 et
1118 1764 1476 1818 circumcisus
1527 1774 1582 1817 et
1616 1765 1752 1819 hila-

184 1841 408 1912 ris;f_in
457 1840 572 1907 ejus
607 1835 768 1912 natali
804 1836 994 1912 omnia
1034 1835 1184 1912 orbis
1240 1834 1379 1885 idola
1414 1835 1747 1912 corruerint;
1783 1853 1829 1912 Β

182 1902 406 1962 Lucifer
438 1902 690 1972 arreptus
722 1905 788 1957 ab
823 1904 1047 1973 angelis,
1084 1904 1385 1973 immersus
1434 1902 1596 1973 fuerit
1628 1918 1753 1969 pro-

182 1975 356 2030 funde
408 1971 576 2028 maris
603 1973 859 2026 Alcazum
882 1971 914 2037 ς’
953 1971 1096 2025 venti
1144 1979 1199 2023 et
1231 1985 1358 2023 aves
1392 1978 1447 2023 et
1482 1972 1649 2026 nubes
1684 1973 1752 2026 de

182 2046 510 2099 educatione
560 2044 677 2109 ejus
728 2043 1092 2102 decertarint;
1147 2041 1298 2092 asina
1350 2053 1480 2092 voce
1514 2040 1751 2093 humana

180 2116 397 2168 vocarit
451 2114 596 2165 illum
654 2112 1037 2179 prophetarum
1081 2109 1350 2176 sigiilutn;
1404 2117 1522 2179 atra
1578 2113 1751 2163 nubes

181 2185 328 2239 cmlo
361 2178 711 2251 quantumvis
743 2193 960 2251 sereno,
995 2193 1156 2251 supra
1192 2186 1354 2251 caput
1378 2178 1570 2251 Lipsius
1604 2193 1749 2231 sem-

180 2268 286 2335 per
328 2246 617 2320 conspecta
653 2250 756 2313 sit;
811 2248 1308 2335 lunamnbipertito
1352 2246 1588 2335 ldivisam
1623 2261 1754 2299 con-

206 2324 427 2375 tinxerit
458 2315 511 2373 et
544 2318 907 2386 eompegerit;
944 2315 1254 2386 aGabriele
1284 2315 1527 2386 sublatus
1561 2317 1611 2386 in
1647 2329 1753 2368 caa-

206 2337 427 2375 unxcrtt
458 2337 511 2373 et
544 2337 907 2386 cutnpegertt;
944 2337 971 2367 a
1006 2337 1254 2369 uaurtete
1284 2337 1527 2367 summus
1563 2337 1611 2368 Ill
1647 2337 1750 2368 cu:-

176 2337 321 2454 inm,
359 2391 429 2444 ibi
477 2404 570 2440 sua
619 2386 874 2457 mysteria
909 2385 1157 2457 didicerit
1181 2385 1247 2436 “.
1308 2383 1507 2457 Paulus
1556 2384 1750 2457 Diaco:

178 2474 291 2514 nus
312 2452 361 2499 V‘i
392 2468 446 2513 et
478 2452 788 2510 Zonaras“
840 2452 1079 2508 referunt
1134 2468 1259 2505 eum
1313 2456 1438 2504 dum
1491 2454 1751 2507 comitiali

181 2528 404 2589 morbo,
460 2542 553 2581 seu
589 2526 846 2593 epilrpsia
885 2532 1205 2584 tentaretur,
1264 2522 1580 2593 excitatum,
1633 2534 1752 2593 post

180 2596 310 2651 aliis
363 2591 700 2665 persuasisse
732 2591 872 2647 ‘sese
928 2602 1036 2645 tum
1091 2606 1215 2645 cum
1267 2591 1595 2658 arcbaugelo
1642 2591 1752 2646 Ga-

180 2664 373 2721 briele’
392 2664 567 2717 fabula
578 2665 641 2718 ri.

256 2735 311 2787 In
364 2734 661 2802 Babylonia
725 2732 1058 2802 nasciturum
1116 2728 1638 2802 Antichr_istum,_et
1699 2730 1750 2783 in

179 2798 497 2861 Betltsaida;
525 2801 965 2869 Capernattmﬂac
998 2799 1261 2869 Chorasin
1288 2798 1505 2869 educari
1532 2800 1749 2862 debere,

181 2870 502 2940 Hieronymi
526 2866 615 2932 “,’
647 2869 830 2940 201⁸-
860 2868 1138 2940 method!
1168 2870 1426 2940 martyris
1450 2866 1517 2933 “,
1570 2870 1752 2937 Augu-

182 2942 314 2995 stini
345 2934 412 3000 ⁸⁶ξ
464 2949 517 2992 et
571 2934 870 3007 Biojsienitt
906 2935 954 3007 ΙΙ,
980 2938 1043 3007 ad
1079 2934 1476 2999 Thessalo'lic"
1535 2946 1609 3007 eis
1641 2934 1756 3005 pilu-

184 3010 327 3064 rium
364 3005 595 3060 θεῖοι-ιιιιῖ
627 3007 896 3060 sententia
932 3006 1034 3057 luit
1078 3021 1091 3055 :
1128 3007 1270 3071 quod
1302 3015 1528 3058 eatenus
1565 3005 1752 3058 Multo-

183 3079 316 3133 meti
352 3077 647 3131 convenire
678 3074 939 3139 iudicavit
982 3072 1220 3126 Joannes
1268 3071 1586 3136 llentenius,
1622 3091 1755 3141 qna-

182 3155 347 3229 tenus
398 3155 601 3198 sectam
659 3144 801 3229 illius
834 3157 952 3194 cum
1009 3142 1199 3229 primis
1250 3156 1437 3191 earum
1471 3142 1751 3221 civitatum
1782 3174 1824 3229 ο

183 3217 377 3269 incolae
407 3228 601 3281 magno
634 3213 811 3265 studio
846 3220 900 3261 et
943 3209 1112 3281 animi
1167 3210 1380 3261 fervore
1431 3214 1753 3281 receperint,

182 3278 532 3339 defenderint
575 3292 629 3334 et
668 3294 969 3348 propagare
996 3278 1047 3331 in
1085 3281 1227 3331 hunc
1262 3292 1432 3344 usque
1461 3279 1601 3332 diem
1638 3295 1757 3332 con-

183 3354 486 3407 tetttlerittt.

251 3424 335 3476 Ad
364 3423 475 3475 haec
502 3435 625 3474 eum
656 3416 989 3472 exoriturum
1033 3430 1099 3468 ex
1134 3424 1297 3481 gente
1318 3413 1651 3479 Judaaorum,
1675 3429 1757 3469 at-

178 3507 289 3560 que
320 3491 387 3543 de
434 3491 573 3542 tribu
626 3490 760 3550 Dan,
784 3500 975 3560 omnes
1011 3484 1122 3537 fere
1148 3485 1508 3560 ecclesiastici
1541 3487 1758 3560 littera-

182 3552 306 3615 rum
349 3560 712 3611 monumentis
751 3557 1101 3621 reliquerunt.
1146 3552 1496 3607 Mahometem
1526 3557 1755 3607 Arabem

180 3643 305 3683 esse
338 3627 470 3680 nihil
496 3629 697 3687 obstat,
734 3625 1000 3692 siquidem
1032 3630 1202 3674 mater
1226 3621 1339 3687 ejus
1375 3621 1588 3692 Etnitta,
1618 3624 1758 3675 alias

181 3698 421 3761 hennia,
444 3695 627 3748 ludam
659 3690 876 3757 erat,'et
900 3692 1150 3761 fortassis
1176 3706 1241 3743 ex
1281 3694 1419 3744 tribu
1456 3690 1588 3743 Dan.
1616 3693 1761 3744 Prac-

179 3777 333 3822 terea
360 3760 592 3824 Arabes,
616 3764 869 3830 Agareni,
896 3770 955 3830 et
1004 3760 1288 3830 lstnaelita:
1320 3775 1388 3813 ex
1424 3772 1613 3830 sancto
1660 3772 1759 3827 pa-

185 3836 430 3889 triarcha
460 3828 734 3886 Abraham
768 3845 862 3900 per
894 3828 1084 3882 lsmael
1114 3837 1184 3900 et
1203 3828 1364 3891 Esau,
1396 3840 1454 3900 ut
1482 3837 1536 3881 et
1562 3828 1756 3896 Judaei,

184 3903 580 3958 descenderant
607 3916 621 3963 ;
653 3898 814 3967 atque
850 3908 976 3952 tunc
1008 3900 1145 3951 inter
1172 3898 1272 3951 bos
1314 3911 1369 3951 et
1398 3899 1519 3951 illos
1542 3900 1751 3967 nuptia-

186 3988 305 4026 rum
331 3971 535 4025 l'tedera
574 3982 948 4037 saepenumero
999 3968 1403 4020 sanciebantur.
1448 3968 1585 4033 Quid
1628 3970 1757 4021 item

184 4041 443 4110 prohibet
470 4040 651 4110 dicere
680 4048 924 4110 matrem
962 4037 1233 4110 impurum
1257 4045 1493 4110 sem-tuin
1525 4051 1589 4089 ex
1643 4038 1760 4110 viro

185 4105 372 4162 iribuli
396 4120 518 4163 suo,
538 4108 640 4157 hoc
654 4119 839 4158 semen
860 4105 1227 4159 adulterinum
1243 4106 1573 4171 suscepisse,
1594 4121 1713 4158 max
1726 4108 1764 4158 i-

188 4192 273 4231 tne
297 4191 422 4229 cum
449 4176 679 4229 doceant
697 4174 887 4228 Patres
913 4177 1059 4226 illum
1083 4189 1147 4226 ex
1170 4175 1503 4227 Salacissitua
1534 4176 1761 4229 muliere

184 4246 564 4314 proditurum;
613 4244 808 4314 sicute
838 4243 1119 4314 contrario
1143 4242 1419 4314 Christum
1453 4255 1525 4314 εξ
1565 4245 1759 4297 imnta-

184 4310 524 4368 culatissima
556 4323 611 4366 et
634 4312 938 4365 beatissima
981 4310 1240 4378 Virgine?
1280 4311 1456 4365 Locus
1488 4312 1762 4366 Geneseos

184 4392 349 4451 Quem
373 4384 441 4434 ad
478 4384 815 4451 propositqu
848 4381 1276 4445 continuandum
1320 4390 1615 4448 usurpant,
1653 4384 1763 4435 l'or-

184 4450 284 4505 situ
320 4451 512 4504 melius
541 4450 606 4504 de
632 4451 893 4503 Satnsone
922 4463 1080 4516 quatn
1111 4451 1176 4502 de
1207 4450 1543 4503 Antichristo
1592 4466 1751 4519 expo-

186 4530 434 4589 neretur,
461 4522 907 4589 quemadmodum
953 4532 1049 4571 nec
1078 4518 1763 4589 dilliteretnrnliippolytus,

183 4587 504 4656 Procopius,
535 4587 784 4651 Gazaeus,
827 4588 1115 4654 pluresque
1163 4589 1253 4640 alti
1278 4587 1355 4658 7".
1392 4588 1490 4658 ,νει
1532 4587 1762 4658 spiritali

183 4659 599 4711 oonvenientius
622 4673 779 4724 quam
812 4658 1029 4709 lttterali
1047 4671 1230 4722 sensu,
1257 4657 1321 4711 de
1346 4656 1434 4709 illa
1469 4656 1607 4711 tribu
1631 4670 1764 4712 Ven-

186 4730 349 4795 turos
376 4728 456 4778 sic
487 4726 907 4795 intelligeretur;
957 4726 1211 4793 quoniam
1240 4728 1379 4779 sicut
1407 4727 1519 4780 Dan
1551 4744 1655 4780 non
1690 4743 1759 4782 ex

184 4794 461 4857 hachele,
508 4810 608 4849 nec
648 4797 762 4853 Lia,
798 4796 983 4847 liberis
1019 4797 1298 4857 uxoribus,
1331 4798 1424 4849 sed
1464 4812 1532 4850 ex
1563 4797 1757 4850 ancilla

184 4864 319 4917 Bala
350 4874 506 4933 natus
540 4878 655 4927 est;
681 4865 762 4916 sic
800 4864 1169 4917 Antichristus
1198 4864 1550 4929 llahonietes,
1584 4880 1759 4933 neque

183 4947 256 4986 ex
284 4936 429 4986 veris
452 4926 670 4996 Judmis,
706 4946 881 4999 neque
916 4948 981 4985 ex
1010 4934 1350 4997 Christianis,
1386 4935 1475 5001 qui
1503 4926 1600 4987 soli
1632 4926 1756 4987 vera

190 5004 470 5071 religionis
504 5006 700 5070 pietate
738 5003 844 5055 beo
893 5003 1070 5055 devoti
1101 5014 1155 5055 et
1180 5007 1482 5056 consecrati
1514 5004 1755 5070 fuerunt,

184 5082 344 5141 ortos
370 5081 471 5133 est,
508 5074 603 5124 sed
625 5086 691 5123 ex
717 5071 942 5141 impuris
966 5073 1237 5125 Arabibus
1261 5083 1314 5125 et
1341 5074 1629 5141 Agarenis.

262 5138 485 5210 Iudaeos
527 5152 851 5208 exceptutos
873 5138 1104 5210 illumin
1135 5157 1290 5196 suum
1326 5138 1505 5210 regem
1544 5155 1599 5195 et
1626 5142 1769 5196 Mes-

185 5208 330 5265 Iiam
360 5207 627 5261 aﬂirtnant
658 5207 1021 5278 Augustinus,
1069 5209 1313 5280 Hieron._,
1352 5207 1607 5279 Ephrem,
1640 5214 1767 5280 llip-

187 5281 562 5349 polytus,_etc.
588 5282 669 5331 Ad
694 5282 1053 5332 Mahometen‘.
1082 5280 1234 5332 initio
1278 5278 1492 5334 Iudaeos
1516 5278 1766 5333 caterva-

187 5346 297 5401 tim'
320 5346 675 5414 conﬂuxisse,
711 5362 941 5416 euntque
981 5364 1082 5417 pro
1122 5350 1338 5404 Christo
1380 5358 1434 5404 et
1470 5351 1767 5407 liberatore

260 5486 503 5557 “Apoc.
528 5503 647 5550 xm,
684 5488 770 5541 i7.

183 5560 231 5592 "
257 5557 383 5614 Lib.
412 5573 548 5610 Mitt
574 5558 712 5611 lltst.

908 5487 953 5521 ³⁸
1000 5486 1127 5540 Par.
1183 5503 1220 5541 ιι
1282 5484 1444 5549 Pan.,
1500 5487 1585 5541 tit.
1632 5486 1723 5542 2i.

810 5556 857 5588 ⁸⁸
888 5557 1041 5610 Tum.
1068 5554 1130 5611 Ill
1161 5557 1356 5609 Annal.

1835 5488 1881 5521 ⁸⁸
1912 5488 2065 5544 Tom.
2098 5488 2163 5543 ΙΙΙ
2217 5487 2415 5543 Annal.

1450 5555 1497 5585 “
1518 5558 1573 5608 III
1596 5572 1718 5624 Cap.
1748 5573 1798 5609 ιι
1836 5558 1971 5613 Dan.

187 5628 287 5682 lib.
318 5629 384 5691 de
407 5642 555 5680 cons.
607 5626 815 5690 tnund.;
842 5626 1007 5680 Meth.
1042 5630 1093 5679 in
1126 5628 1333 5691 lievel.;
1367 5626 1507 5692 Aug.
1552 5637 1710 5679 tract.
1756 5632 1822 5679 de
1856 5632 2106 5683 Antichr.

1853 589 1995 654 pisse
2031 587 2223 640 scribit
2280 586 2475 639 Paulus
2526 588 2791 641 Diaconos
2836 586 2922 650 “;
2981 587 3073 653 qui
3132 595 3184 640 et
3236 588 3440 645 tributa

1853 667 2013 724 atque
2045 654 2325 722 vectigalia
2372 656 2444 708 illi
2474 656 2618 711 ultro
2658 654 2878 722 polliciti
2931 656 3233 720 solverunt,
3269 666 3440 723 atque

1856 728 1910 779 in
1947 724 2243 793 perniciem
2281 726 2713 780 Christianorum
2751 726 2815 777 ad
2862 725 2963 777 hoc
2997 735 3213 792 tempus
3250 725 3438 780 illabo-

1854 794 2089 848 metanis
2117 808 2331 847 onmem
2362 809 2581 860 operam
2614 805 2669 849 et
2702 794 2943 847 studium
2977 802 3180 846 navant
3216 804 3270 847 et
3288 796 3433 848 elar-

1853 866 2096 932 giuntur,
2127 863 2291 917 veluti
2318 864 2477 918 [idem
2521 864 2730 918 faciunt
2760 872 2813 916 et
2860 874 3108 917 recentes
3134 874 3188 918 et
3222 873 3436 920 veteres

1857 934 2116 987 historiae.

1925 1003 1993 1055 At
2026 1002 2413 1062 Autichristus,
2468 1003 2543 1056 ait
2578 1002 2886 1070 Apostolus,
2918 1001 3114 1056 et'l'eret
3170 1016 3229 1055 se
3271 1018 3437 1071 supra

1855 1071 1906 1125 id
1939 1086 2099 1125 omne
2126 1074 2268 1140 quod
2301 1072 2500 1123 dicitur
2516 1074 2653 1126 Dens
2682 1074 3014 1135 autcolitnr,
3052 1073 3126 1126 ita
3165 1081 3223 1124 ut
3250 1074 3437 1127 sedem

1855 1141 2294 1208 domicilimnqne
2342 1155 2497 1193 suum
2536 1144 2588 1192 in
2640 1140 2838 1207 templo
2876 1140 2966 1193 Dei
3014 1142 3085 1195 sit
3130 1141 3436 1195 collocatu-

1856 1226 1945 1264 rus
1980 1210 2045 1266 δ’.
2074 1208 2427 1272 Mabometes,
2454 1208 2597 1263 dicet
2624 1209 2839 1275 aliquis,
2859 1225 3134 1276 nunquam
3159 1224 3217 1263 se
3241 1208 3434 1270 Deum.

1853 1281 1945 1333 sed
1974 1290 2233 1347 perpetuo
2269 1280 2565 1339 hominem,
2594 1280 2938 1346 prophetam,
2964 1288 3018 1331 et
3054 1280 3143 1332 Dei
3178 1278 3435 1333 nuntium

1854 1350 2107 1416 pradicat
2150 1350 2201 1400 in
2225 1348 2529 1401 Alcorano:
2576 1362 2790 1414 neque,
2828 1362 2989 1413 quam
3024 1363 3298 1415 nunquam
3336 1349 3437 1401 oh-

1855 1419 2016 1480 sedit,
2051 1417 2095 1471 is
2116 1416 2507 1485 Jerosolymam
2539 1419 2897 1486 expugnavit;
2937 1432 3111 1484 neque
3146 1420 3197 1470 in
3234 1418 3438 1486 templo

1858 1487 2002 1555 illius
2034 1502 2128 1555 pro
2163 1487 2270 1539 Deo
2306 1484 2523 1539 habitus
2584 1484 2701 1537 fuit
2732 1484 2798 1537 ⁵⁸.
2856 1485 2903 1538 Is
2960 1489 3060 1539 hoc
3113 1484 3435 1553 responsum

1856 1554 1996 1607 ferat
2022 1553 2043 1608 εὴ
2062 1553 2168 1609 diis
2195 1557 2447 1608 omnibus
2487 1555 2849 1618 ethnicorum,
2869 1556 3221 1619 patriarchis,
3245 1555 3435 1621 Moysi,

1855 1625 2180 1691 exterisque
2208 1625 2507 1692 prapbetis,
2561 1624 2668 1677 imo
2694 1623 3047 1692 QbristoDeo
3088 1639 3214 1676 vere
3239 1634 3293 1677 et
3331 1623 3441 1677 Do-

1856 1694 2001 1746 mino
2049 1704 2253 1755 nostro,
2284 1708 2348 1746 ac
2371 1692 2486 1759 ejus
2515 1707 2673 1745 sacro
2704 1691 3018 1761 Evangelio,
3075 1692 3439 1748 Mahometem

1856 1777 1913 1815 se
1953 1763 2237 1828 profanum
2270 1776 2427 1815 suum
2456 1761 2810 1820 Alcoranum,
2842 1774 2909 1814 ex
2963 1761 3436 1827 philosophorum,

1858 1831 2223 1893 ethnicorum,
2252 1829 2580 1890 Judzeorum,
2605 1829 2948 1892 Arianorum,
2980 1830 3436 1893 Sabellianorutn,

1857 1910 1909 1953 et
1942 1898 2360 1953 Manichmorum
2394 1898 2741 1967 opinionibus
2772 1938 2787 1962 ,
2842 1900 3120 1952 erroribus
3150 1937 3163 1961 ,
3214 1897 3431 1963 fabulis,

1854 1967 2208 2035 blasphemiis
2250 1978 2304 2023 et
2334 1968 2628 2030 furoribus,
2679 1976 2737 2020 ut
2770 1967 3144 2023 detestandum
3189 1977 3244 2020 et
3292 1984 3440 2022 tuon-

1854 2046 2131 2090 struosum
2163 2039 2329 2092 chaos
2349 2036 2642 2090 conﬂatum
2677 2051 2739 2088 ac
2767 2040 3148 2102 compositum,
3176 2048 3434 2105 tanquam

1852 2121 1884 2159 e
1922 2120 2137 2160 summo
2168 2107 2305 2159 crelo
2331 2107 2611 2174 delapsum
2634 2104 2855 2159 omnino
2883 2104 3435 2172 praeferendum'sta-

1857 2174 2047 2238 tuisse,
2082 2188 2181 2228 nec
2240 2176 2291 2227 id
2348 2176 2557 2236 solum,
2592 2178 2683 2226 sed
2736 2182 2791 2225 et
2847 2174 3113 2227 sanxisse.
3178 2175 3431 2227 Alcorani

1852 2243 2319 2311 contemptoribus
2354 2258 2541 2308 pceuas
2564 2254 2800 2296 aeternas
2820 2245 3076 2304 minatur,
3102 2245 3310 2296 Azoara
3344 2241 3431 2307 li,

1856 2311 1941 2375 13,
1969 2313 2071 2382 27,
2101 2313 2189 2375 ll,
2221 2312 2310 2382 44,
2339 2314 2440 2373 70;
2472 2313 2648 2365 onmis
2698 2313 2950 2382 [alsitatis
2994 2323 3274 2382 expertem
3311 2328 3436 2382 pro-

1854 2381 2023 2446 ponit,
2079 2390 2130 2434 et
2157 2380 2440 2434 eblirtnate
2490 2382 2788 2443 contendit,
2845 2381 3053 2433 Aanra
3088 2381 3180 2443 20,
3211 2380 3435 2445 22,42,

1853 2450 2022 2503 veluti
2114 2450 2370 2503 divinitus
2447 2459 2752 2515 acceptum,
2832 2450 3039 2502 Azoara
3120 2449 3156 2500 2
3203 2460 3255 2501 et
3318 2451 3434 2515 56;

1855 2519 2195 2572 Christianos
2228 2534 2258 2571 a
2287 2518 2505 2573 Christo
2532 2520 2760 2570 salutem
2793 2531 3067 2585 nunquam
3090 2520 3434 2584 obtenturus,

1858 2587 1957 2640 nisi
1990 2588 2251 2643 benelieio
2300 2596 2353 2640 et
2402 2590 2750 2655 deprecatore
2784 2585 3121 2648 Mabotnete,
3160 2588 3211 2639 in
3255 2588 3437 2644 Collo-

1854 2656 1982 2725 quio
2023 2673 2146 2712 cum
2196 2655 2419 2710 Judtcis.
2482 2657 2607 2710 Suis
2653 2657 3027 2709 sectatoribus
3061 2658 3435 2709 remissionem

1856 2738 2203 2795 peccatorum
2235 2738 2288 2779 et
2321 2727 2672 2794 multiplicem
2714 2726 3026 2795 paradisum
3077 2726 3250 2778 audax
3280 2727 3405 2794 polii
3426 2754 3438 2765 -

1856 2794 2032 2858 eetnr,
2055 2799 2266 2849 Azoara
2291 2796 2325 2847 2
2348 2808 2399 2847 et
2421 2796 2474 2849 5.
2502 2796 2701 2848 Mecha:
2733 2795 2801 2846 ab
2825 2794 3077 2851 omnibus
3109 2808 3218 2846 sua:
3249 2810 3437 2864 snper-

1857 2865 2098 2933 stitionis
2126 2865 2479 2930 amatoribus,
2499 2864 2650 2933 quasi
2688 2864 2828 2915 Deus
2862 2872 3044 2914 nostro
3069 2872 3313 2933 tempore
3344 2879 3439 2916 co-

1856 2932 2001 2986 litur.
2042 2933 2359 3001 Complures
2385 2932 2642 3001 notarunt
2674 2933 2717 2962 ⁵¹
2749 2947 2941 2984 manus
2966 2941 3021 2983 et
3053 2933 3215 3001 pedes
3246 2932 3436 2986 illabo-

1859 3004 2037 3072 metis,
2065 3007 2115 3054 in
2154 3000 2349 3069 templo
2384 3000 2741 3072 Jerosolytnis
2764 3002 2831 3053 ab
2870 3003 3038 3072 (imar
3069 3000 3361 3065 aediﬁcato,
3404 3018 3435 3054 a

1857 3069 2251 3124 Maltometanis
2297 3069 2802 3124 celebrariCSedet
2863 3070 3028 3140 etiam
3093 3086 3259 3133 nunc,
3300 3074 3437 3140 prob

1857 3140 2054 3192 dolori
2092 3142 2141 3192 in
2194 3140 2390 3207 templo
2439 3141 2552 3201 Dei,
2607 3140 2823 3206 quando
2883 3139 3118 3205 insignes
3177 3139 3439 3195 ecclesias

1857 3208 2090 3278 Africae,
2125 3210 2325 3278 Syriae,
2357 3211 2603 3278 Arabiae,
2632 3208 2936 3268 Armeniae,
2974 3207 3242 3278 Persidis,
3274 3213 3435 3270 Asiae,

1859 3276 2129 3338 Thraciae,
2159 3276 2399 3339 Achaiae,
2434 3276 2773 3333 MacedOniae.
2839 3287 2967 3336 etc.,
2999 3276 3198 3329 Christi
3237 3278 3339 3331 lide
3385 3288 3441 3331 et

1858 3346 2005 3399 cultu
2032 3356 2273 3413 prtVatas
2297 3356 2353 3397 et
2375 3346 2653 3413 Spoliatus,
2682 3344 2890 3412 perdita
2926 3344 3066 3397 illius
3094 3358 3243 3399 secta
3277 3363 3441 3402 occu-

1861 3426 1974 3479 pat,
1994 3417 2228 3481 indeque
2252 3416 2380 3480 juge
2410 3429 2472 3467 ac
2490 3414 2923 3481 Christianorum
2951 3415 3301 3481 sacriliciutn,
3329 3418 3441 3472 aris

1860 3484 2100 3548 dejectis,
2135 3480 2401 3535 disturbat
2428 3493 2482 3533 et
2508 3480 2753 3547 impedit.

1930 3552 2296 3603 Anticltristus
2325 3560 2540 3618 respuet
2568 3549 2729 3611 idola,
2762 3550 2914 3604 aiunt
2939 3567 3061 3605 cum
3094 3551 3313 3606 Daniele
3343 3553 3442 3609 Pa-

1866 3631 1978 3674 tres
2006 3621 2316 3673 orthodoxi.
2368 3618 2432 3672 Et
2490 3619 2805 3672 idololatras
2832 3621 3065 3673 debellat
3105 3622 3441 3678 Mahontetes

1866 3689 2379 3743 ratiocinationibus
2434 3703 2497 3742 ex
2552 3689 2790 3756 potentia
2838 3698 2889 3741 et
2924 3691 3177 3756 operibus
3215 3689 3308 3742 Dei
3344 3693 3439 3746 de-

1862 3759 2088 3827 cerptis,
2119 3758 2327 3810 Azoara
2368 3757 2459 3820 25,
2489 3756 2578 3822 56,
2607 3756 2695 3808 62.
2749 3755 3020 3811 Unitate’m
3055 3759 3146 3812 Dei
3198 3759 3442 3827 plerum-

1860 3840 1964 3894 que
1993 3837 2048 3879 et
2078 3827 2275 3880 eximie
2309 3829 2645 3894 comprobat,
2667 3828 2877 3879 Aanra
2904 3827 2958 3892 2,
2999 3829 3056 3892 3,
3085 3828 3139 3889 ι,
3180 3827 3233 3891 5,
3268 3829 3322 3889 6,
3349 3828 3437 3890 12,

1863 3893 1929 3949 l3
1952 3934 1967 3959 ,
2020 3896 2105 3961 ιι,
2136 3896 2225 3962 16,
2274 3906 2379 3950 etc.
2410 3893 2658 3949 Picturas
2689 3905 2744 3948 et
2778 3896 3038 3964 elligiatas
3101 3911 3282 3950 rerum
3318 3911 3442 3951 om-

1861 3968 2010 4036 nium
2044 3966 2306 4036 imagines
2336 3965 2624 4033 plurimum
2648 3978 2968 4019 aversantur
2985 3966 3076 4034 qui
3101 3970 3218 4036 ejus
3248 3980 3445 4036 super-

1860 4034 2067 4088 stitioni
2107 4049 2302 4088 nomen
2330 4036 2614 4087 dederunt.

1932 4103 2323 4171 Expritnuntur
2353 4119 2381 4156 a
2418 4104 2639 4157 Daniele
2680 4102 3004 4157 Antichristi
3034 4103 3165 4167 doli,
3200 4103 3439 4172 furores,

1863 4173 2233 4239 blasphemiae,
2266 4173 2429 4236 bella,
2461 4187 2558 4241 per
2602 4186 2825 4241 parvum
2880 4187 3048 4226 cornu
3086 4188 3439 4231 succrescens

1864 4241 2006 4313 inter
2032 4242 2217 4313 decem
2246 4257 2451 4313 cornua
2482 4252 2686 4309 quartae
2711 4242 2917 4313 bestiae,
2948 4253 3003 4295 et
3040 4245 3141 4294 tria
3194 4256 3263 4296 ex
3292 4245 3441 4312 prio-

1865 4311 2015 4364 ribus
2048 4311 2305 4365 cornibus
2334 4311 2613 4370 excidens,
2648 4315 2831 4363 oculos
2860 4312 3067 4364 habens
3090 4311 3351 4376 hominis,
3376 4329 3443 4367 os

1866 4383 2124 4448 eloquens
2151 4382 2400 4449 grandia,
2433 4381 2630 4447 cuique
2688 4380 2847 4431 datur
2897 4380 3093 4432 bellum
3149 4382 3332 4433 l'acere
3386 4384 3441 4436 in

1871 4462 2111 4511 sanctos,
2145 4459 2198 4502 et
2227 4464 2319 4502 eos
2350 4452 2417 4500 ad
2445 4459 2653 4516 tempus
2687 4449 2904 4500 vincere
2932 4449 3003 4513 ",
3055 4449 3189 4513 Quis
3224 4466 3328 4503 non
3362 4454 3442 4502 vi-

1870 4519 1961 4571 det
1995 4519 2049 4571 in
2075 4517 2379 4573 Maltomete
2402 4526 2455 4571 et
2482 4528 2641 4572 sectae
2665 4516 2781 4585 ejus
2807 4520 3298 4587 propugnatoribus
3325 4519 3441 4573 brae

1796 4574 1840 4628 Ι)
1869 4587 2168 4656 compleri?

1938 4654 2316 4711 Collabebatur
2332 4664 2387 4708 et
2411 4654 2607 4709 misere
2631 4654 2999 4723 dissipabatur
3020 4655 3304 4725 imperium
3330 4655 3442 4709 Ro-

1867 4741 2113 4795 manum,
2141 4728 2285 4795 quod
2313 4726 2497 4778 decem
2523 4734 2609 4795 aut
2649 4725 2769 4792 plus
2792 4739 2860 4795 eo
2890 4723 3206 4795 reguis,‘uti
3230 4723 3438 4795 Africa,

1865 4794 2122 4865 A'Sgypw,
2151 4791 2331 4865 Syria,
2355 4796 2501 4859 Asia,
2524 4791 2755 4858 Graecia,
2779 4791 3095 4865 Germania,
3115 4794 3289 4865 italia,
3311 4791 3441 4846 Gal-

1865 4868 1958 4928 lia,
1977 4863 2201 4932 Anglia,
2216 4864 2495 4931 tlispania,
2516 4872 2649 4929 etc.,
2666 4863 2820 4931 quasi
2844 4863 3160 4932 fortissimis
3184 4865 3441 4915 cornibus

1864 4946 2017 4989 antea
2030 4931 2516 5002 gloriabatur,cum
2529 4943 2725 5000 puncto
2740 4931 2997 4999 temporis
3010 4945 3232 5002 parvum
3245 4945 3439 5002 cornu,

1872 5007 1923 5059 id
1956 5001 2420 5067 est'at'ahoinetes,
2454 5004 2595 5057 tibus
2626 5015 2807 5065 terrae,
2852 5013 2909 5054 et
2958 5003 3114 5054 initio
3144 5001 3444 5055 vilissimus

1873 5074 2383 5142 abjectissimusque
2421 5073 2635 5133 nebulo,
2666 5086 2732 5123 ex
2779 5070 3112 5142 camelorum
3161 5078 3217 5121 et
3256 5072 3442 5142 asino-

1873 5140 1991 5195 ruin
2040 5154 2274 5210 pastore,
2300 5141 2392 5209 qui
2419 5156 2517 5195 nec
2568 5142 2806 5193 scribere
2852 5154 2952 5193 nec
2995 5140 3184 5210 legere
3222 5140 3444 5210 quidem

1872 5207 2116 5273 noverat,
2151 5213 2293 5264 inter
2318 5207 2535 5264 'Arabes
2576 5211 2931 5263 concinnatur
2982 5207 3263 5267 Cbbsroen
3314 5207 3445 5261 Per-

1872 5283 2498 5356 Sarunt_'itnperatorem_,
2531 5291 2583 5332 et
2629 5280 3047 5356 lantilianrejus
3094 5278 3241 5346 justo
3302 5276 3448 5356 dele-

1875 5360 1985 5404 tam
2030 5351 2100 5405 ob
2132 5342 2334 5403 cultum
2382 5349 2651 5403 idolorum
2674 5348 2742 5401 ⁸³.
2777 5342 3217 5403 Christianorum
3262 5355 3320 5401 et
3346 5342 3447 5399 Ju-

2524 5489 2567 5519 “
2601 5490 2785 5542 Alcor.
2840 5489 3046 5545 Azoara
3092 5490 3183 5556 67,
3214 5488 3309 5555 27,
3350 5488 3444 5546 63.

2045 5560 2089 5591 “
2118 5559 2177 5611 ιιι
2204 5559 2386 5630 lteyel.
2485 5557 2530 5589 “
2561 5558 2746 5630 Tract.
2784 5561 2849 5614 de
2880 5563 3134 5614 Anticbr.
3240 5561 3285 5593 "
3316 5559 3439 5630 Hip.

2204 5628 2250 5659 ⁸⁸
2276 5626 2398 5683 ιιι».
2424 5643 2560 5681 xvm
2596 5627 2735 5681 llist.
2843 5630 2888 5661 δ’
2940 5631 2979 5684 ll
3034 5631 3230 5685 Thess.
3283 5644 3346 5695 ιι,
3382 5626 3444 5690 ἱ.

186 5698 236 5769 '_°
266 5687 461 5769 Petrus
489 5698 735 5769 Cluniae.
767 5687 1004 5769 «pisuad
1032 5687 1513 5769 D_._bernard.__"‘
1540 5696 1742 5769 Chron.
1783 5696 1972 5753 Sarac.
1997 5703 2123 5753 Ant.
2143 5697 2361 5769 Floren.
2386 5699 2575 5769 tit.l3,
2610 5713 2730 5769 cap.
2756 5698 3106 5769 5;”zEdituus
3132 5702 3187 5756 in

187 5766 348 5822 Joan.
380 5768 447 5821 de
478 5768 612 5835 Opp.
639 5766 855 5836 Gyges;
889 5766 1047 5821 Sabcl
1071 5766 1282 5821 Eueade
1303 5772 1353 5833 ὅ,
1392 5765 1486 5820 tib.
1520 5780 1595 5821 τι.

1706 5768 1749 5798 ³⁸
1774 5770 1908 5824 Dan.
1947 5784 2040 5826 vn.

2154 5767 2200 5802 "
2222 5771 2431 5823 Azoara
2460 5768 2538 5837 Πἱ
2566 5768 2653 5835 58,
2687 5768 2777 5839 46,
2819 5768 2887 5825 5ϋ
2912 5781 2965 5827 et
2994 5768 3086 5825 63'.
