4170 6310
723 341 864 397 1827

2052 334 2413 391 VARIOBUM
2445 289 2656 389 ΝΟΤίίΞ

3823 336 3957 394 {8‘23

723 464 962 516 daorum
986 457 1297 526 religionem
1320 454 1501 509 multis
1534 454 1811 526 erroribus
1839 452 2289 526 contaminatam,
2320 457 2367 514 Α
2396 453 2600 526 Arabes
2622 494 2636 517 ,
2689 455 3024 526 qui‘omnes
3072 455 3388 510 Mahometis
3446 468 3639 510 nomen
3697 466 3752 510 et
3804 456 3962 510 fidem

725 541 781 583 et
808 531 973 583 sectis
994 522 1228 579 vicissim
1267 525 1683 592 repugnantibus
1705 523 1851 574 brevi
1876 522 2290 584 conficiendam,

724 609 780 653 et
812 612 870 650 se
898 598 1093 660 divina:
1122 595 1411 647 voluntatis
1442 594 1821 660 interpretem.
1844 602 2005 659 atque
2038 606 2177 643 verte
2203 606 2290 642 re-

728 668 942 735 ligionis
980 676 1256 735 auctorem
1288 675 1341 735 et
1372 659 1700 735 assertorem
1737 659 1955 735 unicum
1982 659 2293 735 hominibus

728 727 913 789 datum
954 734 1140 786 fuisse.
1185 732 1392 784 Arabes
1438 731 1590 783 novis
1620 731 1778 782 rebus
1827 729 2105 782 studentes
2138 727 2294 781 facile

728 802 976 866 seducit;
1032 803 1249 853 tandem
1298 798 1592 852 contractis
1638 797 1830 863 copiis.
1863 797 1911 850 vi
1962 812 2074 849 rem
2112 797 2289 866 gerit;

732 888 867 938 quos
892 864 1005 924 suis
1032 872 1241 921 artibus
1267 884 1368 921 non
1405 867 1569 938 valet,
1601 867 1783 938 minis__
1804 875 1855 918 et
1887 866 2054 917 armis
2081 880 2190 938 suae
2205 864 2295 938 _le-

730 932 812 1006 gis
833 941 1015 1006 jngum
1057 938 1239 992 subire
1267 938 1431 1004 cogit.
1467 936 1657 1006 Postea
1685 934 1913 988 collecto
1931 932 2294 1006 exercitn_Sa-

732 1002 1049 1061 racénorum
1078 1017 1131 1059 et
1154 1002 1413 1066 Arabum,
1438 1005 1525 1073 qui
1544 1005 1613 1056 ob
1629 1004 1948 1073 denegatum
1969 1002 2292 1069 stipendium

730 1094 757 1127 τι
795 1077 1047 1129 Romanis
1083 1074 1425 1137 defecerant,
1457 1071 1580 1125 cum
1620 1074 1683 1124 iis
1708 1071 1800 1138 qui
1832 1072 1974 1122 dumi
2024 1084 2294 1123 remanse-

734 1156 872 1210 rant,
902 1144 1085 1198 furore
1112 1143 1389 1206 commoti,
1413 1142 1705 1210 Egyptum
1740 1140 2060 1210 adoriuntur
2082 1147 2292 1210 etper-

732 1207 1018 1283 vagantur,
1064 1207 1821 1283 Rhmniciam,lialaastinam,
1854 1208 2089 1276 Syriam.
2123 1207 2295 1283 Meso-

728 1274 1043 1348 poiamiam,
1080 1274 1133 1334 et
1163 1280 1345 1333 Omnia
1372 1281 1435 1331 ad
1467 1278 1793 1348 Euphratem
1834 1274 2011 1348 usque
2044 1274 2297 1348 pepulau-

733 1342 821 1403 iur
850 1389 866 1415 ,
916 1342 1177 1416 diripiunt
1204 1372 1232 1411 ,-
1275 1350 1487 1401 czedunt
1508 1385 1524 1416 ,
1554 1347 1635 1416 ad
1682 1346 2023 1416 deditionem
2056 1342 2294 1416 compel-

732 1412 869 1481 lunt,
903 1412 1165 1470 Romanis
1187 1432 1308 1470 cum
1334 1417 1417 1468 his
1443 1413 1727 1467 infeliciter
1753 1412 2129 1481 pugnantibus.
2164 1412 2297 1481 Hinc

730 1480 988 1541 adversus
1010 1486 1218 1546 Persas,
1250 1485 1447 1552 quibus
1496 1483 1652 1550 paulo
1693 1480 2192 1552 an’te'servierant,
2231 1480 2297 1552 ir:

732 1564 928 1617 ruunt;
958 1570 1057 1609 nec
1082 1555 1231 1623 prius
1252 1547 1506 1623 vastandi
1522 1560 1575 1603 et
1604 1549 1891 1623 diripieudi
1914 1548 2071 1623 finem
2091 1547 2298 1623 faciunt

730 1638 891 1690 quam
916 1617 1312 1677 Saracenorum
1338 1622 1505 1690 legem
1534 1630 1586 1671 et
1610 1617 1889 1685 imperium
1921 1617 2112 1667 ferant.
2140 1617 2296 1669 Chri-

730 1688 1029 1745 stianorum
1061 1692 1320 1745 ecclesias
1361 1688 1598 1755 undique
1638 1695 1967 1753 oppugnant,
1996 1698 2129 1755 quas
2177 1700 2298 1751 pos-

2397 524 2757 601 profttentuc,
2784 523 3527 601 Clll'lSltaltlll'ullLfOflllFIiS.,
3577 524 3733 601 foc_is_
3770 534 3825 578 et
3849 525 3961 601 aris

2396 593 2665 669 inferent;
2706 594 2775 669 _in
2810 608 2930 669 _quo
2980 595 3158 649 hostes
3204 593 3496 669 Christiani
3532 594 3786 669 nominis,
3842 592 3954 669 sola

2394 661 2589 713 virtute
2618 660 2845 725 caelesti,
2874 677 2978 714 non
3008 672 3185 716 autem
3210 663 3383 715 armis
3426 662 3676 715 humanis
3703 663 3963 728 temporis

2398 738 2675 783 momento
2704 730 3054 793 delebuntnr;
3092 732 3251 798 idque
3282 745 3376 797 per
3408 731 3778 798 metaphoram
3824 732 3962 781 atlir-

2398 799 2532 849 mari
2564 798 2630 867 de
2658 800 2836 867 capite
2880 797 3721 865 impiorumAutichristo.’quod
3766 797 3822 850 in
3874 813 3961 850 se-

2396 865 2697 944 ctatoribus
2713 865 2781 944 _et
2810 868 3066 944 membris
3087 868 3436 944 implebiturt
3465 882 3584 944 qua:
3608 878 3761 944 certe
3784 868 3954 934 tigura

2396 935 2451 986 iti
2468 936 2639 989 sacris
2667 935 2887 987 Litteris
2917 935 3268 988 usitatissima
3298 944 3381 987 est
3396 936 3459 985 ‘°.
3493 936 3569 989 Ad
3608 936 3721 988 haec
3752 944 3963 1001 tempus

2397 1017 2556 1056 omne
2599 1005 2740 1072 quod
2774 1004 2933 1071 202
2962 1018 2989 1055 a
3021 1014 3191 1057 morte
3218 1003 3425 1057 Domini
3467 1006 3638 1055 nostri
3675 1007 3739 1053 ad
3763 1007 3963 1055 adven-

2398 1081 2509 1124 tum
2541 1072 2658 1138 ejus
2704 1087 2874 1139 usque
2922 1072 3262 1138 interjicitur,
3302 1073 3352 1123 in
3378 1074 3550 1125 sacris
3585 1073 3962 1135 nevissimum,

2398 1142 2692 1194 novissima
2726 1141 2880 1201 hora,
2905 1141 3019 1194 dies
3059 1156 3223 1203 unus,
3269 1141 3387 1193 finis
3414 1140 3735 1193 saeculorum
3784 1142 3961 1207 appel-

2398 1207 2539 1259 latnr
2568 1225 2594 1259 :'
2615 1210 2666 1261 in
2692 1225 2758 1262 eo
2787 1218 2986 1273 autem,
3026 1210 3076 1262 id
3105 1220 3189 1262 est
3218 1224 3361 1263 anno
3400 1209 3608 1261 Domini
3658 1207 3783 1273 632,
3812 1209 3963 1275 juxta

2400 1276 2736 1344 Sigehertum
2771 1277 2838 1335 “,
2890 1275 3125 1331 Heraclii
3182 1278 3524 1344 imperatoris
3573 1278 3663 1341 2i,
3721 1276 3965 1329 Severini

2399 1345 2777 1418 septuagesimi
2804 1360 2960 1418 papa:
2977 1346 3325 1418 pontificatus
3344 1346 3730 1418 2,‘secundu_rn
3750 1344 3966 1396 Palme-

2401 1415 2560 1476 rium,
2581 1414 2753 1466 tetatis
2771 1428 2881 1467 sua
2897 1413 2995 1476 63,
3009 1425 3119 1479 aut,
3143 1424 3199 1467 ut
3222 1415 3308 1466 alii
3332 1413 3512 1467 volunt
3529 1414 3617 1479 40,
3634 1414 3967 1468 Mahometcs

2400 1482 2579 1535 scelus
2629 1484 2823 1551 ipsum,
2855 1497 3015 1537 manu
3056 1484 3145 1536 Dei
3179 1484 3369 1551 ultrice
3404 1483 3591 1535 incidit
3634 1484 3689 1536 in
3721 1482 3968 1537 morbum

2398 1550 2766 1620 epilepticutn,
2809 1560 2988 1605 mente
3027 1555 3287 1620 privatus,
3310 1550 3424 1620 jam
3475 1551 3738 1620 interiore
3780 1558 3971 1620 ventre

2400 1619 2796 1689 intumescente
2842 1617 3228 1689 (conjecturam
3270 1617 3393 1689 quis
3442 1619 3641 1689 capiat,
3682 1617 3962 1688 bydropisi

2399 1695 2723 1749 contracta),
2754 1688 2839 1739 die
2866 1702 2895 1739 a
2929 1686 3118 1743 inorbo
3137 1686 3329 1756 quarta
3359 1686 3969 1751 decima,tniserrimam

730 1771 861 1829 sunt
888 1761 1189 1829 dilacerant
1214 1768 1267 1811 et
1298 1754 1585 1829 evertunt;
1622 1756 1811 1829 dogma
1846 1754 2293 1829 contumeliosum
2328 1776 2369 1829 Β
2399 1758 2632 1829 annnam
2667 1756 2885 1809 eillavit.

728 1829 785 1881 iii
826 1828 1018 1897 Filium
1048 1828 1138 1882 Dei
1173 1836 1227 1879 et
1262 1825 1539 1897 prophetis
1569 1822 2295 1897 apostolisq‘uecontrarium

731 1894 1100 1965 recipiendum
1142 1890 1459 1955 obtrudttnt,
1485 1902 1556 1965 et
1587 1890 1782 1965 nomen
1826 1890 2024 1965 Christi
2057 1892 2299 1965 suminis

731 1957 938 2018 viribus
964 1967 1140 2019 delere
1181 1974 1467 2017 conantur.
1502 1960 1842 2014 Christianos
1881 1957 2103 2022 perinde
2138 1967 2297 2024 atque

730 2046 861 2109 oves
888 2048 1082 2109 magno
1114 2047 1236 2087 cum
1289 2031 1507 2109 agmine
1554 2026 2051 2109 trucidantg'sicuti-
2080 2026 2300 2109 tradunt

730 2100 929 2154 Paulus
979 2094 1260 2154 Diaconos
1314 2094 1407 2151 lib.
1446 2112 1575 2151 xvnt
1611 2094 1786 2155 Hist;
1814 2094 2089 2147 Simoneta
2134 2095 2226 2146 lib.
2258 2110 2297 2157 ι,

730 2170 892 2239 epist.
922 2170 987 2234 ις
1020 2170 1377 2239 Sophronius,
1415 2164 1687 2239 epistnad
1736 2164 2019 2239 Sergium,
2072 2162 2125 2239 in
2172 2178 2301 2239 syn-

731 2230 835 2292 odo
862 2230 1015 2293 sexta
1037 2230 1471 2304 Constantinop;
1496 2234 1708 2287 actione
1730 2236 1823 2295 li;
1853 2230 2165 2304 Vincentius
2185 2230 2302 2283 Bel—

729 2307 1033 2425 :ovaccnsis
1082 2308 1175 2361 lib.
1221 2298 1657 2369 nitthonaras
1684 2340 1700 2366 ,
1731 2312 1875 2356 tonio
1927 2298 2087 2353 tertio
2116 2300 2299 2354 Amia-

750 2390 881 2425 tum.

809 2445 1002 2496 Verum
1028 2460 1123 2498 nos
1149 2444 1318 2497 Eliam
1348 2454 1399 2495 et
1423 2442 1648 2496 Henoch
1674 2440 1801 2493 olim
1822 2448 2079 2490 venturos
2105 2451 2300 2504 exspe-

730 2522 961 2575 ctamus,
991 2514 1080 2579 qui
1110 2512 1324 2566 Judaos
1382 2514 1448 2564 ad
1493 2510 1808 2579 Ecclesiam
1840 2508 2037 2579 Christi
2099 2521 2303 2579 convo-

730 2582 952 2645 cabunt,
1003 2575 1059 2634 et
1115 2584 1368 2649 pietatem
1399 2619 1415 2644 ,
1477 2580 1553 2631 ait
1596 2578 1653 2629 Β.
1718 2577 1949 2649 Ephrem
2002 2575 2070 2637 “,
2102 2575 2295 2649 buma—

732 2666 802 2703 no
837 2644 1020 2717 generi
1072 2644 1348 2711 deferent,
1393 2650 1503 2701 veri
1552 2648 1643 2700 Dei
1702 2645 1989 2700 scientiam
2038 2644 2304 2717 omnibus

732 2712 909 2786 pala'm
945 2719 1334 2785 pra‘dicabunt,
1361 2718 1833 2783 admonebuntque
1857 2712 2114 2786 mortales
2143 2726 2209 2764 ne
2238 2712 2305 2786 t_i-

735 2779 900 2839 inoris
928 2779 1089 2839 causa
1122 2779 1349 2840 credant
1386 2795 1440 2837 et
1475 2779 1849 2852 obtemperent
1873 2781 2096 2834 falsitati
2123 2796 2135 2842 ;
2174 2779 2303 2848 quin

730 2864 788 2907 et
829 2856 1222 2907 Autirhristum
1279 2857 1473 2922 ipsum,
1502 2853 1952 2921 quemadmodum
1987 2859 2177 2922 auctor
2223 2856 2308 2901 est

732 2922 1097 2976 Tettnllianus
1128 2925 1197 2988 ",
1233 2918 1493 2990 sanguine
1519 2918 1638 2974 'suo
1688 2918 2301 2990 tandem_exstinguent.

732 2992 906 3059 Quid?
952 2993 995 3043 si
1041 2985 1191 3045 locus
1241 2985 1655 3059 Apocalypseosi
1688 2990 1755 3041 de
1776 2986 2033 3059 __duobus_
2079 2985 2306 3059 testibus

731 3054 1059 3128 quandoque
1079 3054 1338 3122 venturis,
1364 3054 1467 3112 non
1486 3054 1560 3109 'de
1580 3057 1691 3128 Elia
1708 3066 1759 3109 et
1776 3055 1994 3128 Henoch
2023 3054 2074 3128 in
2093 3055 2304 3128 propria

732 3122 989 3195 persona;
1020 3132 1112 3181 sed
1146 3130 1210 3181 de
1240 3128 1475 3179 Ecclesia
1506 3127 1773 3195 universa,
1806 3140 1924 3190 qua:
1947 3123 2160 3195 duobus
2183 3122 2303 3195 __'l‘e-

732 3190 1160 3259 istamentis,ceu
1198 3197 1404 3249 duobus
1456 3193 1789 3247 candelabris
1845 3201 1898 3245 et
1944 3190 2301 3242 luminaribus

734 3267 865 3318 tulta
889 3275 943 3317 et
967 3267 1305 3328 collustrata,
1339 3274 1528 3317 contra
1557 3261 1875 3314 Antichristi
1903 3260 2153 3310 tenebras
2180 3273 2303 3326 pero

736 3344 900 3402 petuo
943 3333 1196 3398 dimicat;
1265 3327 1357 3383 aut
1382 3334 1448 3383 de
1475 3332 1683 3382 duobus
1706 3328 1959 3402 martyrii
1989 3327 2299 3402 generibus,

736 3393 910 3471 i‘eipsa
940 3393 1193 3453 nimirum
1215 3410 1267 3452 et
1298 3402 1515 3471 habitu,
1539 3413 1661 3450 cum
1705 3393 1964 3471 l’ritnasio
1989 3396 2035 3425 "
2065 3405 2119 3446 et
2144 3393 2303 3471 τιςο-

735 3464 892 3525 ιιιό⁸⁷
934 3469 1341 3537 intelligamus?
1385 3469 1520 3531 Quid
1577 3480 1765 3537 rursus
1809 3467 1853 3517 si
1906 3465 2039 3515 duos
2082 3464 2305 3515 ordines

734 3543 945 3609 piorum
983 3536 1260 3609 hominum
1291 3576 1305 3598 ,
1348 3539 1507 3609 autin
1537 3536 1842 3609 universum
1871 3543 2085 3609 sanctos
2120 3543 2304 3597 pasto-

738 3602 825 3660 res
854 3622 1062 3669 omnes,
1089 3608 1180 3672 qui
1212 3605 1281 3657 ob
1334 3607 1659 3671 paucitatem
1704 3602 1973 3672 binarinm
2022 3612 2303 3672 numerum

734 3668 1135 3744 quedamnmdo
1188 3668 1595 3744 repji'msentant,
1624 3670 1825 3744 quique
1871 3668 2071 3744 pietate
2122 3676 2178 3719 et
2209 3668 2307 3744 do:

738 3737 911 3797 ctrina
938 3758 1034 3810 pro
1067 3737 1468 3810 gloria'Christi
1516 3742 1776 3810 adversus
1801 3737 2210 3810 Antichristum,
2241 3737 2306 3786 ad

735 3804 1039 3868 extremum
1068 3804 1211 3863 'vita:
1264 3811 1509 3877 spiritum
1560 3809 1820 3877 desudant
1854 3815 2013 3877 atque
2040 3804 2304 3877 laborant,

737 3884 1072 3950 siguilicatns
1122 3871 1335 3950 demum
1389 3887 1528 3950 pos_t_
1560 3874 1939 3950 Rupct'tumuet
1968 3871 2306 3950 Joacliiniuni

736 3942 925 4003 abii."
950 3947 1335 4002 obfirmemus?
1366 3942 1471 4000 Sed
1490 3942 1704 3999 llenoch
1736 3953 1787 3995 et
1814 3943 1957 3995 Elias
1988 3942 2201 4008 proprie
2229 3942 2307 3991 iti-

742 4020 1074 4085 telligantur,
1129 4018 1219 4084 qui
1254 4018 1495 4083 proiecto
1537 4014 1771 4085 venient,
1806 4022 1860 4064 et
1900 4011 2306 4085 Mahotneticam

739 4079 1070 4155 impietatem
1116 4079 1280 4138 totum
1332 4090 1441 4136 fere
1487 4087 1672 4137 orbem
1709 4083 1929 4155 jatnjant
1972 4079 2307 4131 obtinentem

738 4154 1169 4210 exaccrabuntur
1213 4164 1267 4206 et
1294 4155 1665 4213 damnabunt;
1720 4154 1775 4203 in
1824 4163 1959 4216 quos
2000 4157 2177 4199 tamen
2216 4164 2305 4199 se-

740 4234 977 4279 ctatores
1036 4225 1352 4277 Mahometis
1417 4221 1740 4273 Antichristi
1796 4232 1998 4285 organa
2050 4216 2308 4283 suppltcm

740 4298 923 4355 edent,
948 4305 1001 4345 et
1035 4296 1184 4345 miris
1214 4292 1385 4343 modis
1416 4290 1753 4343 excruciatos
1783 4288 2067 4338 necabunt.

809 4366 879 4414 At
916 4370 1125 4427 tempus
1174 4362 1471 4430 tyrannidis
1538 4357 1982 4430 antichristiatttr,
2020 4368 2152 4430 quae.
2184 4367 2305 4430 cum

740 4430 854 4497 Gog
884 4441 936 4483 et
960 4422 1146 4498 Maigog
1176 4422 1218 4460 δῖ’
1245 4430 1500 4493 maximis
1524 4436 1577 4480 et
1623 4426 1929 4477 fortissimis
1972 4422 2308 4498 exercitibus

741 4492 931 4552 ornem
964 4492 1205 4562 terrebit,
1232 4492 1285 4549 et
1314 4498 1587 4549 civitatem
1636 4504 1940 4546 sanctorum
1971 4492 2201 4562 ittnnani
2227 4492 2307 4543 fe-

744 4572 904 4621 ritate
956 4560 1205 4631 vastabit,
1254 4572 1319 4619 ad
1370 4567 1697 4619 novissimos
1738 4560 2309 4631 extrentosque‘llnes

744 4637 1069 4689 iaculorum
1123 4629 1471 4699 extetitlitur;
1518 4646 1840 4699 arceturque
1889 4645 1918 4681 a
1971 4629 2193 4681 Daniele
2246 4632 2312 4681 ad

746 4716 954 4773 tempus
1005 4716 1058 4756 et
1105 4715 1368 4771 tempora,
1398 4713 1453 4755 et
1495 4702 1775 4773 dimidium
1825 4711 2067 4766 tempus,
2122 4699 2172 4749 id
2230 4708 2312 4750 est

746 4784 805 4827 ut
854 4771 1090 4827 Joannes
1146 4775 1199 4826 ιιι
1257 4773 1575 4839 Apocalypsi
1631 4771 2051 4839 interpretatur,
2096 4780 2311 4839 menses

746 4844 1102 4910 quadraginta
1139 4836 1381 4905 ψωθία
1424 4836 1609 4907 poStea
1656 4836 1826 4904 magis
1854 4836 2157 4900 articulate,
2192 4836 2309 4910 dies

746 4904 890 4981 mille
916 4904 1176 4964 ducentos
1202 4904 1477 4977 sexaginta
1505 4922 1666 4981 aqua:
1708 4910 1887 4981 minus
1913 4920 2163 4981 consona
2194 4904 2308 4981 Ma-

748 4978 947 5034 honteti
991 4991 1273 5048 apparent,
1303 4975 1598 5045 praesertim
1639 4992 1758 5029 cum
1788 4976 1999 5048 abhinc
2026 4975 2309 5048 nongentis

748 5052 904 5102 annis
928 5044 1249 5111 conciderit,
1290 5044 1630 5114 imperatoris
1664 5047 1837 5098 otlicio
1878 5046 2092 5114 functus
2136 5044 2309 5114 spatio

748 5124 930 5171 decem
952 5134 1235 5170 annorum.
1265 5111 1650 5169 His'satisfacit
1669 5115 1900 5167 Joannes
1918 5111 2212 5166 ﬂentenius
2236 5111 2313 5163 di-

748 5203 879 5239 cens
910 5197 1120 5253 tempus
1164 5188 1293 5239 illud
1330 5200 1436 5238 non
1476 5199 1594 5237 esse
1632 5182 1965 5253 referendum
2010 5184 2075 5233 ad
2125 5194 2312 5249 perso-

749 5270 873 5307 nam
932 5257 1250 5308 Antichristi
1304 5255 1661 5318 Mahometis;
1708 5255 1801 5306 sed
1864 5252 1931 5304 ad
1980 5264 2312 5317 postremum

750 5324 879 5375 illud
944 5326 1313 5387 teterrimum,
1363 5325 1729 5375 tristissimum
1778 5333 1833 5373 et
1886 5322 2310 5373 funestissitnum

750 5395 946 5447 bellum
994 5396 1136 5460 quod
1188 5393 1410 5457 Turoni,
1464 5392 1717 5453 Tartari,
1780 5392 2037 5461 Scythae,
2095 5390 2311 5455 Persas,

819 5527 869 5559 ”
900 5530 1074 5584 Serm.
1112 5532 1177 5584 de
1202 5530 1489 5583 Antichist.
1581 5532 1625 5562 "
1661 5528 1776 5584 Lib.
1814 5529 1890 5583 De
1920 5529 2119 5581 anima.

750 5597 1016 5655 “Ezech.
1050 5617 1220 5653 xxxiii
1248 5613 1301 5654 et
1325 5602 1520 5664 xxxix;
1557 5604 1721 5666 Apoc.
1750 5616 1838 5654 ut
1873 5611 1927 5652 et
1952 5615 2084 5653 χιιι.

750 5668 950 5727 Chron.

2194 5532 2240 5562 ”
2269 5533 2385 5586 Lib.
2411 5547 2469 5585 ιιι
2512 5529 2563 5581 in
2601 5527 2769 5595 Apoc.
2819 5526 2870 5595 7"
2892 5521 3043 5577 Hom.
3070 5524 3103 5576 8
3136 5524 3187 5577 in
3219 5522 3387 5590 Apoc.

2176 5602 2219 5631 ⁸⁸
2243 5603 2407 5655 Claro.
2436 5594 2660 5662 δάνεια,
2691 5594 2911 5651 Ριωίιιι.
2944 5598 2996 5647 in
3026 5597 3191 5664 Apoc.
3216 5608 3232 5657 ;
3260 5594 3437 5646 Arcu:
3462 5596 3754 5645 comment.

1026 5673 1069 5704 ⁶²
1096 5676 1174 5726 Ad
1202 5686 1403 5724 annum
1427 5672 1629 5725 Christi
1655 5670 1780 5737 560,
1806 5684 1927 5739 pag.
1966 5669 2140 5724 ultiiu.
2169 5671 2420 5727 editionis
2444 5668 2615 5722 Paris-

2475 1824 2617 1877 Vivit
2650 1834 2827 1878 tamen
2856 1824 3053 1890 adhuc,
3078 1826 3215 1881 heu!

3326 1826 3479 1881 stifer
3502 1826 3611 1890 ille,
3636 1823 3769 1877 vivit
3810 1834 3969 1891 vege-

2404 1904 2509 1956 tus,
2535 1894 2659 1947 dum
2708 1895 2777 1963 in_
2794 1894 2908 1946 dies
2968 1910 3190 1963 regnum

3294 1910 3544 1949 urcarum
3564 1932 3579 1955 ,
3634 1893 3967 1953 Maurorum,

2403 1960 3111 2025 l’ersaruni,Tartaroruio,
3130 1973 3261 2027 etc.,
3290 1966 3341 2016 in
3370 1963 3710 2017 Christianos
3738 1963 3970 2027 adauge-

2403 1977 2721 2022 t'ersarum,
2747 1977 3111 2025 tartaroruto,
3130 1977 3261 2027 etc.,
3290 1980 3341 2016 in
3370 1977 3710 2017 Christianos
3738 1977 3871 2014 anan
3913 1977 3970 2011 e-

2400 2041 2488 2109 tur
2517 2048 2528 2109 ξ
2558 2032 2945 2110 quodutinani
2979 2042 3139 2110 atque
3189 2034 3391 2085 utinam
3442 2030 3833 2110 gloriosissimo

2404 2098 2531 2153 tniui
2559 2099 2725 2153 nostri
2756 2100 2988 2152 adventu
3018 2097 3128 2152 cito
3156 2110 3429 2154 evertatur
3448 2097 3514 2152 iet
3536 2114 3566 2152 e
3607 2100 3785 2151 medio
3817 2097 3971 2149 tolla—

2404 2179 2509 2230 tur,
2539 2176 2701 2235 atque
2727 2178 2911 2221 sancta
2940 2165 3199 2221 Ecclesia:
3225 2169 3503 2222 catholicae
3540 2168 3735 2220 civitas
3758 2165 3971 2233 jamdu-

2402 2239 2527 2289 dum
2586 2246 2797 2289 aetatem
2847 2245 2903 2288 et
2957 2236 3212 2290 solatiqu
3257 2239 3598 2291 continenter
3647 2247 3969 2301 exposcens,

2404 2306 2612 2358 cmlesti
2639 2321 2734 2359 suo
2772 2318 2970 2373 sponso
3001 2307 3117 2358 sine
3154 2322 3280 2372 ruga
3312 2314 3364 2360 et
3389 2304 3599 2358 macula
3630 2306 3847 2356 tandem
3875 2302 3972 2353 ali-

2404 2375 2618 2443 quando
2652 2372 2909 2426 tradatur.
2951 2373 3073 2427 Hacc
3096 2377 3290 2443 quibus
3318 2375 3496 2443 minus
3523 2384 3676 2441 grata
3701 2372 3969 2443 videbun-

2408 2456 2514 2503 tttt‘,
2552 2442 2781 2496 liberum
2806 2451 2911 2495 stet
2937 2441 3223 2510 judicium;
3271 2442 3474 2497 nemini
3522 2441 3929 2511 prmscribimus
3952 2476 3971 2504 ,

2405 2526 2622 2579 nequea
2656 2512 2811 2564 nobis
2837 2512 2911 2564 ita
2945 2511 3303 2578 disputantur,
3338 2512 3467 2579 quin
3522 2511 3800 2562 meliorem
3851 2522 3975 2579 sen-

2408 2576 2631 2632 tcn'tiam
2660 2594 2871 2648 semper
2906 2576 3239 2649 probandam
3281 2593 3333 2634 et
3356 2576 3698 2648 sequendam,
3724 2576 3975 2649 omnibus

2406 2646 3056 2717 asseutiamur,dict—aque
3086 2650 3366 2703 confestim
3396 2646 3732 2717 revocemus,
3777 2646 3825 2697 si
3852 2660 3975 2697 san-

2407 2728 2508 2769 ctae
2530 2719 2720 2770 matris
2750 2716 3021 2782 Ecclesi:e,
3051 2720 3135 2771 cui
3160 2734 3259 2773 nos
3280 2726 3333 2772 et
3363 2724 3547 2770 nostra
3577 2716 3758 2769 omnia
3782 2721 3977 2783 sponte

2408 2799 2823 2851 consecramus,
2853 2789 3024 2839 visum
3056 2784 3236 2840 fuerit.

2478 2855 2612 2907 Cum
2668 2856 2765 2908 has
2810 2850 2973 2923 porro
3004 2856 3283 2911 duodecim
3324 2851 3670 2923 conjecturas
3706 2850 3819 2917 jam
3851 2859 3976 2903 ante

2408 2923 2593 2990 viginti
2653 2921 2859 2988 annos,
2889 2932 3033 2975 tanta
3090 2925 3282 2987 animi,
3313 2921 3686 2975 moderatione
3732 2930 3814 2990 et_
3844 2924 3975 2990 sub-

2408 2986 2667 3049 missione
2691 2986 2976 3053 edidimus,
3006 2986 3330 3058 putabamus
3360 3004 3631 3055 nunquam
3663 2992 3715 3041 in
3747 2986 3977 3053 alicujus

2334 3081 2376 3137 (ς
2412 3063 2515 3137 viri
2544 3060 2689 3137 docti
2714 3071 2768 3113 et
2792 3060 3042 3137 catholici
3092 3060 3560 3137 reprehensionem
3607 3066 3829 3124 propter
3859 3058 3977 3109 illas

2410 3130 2652 3182 incidere
2681 3144 2696 3179 :
2729 3131 2822 3182 sed
2865 3144 2961 3195 spe
2998 3139 3182 3180 nostra
3211 3130 3366 3196 longe
3400 3128 3689 3196 frustratos
3734 3140 3830 3177 nos
3860 3135 3976 3174 tan-

2406 3200 2527 3251 dem
2569 3212 2688 3249 com
2730 3200 2952 3257 erimus,
2980 3199 3193 3263 quando
3228 3195 3368 3248 anno
3418 3195 3577 3258 1595,
3627 3207 3815 3246 mense
3886 3208 3970 3244 se-

2409 3266 2661 3317 ntembri.
2689 3214 2928 3317 tovanio
2962 3272 3323 3317 transeuntes.
3350 3263 3454 3316 illic
3482 3264 3547 3316 ab
3569 3263 3757 3315 amicis
3779 3262 3970 3313 audivi

2409 3266 2661 3334 ptembri,
2689 3262 2928 3317 Lovanio
2962 3262 3323 3327 transeuntes,
3350 3263 3454 3316 illic
3473 3264 3547 3334 ab
3569 3263 3757 3315 amicis
3779 3262 3978 3313 audivi-

2404 3333 2545 3399 inus,
2578 3336 2706 3386 etin
2738 3335 2959 3387 dictatis
3002 3348 3165 3401 opera
3218 3333 3573 3401 quorumdam
3607 3333 3976 3383 studiosorum

2404 3416 2469 3454 ex
2499 3417 2593 3455 ore
2620 3402 2820 3467 publici
2870 3402 3230 3469 lectoris,_viri
3267 3413 3411 3454 certe
3442 3402 3690 3468 perdocti
3732 3410 3787 3452 et
3816 3414 3976 3465 quem

2406 3486 2501 3522 nos
2526 3474 2707 3523 multis
2735 3471 3042 3523 nominibus
3072 3480 3126 3523 et
3151 3471 3499 3522 observamus
3520 3477 3574 3520 et
3607 3469 3858 3531 colimus,
3884 3482 3981 3519 ex-

2406 3540 2605 3607 cerptis
2646 3540 2996 3607 collectisque
3016 3554 3303 3592 censuram
3323 3537 3771 3607 istamlegimus:
3798 3536 3979 3607 «lianc

2405 3605 2749 3661 Feuardentii
2781 3605 3105 3661 sententiam
3140 3623 3246 3660 non
3299 3607 3457 3659 modo
3486 3606 3677 3658 falsam
3716 3620 3857 3668 esse,
3884 3605 3979 3656 sed

2407 3688 2458 3728 et
2480 3677 2833 3744 periculosam
2854 3694 2868 3741 ;
2892 3686 3210 3729 etauctores
3239 3690 3373 3743 quos
3404 3676 3555 3741 citat,
3582 3674 3717 3727 nihil
3742 3688 3977 3742 unquatn

2408 3745 2715 3809 bujusntodi
2743 3749 2981 3798 sensisse
3018 3746 3098 3797 vel
3128 3745 3431 3811 scripsisse.
3465 3762 3483 3794 ι

2479 3814 2627 3865 Bona
2659 3815 2811 3867 venia
2836 3823 2947 3881 tua,
2974 3812 3056 3864 vir
3085 3814 3310 3881 Optime,
3337 3812 3541 3867 dictum
3581 3812 3683 3876 sit,
3709 3811 3979 3865 immerito

2409 3898 2495 3934 me
2532 3885 2582 3934 in
2634 3887 2838 3936 crimen
2904 3880 3020 3934 falsi
3049 3880 3294 3944 adducis,
3328 3890 3381 3934 et
3408 3883 3547 3933 velut
3573 3892 3853 3934 auctorem
3877 3881 3977 3937 fal-

2410 3966 2484 4002 sae
2512 3962 2565 4005 et
2602 3954 2915 4019 periculosa:
2935 3951 3205 4017 Opiniouis
3233 3952 3425 4018 injuria
3455 3951 3717 4002 traducis.
3759 3948 3891 4001 Nam
3925 3960 3982 4002 ut

2411 4036 2440 4071 a
2482 4022 2780 4074 novissimo
2823 4026 3063 4084 auctore,
3123 4022 3173 4072 id
3226 4032 3308 4073 est
3366 4018 3716 4073 Genebrardn
3773 4028 3979 4079 nostro,

2411 4105 2554 4143 nunc
2580 4091 2880 4144 Arelatensi
2910 4091 3320 4157 archiepiscopo
3350 4088 3666 4154 dignissimo
3694 4088 3978 4153 exordiar,

2414 4160 2502 4211 ille
2531 4162 2700 4212 multo
2735 4159 3057 4212 clarioribus
3081 4160 3258 4211 verbis
3287 4159 3611 4210 sententiam
3643 4160 3803 4208 istam
3829 4169 3983 4209 extu-

2413 4230 2497 4291 lit,
2529 4243 2690 4294 quam
2715 4242 2813 4296 ego
2842 4242 3005 4280 ausus
3030 4228 3243 4296 fuerim,
3273 4227 3523 4296 scribens
3558 4226 3621 4296 in
3653 4224 3981 4291 Chronogra-

2412 4298 2535 4364 phia
2553 4302 2617 4349 de
2640 4294 2969 4351 Malimnete:
3000 4313 3020 4346 ι
3040 4294 3196 4349 Hunc
3217 4296 3367 4347 facile
3382 4294 3711 4364 crediderim
3736 4308 3856 4349 esse
3870 4298 3982 4346 Anc

2418 4368 2743 4431 llCiIriSlUlll,
2778 4376 2867 4419 aut
2894 4368 3043 4431 regni
3065 4366 3253 4417 saltem
3272 4363 3593 4417 Antichristi
3616 4365 3978 4416 conditorem.

2418 4435 2549 4486 Nam
2581 4436 2865 4504 Μαομέτις
2888 4436 3063 4504 reddit
3091 4448 3371 4504 numerum
3406 4432 3593 4504 bestia:
3620 4433 3756 4504 eos,
3790 4435 3854 4485 de
3879 4446 3982 4498 quo

2414 4500 2768 4574 Apocalypsts
2816 4519 2935 4566 xui,
2968 4503 3191 4567 fortine,
3233 4502 3415 4574 πάρις,
3478 4500 3722 4571 πάριδος.
3783 4504 3983 4574 Deinde

2420 4572 2671 4639 martius,
2699 4574 3115 4640 ,sanguinarius,
3150 4573 3479 4640 legionarius
3536 4586 3651 4632 rex,
3707 4585 3861 4622 suam
3905 4572 3982 4623 le-

2418 4659 2535 4712 gem
2582 4659 2685 4696 non
2732 4643 3142 4712 praedicatione,
3195 4644 3288 4694 sed
3312 4642 3371 4692 'vi
3428 4649 3481 4712 et
3538 4643 3705 4712 armis
3764 4642 3983 4691 firman-

2418 4708 2538 4764 dam
2570 4708 2757 4765 statuit
2788 4712 2853 4763 “.
2878 4718 2924 4761 ⁷)
2953 4711 3017 4763 Et
3051 4710 3493 4763 commemoratis
3538 4708 3655 4773 ejus
3720 4713 3980 4760 adversus

2418 4783 2608 4843 Deum,
2637 4777 2981 4843 Trinitatem,
3008 4780 3308 4842 Christum,
3341 4778 3794 4845 Christianosque
3829 4788 3983 4829 tetris

2418 4851 2773 4914 facinoribus,
2807 4853 2907 4904 hac
2949 4851 3254 4902 vehementi
3298 4846 3695 4912 allirmantique
3747 4852 3983 4899 interro-

2416 4923 2628 4990 gatione
2658 4923 2933 4973 concludit
2968 4935 2981 4969 :
3017 4936 3034 4969 ι
3069 4919 3208 4990 Quid
3238 4928 3423 4990 contra
3470 4915 3772 4990 Chnstum
3810 4916 3984 4966 besti-

2415 4986 2518 5042 ftits
2546 4999 2724 5057 potest
2772 4990 3024 5056 suscipi?
3064 4989 3201 5057 Quid
3244 4986 3421 5057 magis
3449 4999 3571 5057 esse
3610 4986 3982 5057 antichrtsttao

2416 5052 2564 5121 num,
2595 5062 2708 5112 sive
2731 5052 2947 5112 Christo
2987 5055 3157 5122 magis
3186 5052 3554 5122 contrarium?
3588 5070 3606 5103 ι
3640 5054 3703 5104 Et
3736 5052 3979 5118 ejusdem

2418 5128 2861 5195 Chronographiw
2890 5140 3007 5195 pag.
3042 5121 3145 5176 490
3172 5136 3225 5176 et
3271 5124 3399 5186 491,
3436 5121 3501 5173 ad
3534 5138 3755 5195 annum
3783 5124 3981 5175 Christi

2418 5199 2542 5259 657,
2572 5190 2853 5263 superiora
2886 5190 3246 5246 corroborans
3282 5203 3335 5244 et
3372 5206 3539 5245 novos
3570 5190 3856 5263 Cnosticos
3900 5206 3985 5263 ref

2418 5259 2807 5332 feltensfquod
2838 5265 3315 5333 antichrtsuaumu
3339 5278 3567 5333 regnum
3583 5260 3839 5333 Romana
3864 5259 3985 5333 sedi

2422 5338 2583 5404 impie
2610 5328 2892 5405 attingant,
2927 5336 3143 5383 tandem
3184 5328 3451 5396 subjicit:
3487 5347 3505 5379 ι
3527 5328 3825 5405 “Nummus
3858 5328 3982 5403 606,

2419 5413 2470 5462 iit
2496 5398 2816 5472 Apocalypsi
2864 5412 3099 5464 nutatus,
3133 5416 3388 5453 numerus
3424 5410 3507 5455 est
3525 5398 3837 5450 Mabometis
3873 5398 3982 5447 veri

3465 5518 3510 5550 "
3540 5518 3695 5572 Com.
3726 5518 3777 5570 in
3810 5514 3983 5614 Apoc.

3465 5596 3754 5637 comment.
3880 5584 3898 5615 ⁸
3924 5582 3981 5637 lu
