4170 6310
188 365 321 418 1839

1467 364 1530 420 ιιι
1567 364 1698 422 LIB.
1734 365 1777 419 Υ
1821 366 1872 420 3.
1921 364 2199 421 IRENEI.

3306 374 3448 431 1830

186 481 530 543 Antichristi.
569 479 654 536 vel
685 492 830 553 certe
861 479 1012 553 regni
1036 479 1159 553 eius”
1193 479 1528 553 fundatoris,
1566 480 1764 553 quisic
1794 487 1838 543 Α
1868 482 2095 550 septima
2116 481 2245 553 tuba
2274 498 2287 546 ;
2317 496 2413 551 per
2454 498 2618 553 quam
2650 485 2867 553 quidem
2916 487 3146 541 bestiam
3197 495 3445 545 omnium

181 553 370 608 σπι-ποθ
398 553 660 618 scriptus,
685 549 985 618 Μαομέτις,
1020 551 1283 617 ριωίίιιίιθ
1317 566 1583 603 summam
1626 550 1765 604 hanc

184 620 439 676 absolvit.
476 640 494 671 ι
519 619 645 674 Haec
673 619 759 671 ille
786 620 867 671 vir
885 620 1191 671 divinarum
1215 626 1267 670 et
1291 620 1647 671 humanarum
1678 634 1763 671 re-

186 706 306 746 rum
340 690 797 752 callentissimus;
843 688 1040 755 quibus
1084 700 1146 755 et
1196 686 1594 740 Fenardentiiis
1650 687 1760 741 cri-

183 760 333 814 mine
356 759 479 812 falsi
512 754 934 819 absolvitur~,’et
974 754 1300 822 conjecturte
1342 756 1486 811 illius
1521 770 1629 809 non
1674 772 1763 823 pa-

183 844 305 884 rum
344 828 553 880 roboris
586 826 877 894 accipiunt.

257 899 336 951 Ad
369 896 669 949 secundum
692 892 883 947 testem
916 909 944 946 a
986 908 1071 946 me
1104 892 1381 946 laudatum
1416 893 1634 956 accedo,
1679 894 1761 946 ni-

184 967 383 1020 mirum
409 963 671 1018 Joannem
700 964 1026 1017 Henteniuni
1052 963 1513 1033 Mecliliniensem,
1546 962 1762 1033 religio-

183 1036 461 1087 sissimum
512 1045 566 1088 et
596 1033 985 1100 peritissimum
1006 1031 1311 1099 theologum
1340 1031 1758 1086 Lovaniensem.

182 1104 233 1158 Is
269 1102 590 1171 [tralatione
623 1104 673 1155 in
705 1101 1343 1171 Cantmentart'os__Arette
1386 1115 1549 1171 super
1592 1102 1758 1167 Apoc.

184 1188 217 1225 a
248 1169 305 1225 se
338 1170 494 1225 Latio
525 1172 752 1225 donatos
787 1171 979 1223 scribit
1014 1187 1025 1219 :
1066 1188 1083 1219 ι
1120 1169 1233 1224 Non
1271 1169 1561 1222 admodum
1612 1172 1761 1223 vide-

187 1253 273 1294 tur
303 1241 599 1295 absurdum
634 1240 686 1292 id
717 1240 860 1307 quod
891 1240 1058 1292 sentit
1080 1237 1315 1293 Joannes
1343 1240 1552 1293 Annius
1581 1239 1759 1292 Vitero

183 1311 391 1364 biensis
418 1310 473 1362 in
505 1308 898 1373 Qumtionibus
961 1322 1117 1367 super
1172 1308 1562 1375 Apocalypsim,
1624 1322 1761 1376 quas

183 1379 334 1431 misit
358 1394 421 1431 ac
447 1378 715 1431 dedicavit
744 1376 984 1446 pontifici
1024 1378 1179 1428 Sixto
1213 1388 1409 1443 quarto
1437 1380 1759 1445 regibusque

180 1448 542 1510 Christianis;
571 1446 712 1513 quod
745 1445 939 1506 bestia,
962 1460 1121 1511 quam
1147 1448 1573 1513 interpretantur
1609 1461 1759 1499 coni-

180 1518 421 1569 munitet
448 1515 867 1575 Anticliristiiin,
892 1515 957 1567 de
991 1528 1094 1582 qua
1129 1516 1294 1582 Apoc.
1330 1529 1451 1578 itiii,
1502 1516 1572 1567 sit
1598 1530 1758 1581 pseu-

180 1588 517 1655 doproplieta
573 1582 1389 1655 Maliumetes._Qniquanquam
1442 1584 1759 1655 antepluri-

180 1651 301 1707 mos
327 1651 497 1707 annos
522 1663 766 1706 mortuus
794 1654 885 1714 sit,
910 1651 1026 1718 ejus
1051 1662 1228 1704 tamen
1253 1661 1396 1705 secta
1422 1654 1546 1720 (heu
1567 1653 1606 1716 ι)
1628 1654 1759 1704 vivit

176 1724 499 1783 etiamnum,
528 1723 863 1789 nimiumque
914 1732 1193 1788 grassatur
1224 1723 1483 1774 adversus
1539 1720 1633 1773 Dei
1668 1736 1757 1789 po-

1867 552 2133 626 conenrdi
2162 554 2428 626 sententia
2475 552 2791 626 designatur
2825 556 3218 612 Anticliristus.
3274 560 3443 626 Atqui

1869 634 1964 686 per
2002 621 2228 688 bestiam
2264 621 2410 673 illam
2447 621 2631 688 procul
2662 623 2825 676 ilttbin
2869 626 2933 675 ad
2968 626 3200 677 litteram
3242 621 3446 680 intelli-

1905 689 2011 741 itur
2036 687 2401 761 Maliumetes,
2418 687 2486 744 ob
2502 692 2781 745 bestialem
2805 704 2857 748 et
2875 692 3230 748 foedissimam
3257 697 3440 761 vitam,

1888 772 2150 824 cgcmque
2189 760 2622 824 turpissimam,»
2661 770 2767 813 etc.

1936 827 2213 902 Hactenus
2270 829 2432 902 verba
2496 844 2684 902 eorum
2739 829 2968 902 fideliter
3005 830 3183 894 retuli,
3215 848 3281 887 ex
3330 835 3446 902 quia

1865 894 1966 948 bus
2020 894 2134 973 jam
2196 896 2488 973 perspicis,
2531 899 2614 950 vir
2662 900 3177 973 ornatissiine,_nie
3228 894 3441 973 nequam

1866 977 2025 1031 quam
2062 963 2195 1017 falso
2222 965 2339 1018 illos
2370 967 2609 1030 citasse;
2642 968 2835 1021 deinde
2868 984 2975 1021 nou
3007 968 3153 1022 solos
3192 963 3443 1033 eos,'sei|

1865 1042 1919 1085 et
1947 1034 2084 1109 alios
2114 1035 2257 1109 viros
2286 1035 2691 1109 eruditissimos
2743 1034 2915 1090 fuisse
2944 1038 2997 1089 in
3037 1039 3135 1109 hac
3161 1040 3437 1109 opinione,

1864 1116 1983 1169 quae
2003 1103 2167 1173 etiam
2202 1101 2533 1171 Scripturis,
2567 1113 2734 1172 atque
2778 1119 2877 1159 nec
2912 1108 3099 1173 paucis
3134 1101 3234 1161 ne'c
3278 1101 3442 1163 ιιιηικέ

1864 1173 1966 1245 niis
2008 1172 2315 1245 rationibus
2358 1173 2645 1237 innititur,
2683 1184 2737 1225 es
2775 1188 2847 1245 ei
2882 1172 3112 1228 summis
3162 1179 3439 1245 pontifici-

1863 1240 1964 1292 bus
1985 1255 2099 1310 non
2138 1239 2451 1310 damnatur,
2490 1246 2583 1294 sed
2618 1243 2992 1310 permittitur;
3025 1239 3234 1298 tantum
3284 1246 3443 1302 abest

1864 1317 1919 1379 ut
1947 1309 2123 1379 abeis
2158 1308 2291 1363 falsa
2327 1310 2409 1363 vel
2440 1308 2743 1379 periculosa
2772 1315 3033 1366 hactenus
3055 1311 3295 1378 jiidicata
3327 1316 3443 1370 fue-

1866 1377 1954 1429 rit.
1990 1377 2336 1449 Measigitur
2378 1377 2745 1444 conjecturas,
2776 1391 2830 1433 et
2869 1377 3154 1449 plurimas,
3200 1392 3254 1436 et
3288 1386 3441 1439 valde

1861 1457 2009 1499 certe
2044 1448 2375 1514 probabiles,
2412 1457 2695 1501 tantorum
2725 1448 2965 1502 virorum
2992 1452 3280 1505 sententiis
3314 1467 3438 1506 cum

1862 1515 2005 1567 omni
2038 1518 2411 1570 moderatione
2440 1527 2496 1571 et
2519 1519 2883 1572 submissione
2938 1529 3297 1581 connectens,
3331 1536 3440 1574 non

1861 1585 2024 1654 debui
2092 1585 2339 1651 profecto
2380 1601 2409 1638 a
2470 1595 2523 1639 te
2567 1586 2621 1638 in
2675 1588 2892 1654 publico
2958 1588 3439 1644 celeberrimaruin

1859 1653 2169 1724 scholarum
2198 1656 2465 1709 auditorio
2509 1653 2689 1709 verbis
2724 1666 2778 1709 et
2812 1654 3031 1724 scriptis
3066 1656 3118 1708 in
3155 1657 3299 1710 hunc
3326 1673 3445 1719 nio-

1862 1722 2000 1791 duni
2027 1724 2255 1786 traduci,
2284 1733 2376 1775 aut
2404 1724 2682 1777 traductus
2713 1725 2838 1777 huic
2877 1722 3195 1791 justissinm
3248 1728 3440 1779 defen-

177 1793 388 1860 pulum.
422 1810 439 1841 ι
472 1792 537 1861 Et
566 1790 855 1861 aliquanto
888 1800 1072 1856 postea
1104 1806 1176 1861 εγ(
1211 1790 1370 1857 Signa
1396 1806 1459 1843 ac
1490 1790 1755 1858 prodigia,
1793 1807 1833 1860 Β
1862 1789 2003 1841 sioni
2026 1805 2098 1861 ac
2131 1792 2506 1860 expurgationi
2539 1806 2671 1845 mea:
2718 1789 3011 1861 aliquando
3043 1794 3255 1848 deesse.
3284 1796 3440 1859 Quod

179 1859 461 1914 inendacia
493 1860 812 1912 Antichristi
846 1859 897 1911 in
934 1862 1018 1913 liis
1056 1860 1143 1926 qui
1184 1869 1433 1927 pereunt,
1482 1868 1610 1912 sunt
1660 1874 1752 1911 va-

178 1931 276 1982 ria:
310 1944 374 1984 ac
405 1927 763 1982 multiformes
789 1928 908 1994 ejus
944 1928 1155 1980 techina:
1190 1930 1255 1979 ad
1285 1930 1626 1980 seducendos
1659 1929 1750 1982 Dei

175 2013 389 2051 servos.
416 2000 656 2066 Cumque
685 2012 743 2050 se
780 2012 843 2049 ac
882 2012 1034 2049 suam
1086 2006 1289 2049 sectam
1340 1998 1756 2049 Cliristianiswo

176 2070 504 2136 caeterisque
548 2069 759 2135 legibus
797 2067 1049 2136 omnibus
1110 2074 1423 2136 praeponat,
1454 2080 1629 2136 annon
1698 2080 1755 2136 se

176 2137 393 2189 extollit
417 2134 586 2203 'stipra
612 2134 834 2187 omnem
877 2137 967 2203 qui
1002 2134 1201 2187 dicitur
1252 2134 1431 2187 Deus?
1460 2134 1514 2185 ln
1572 2135 1756 2202 prodi-

176 2206 282 2273 giis
309 2216 489 2258 autem
520 2204 869 2258 mendacibus
905 2204 1075 2267 venit,
1107 2205 1229 2270 quia
1259 2204 1443 2256 volens
1477 2206 1755 2257 occultare

179 2275 433 2327 morbum
462 2289 616 2325 suum
646 2276 931 2336 caducum,
958 2274 1172 2326 dicebat
1214 2288 1272 2326 se
1317 2274 1511 2325 cadere
1543 2286 1608 2323 ex
1635 2273 1753 2325 illii-

177 2344 446 2396 stratione
479 2341 656 2409 angeli
681 2342 748 2393 de
780 2342 920 2395 caelo
948 2342 1012 2394 ad
1045 2357 1102 2395 se
1146 2341 1547 2397 descendentis.
1601 2343 1755 2394 Dedit

176 2414 341 2464 etiam
376 2413 625 2479 spiritum
660 2410 878 2477 imagini
911 2412 1117 2473 bestiae,
1149 2411 1363 2477 quando
1392 2411 1565 2477 legem
1593 2422 1753 2463 sectae

176 2496 289 2534 sua:
322 2482 574 2533 omnibus
622 2494 815 2547 magno
842 2495 965 2532 eum
997 2480 1220 2532 horrore
1250 2481 1632 2547 promulgavit,
1668 2480 1750 2530 di-

176 2566 311 2603 cens
333 2564 392 2602 se
423 2553 645 2602 missum
680 2549 733 2600 in
767 2549 966 2615 gladio,
996 2550 1193 2616 jubetis
1220 2563 1407 2600 omnes
1469 2548 1748 2610 truCidari,

177 2618 273 2687 qui
303 2634 456 2672 suam
488 2632 592 2669 non
616 2619 960 2687 susceperint
986 2628 1217 2687 sectam.
1248 2616 1357 2687 Nec
1383 2618 1564 2669 obstat
1604 2618 1751 2687 quod

178 2685 341 2756 vulgo
369 2689 621 2739 dicuntur
653 2685 873 2756 lienocli
902 2696 958 2756 et
985 2686 1127 2739 Elias
1152 2686 1387 2747 venturi,
1420 2694 1476 2756 ut
1506 2699 1626 2756 sese
1676 2686 1750 2738 illi

175 2753 505 2823 opponant,
540 2764 644 2805 etc.
680 2754 796 2807 Non
828 2754 970 2806 enim
1028 2765 1242 2822 oportet
1301 2755 1442 2820 quod
1490 2753 1752 2807 adversus

177 2828 293 2895 ejus
328 2837 614 2891 personam
645 2831 880 2895 pugnent
907 2841 920 2887 ;
952 2825 1042 2873 sed
1082 2825 1215 2895 satis
1247 2835 1351 2883 est,
1380 2826 1522 2886 quod
1554 2824 1749 2874 adver-

176 2893 272 2949 sus
295 2897 413 2959 ejus
437 2902 659 2944 sectam.
692 2910 709 2942 i
750 2893 957 2945 Caetera
993 2893 1289 2959 prolixiora
1332 2898 1456 2943 sunt
1489 2905 1650 2958 quam
1694 2899 1750 2943 ut

178 2968 282 3017 isto
311 2958 429 3015 loco
460 2962 740 3013 coinmode
761 2960 924 3011 inseri
948 2969 1186 3026 possent.
1220 2958 1345 3011 Mihi
1378 2968 1462 3011 sat
1485 2970 1587 3019 est,
1608 2961 1750 3025 quod

179 3037 268 3087 hic
299 3036 371 3087 ita
404 3031 637 3083 senserit
663 3040 716 3082 et
743 3028 1043 3096 scripserit,
1074 3039 1132 3079 ut
1164 3043 1229 3078 ex
1260 3043 1323 3078 eo
1347 3028 1656 3089 citavcrani,
1694 3036 1753 3080 ut

1860 1872 1984 1910 cum
2014 1860 2176 1930 facio,
2215 1876 2321 1913 non
2350 1861 2659 1924 arbitreris,
2704 1860 2911 1928 quaeso,
2944 1876 3028 1915 me
3054 1861 3262 1927 aliquid
3318 1879 3442 1930 per-

1860 1934 2031 1998 petua:
2057 1928 2456 1983 observationis
2491 1940 2546 1984 et
2570 1930 2877 1985 dilectionis
2932 1945 3065 1982 mea:
3095 1945 3225 1998 erga
3275 1928 3329 1984 te
3355 1946 3443 1985 re-

1860 1996 2108 2066 misisse;
2154 2008 2361 2051 tantuin
2404 1999 2617 2066 postulo
2658 2007 2714 2051 ut
2754 2016 2820 2052 ne
2859 1999 3100 2053 dimissis
3131 1996 3438 2053 communi-

1859 2063 1958 2116 bus
1983 2067 2105 2137 llilei
2154 2063 2503 2129 adversariis,
2540 2068 2820 2136 theologus
2880 2068 3044 2119 alium
3101 2068 3435 2137 theologum,

1858 2136 2159 2190 catholicus
2186 2137 2517 2190 catholicum
2568 2147 2825 2190 aea:er
2880 2136 3091 2188 vellicet
3149 2147 3245 2188 aut
3294 2136 3443 2191 inor-

1859 2202 2016 2266 deat;
2068 2206 2161 2258 sed
2188 2215 2376 2258 contra
2416 2205 2649 2273 jungant
2704 2200 3033 2271 scriptiones
3083 2219 3221 2271 quos
3260 2202 3443 2274 jungit

1856 2274 2248 2350 sacerdotium,-
2274 2285 2331 2327 et
2357 2275 2489 2327 nihil
2520 2288 2801 2336 nunquam
2831 2274 3039 2327 dividat
3077 2288 3214 2340 quos
3233 2274 3439 2329 Christi

1856 2350 2208 2394 itectttaittor.

1928 2407 2304 2463 Norissimum.
2340 2408 2644 2463 Delevimus
2670 2426 2689 2459 ι
2715 2408 3083 2472 verissimum,
3114 2427 3132 2460 ι
3155 2417 3302 2464 auct.
3322 2420 3436 2464 vet.

1856 2481 1979 2531 cod.
2018 2479 2330 2533 Docuerunt
2363 2480 2508 2532 enim
2563 2477 2754 2531 Patres
2788 2478 3075 2546 imperium
3128 2478 3439 2541 Romanum

1854 2557 2156 2617 extremum
2200 2554 2363 2615 atque
2422 2546 2673 2599 ultimum
2728 2548 2878 2617 orbis
2926 2546 3091 2613 hujus
3146 2563 3437 2617 regnorum

1858 2616 1993 2680 fore,
2027 2633 2134 2685 quo
2162 2617 2405 2671 funditus
2432 2630 2624 2670 everso
2668 2630 2733 2669 ac
2756 2615 2823 2668 de
2860 2620 3037 2669 medio
3069 2615 3268 2670 mundo
3312 2618 3442 2670 sub-

1856 2686 1995 2751 lato,
2065 2688 2297 2739 mundus
2355 2688 2469 2753 ipse
2531 2685 3131 2753 penitusidestrtiatur.
3185 2685 3437 2750 Tertull.,

1854 2754 1947 2809 lib.
1982 2757 2064 2808 Ad
2096 2752 2385 2821 Scapulam,
2432 2765 2485 2808 et
2536 2752 2671 2822 cap.
2726 2752 2799 2806 3‘2
2870 2754 3116 2822 Apolog.,
3153 2753 3436 2808 Danielem

1854 2834 2063 2890 quarta:
2089 2834 2144 2876 et
2177 2839 2465 2890 postremae
2493 2824 2678 2877 bestiae
2708 2825 2999 2890 pugnantis
3030 2825 3274 2886 nomine,
3305 2825 3437 2878 item

1854 2896 2075 2972 pedum,
2108 2891 2260 2972 ferri,
2314 2903 2583 2972 terraique
2618 2902 2812 2970 statuae
2854 2892 3006 2972 illius
3056 2892 3437 2972 similitudine,

1854 2960 1998 3013 istud
2026 2960 2333 3029 signiﬁcare
2363 2961 2595 3015 voluisse
2627 2963 2798 3014 visain
2840 2970 2925 3015 est
2957 2960 3231 3028 plerisque
3261 2965 3441 3016 ontul-

1854 3029 1955 3098 bus
1970 3031 2153 3098 doctis
2176 3030 2583 3098 interpretibus.

179 3107 340 3155 tidem
384 3099 549 3173 faciat
597 3099 832 3173 Annium
878 3097 991 3163 (qui
1048 3097 1176 3173 inihi
1219 3110 1371 3173 nunc
1412 3110 1518 3147 non
1566 3105 1649 3150 est
1697 3098 1749 3147 in

1930 3097 2168 3173 {Vaqu
2184 3096 2364 3173 eorum
2387 3114 2525 3173 qute.
2554 3096 2719 3173 Vetus
2745 3100 2945 3173 codex,
2976 3117 2995 3147 ι
3016 3113 3217 3173 neque
3244 3112 3436 3153 eorum

179 3170 455 3242 promptu)
486 3168 555 3219 ita
584 3168 857 3242 docuisse,
880 3176 934 3217 et
959 3166 1160 3231 scripta
1200 3165 1264 3242 de
1294 3165 1374 3242 his
1400 3179 1496 3217 sua
1536 3180 1752 3242 summo

176 3234 436 3294 Ecclesia:
501 3237 742 3303 pontih'ci
795 3238 1006 3287 dicasse
1056 3243 1109 3285 et
1171 3234 1461 3295 obtulisse;
1516 3238 1751 3302 denique

178 3312 317 3363 tiihil
362 3311 414 3360 in
446 3302 509 3360 ea
532 3320 587 3357 re
611 3306 904 3368 absurdum
939 3303 1020 3356 vel
1051 3302 1414 3369 periculosum
1442 3302 1665 3355 dixisse.

250 3380 436 3432 'l‘ertio
461 3374 648 3429 Jodoci
686 3372 981 3427 Clictbovei
1031 3377 1081 3424 in
1120 3372 1314 3423 librum
1362 3381 1613 3437 quartum
1646 3372 1750 3423 Da-

180 3451 426 3501 masceni
451 3444 862 3497 Commentarios
886 3444 1250 3511 signaverunt,
1268 3455 1366 3511 nec
1390 3440 1545 3511 falso,
1565 3456 1752 3508 quein-

179 3521 471 3570 admodum
508 3529 573 3567 ex
611 3515 692 3566 his
715 3514 830 3581 ejus
861 3507 1039 3564 verbis
1081 3510 1274 3563 evince
1304 3510 1348 3539 “
1380 3526 1456 3581 :_t
1498 3507 1753 3565 Nonnulli

181 3590 283 3640 viri
312 3584 669 3638 eruditissimi
706 3579 949 3635 seiitiunt
978 3581 1339 3632 Mabuiiictem
1393 3579 1539 3631 illutn
1598 3596 1755 3647 spur-

176 3659 462 3713 cissiuiuin
502 3664 556 3705 et
585 3651 965 3704 aboniinahilis
992 3652 1452 3715 exsecrandaaque
1486 3651 1617 3716 legis
1651 3665 1752 3702 au-

174 3738 407 3783 ctorem,
457 3737 576 3777 esse
625 3735 813 3774 verum
866 3721 918 3771 iii
972 3733 1200 3787 persona
1253 3718 1671 3780 Antichristuni,
1724 3736 1754 3773 ιι

174 3800 353 3853 sacris
381 3792 601 3845 Litteris
645 3790 1063 3858 pra-nuntiatum
1095 3804 1109 3838 :
1139 3788 1264 3855 quia
1296 3789 1474 3839 vident
1498 3787 1613 3841 fere
1640 3803 1757 3841 Otii-

177 3871 293 3930 nia,
330 3880 449 3932 qua:
477 3862 771 3932 Scriptura:
799 3861 865 3911 de
896 3858 1232 3932 Antichristo
1259 3858 1581 3923 prmdicunt,
1622 3861 1755 3932 ineo

174 3929 302 3992 esse
329 3929 614 4002 completa,
640 3931 844 3996 ipsitiue
867 3929 1202 4002 potissimum
1236 3936 1497 4001 rationein
1527 3930 1758 3983 nominis

177 3998 502 4061 Antichristi
550 4008 875 4065 competere.
928 3999 1061 4061 Quis
1104 3998 1246 4049 enim
1299 3998 1467 4061 magis
1523 4012 1755 4065 unquam

176 4081 400 4131 Christo
429 4072 736 4124 contrarius
766 4070 817 4118 iit
860 4070 974 4135 lege
1010 4078 1063 4117 et
1116 4066 1395 4117 moribus?
1424 4066 1623 4117 Christi
1684 4072 1760 4122 si-

178 4148 403 4216 quidem
431 4143 513 4195 lex
548 4145 811 4216 repugnat
837 4137 987 4216 carni
1035 4145 1087 4216 et
1136 4136 1411 4216 sanguini,
1437 4146 1759 4216 unionetque

179 4203 422 4268 tintinant
452 4203 704 4264 nUStratti'
724 4208 847 4259 odio
878 4207 1199 4268 habendam,
1232 4204 1369 4256 utin
1403 4203 1564 4253 vitam
1603 4203 1757 4260 aiter.

178 4301 311 4338 nam
346 4282 714 4335 custodiamus
741 4292 882 4337 eain,
925 4273 1261 4326 Maliutnetes
1292 4285 1495 4335 autem,
1529 4284 1587 4325 ut
1639 4292 1758 4343 pm.

180 4368 413 4423 pensum
450 4354 515 4402 ad
557 4348 834 4423 libidinem
869 4360 1036 4412 genus
1070 4345 1547 4423 tiuniaiiunrliisce
1580 4345 1761 4423 illece-

180 4413 299 4479 bris
334 4423 599 4473 inescaret
628 4418 1008 4487 invitaretque
1030 4414 1094 4465 ad
1127 4430 1236 4487 sua:
1284 4413 1417 4479 legis
1465 4417 1760 4487 susceptio-

178 4508 333 4555 nem,
384 4490 591 4542 laxavit
629 4485 1289 4555 liabenasfvoluptatihus
1354 4493 1408 4535 et
1459 4486 1757 4555 spurcitiis,

181 4553 807 4624 uxorumpluralitatein
838 4553 1084 4615 adtiiiSit,
1133 4567 1320 4605 earum
1374 4554 1655 4618 repudium
1706 4566 1763 4609 et

180 4648 286 4703 pro
320 4623 545 4680 aibiirio
572 4624 1177 4703 reconciliationem,_et
1208 4623 1760 4703 deiiiuni‘paradisum

182 4694 558 4766 voluptatibus
584 4707 638 4748 e'.
693 4694 1129 4766 deliciistnunili
1182 4694 1594 4766 relei'tissiitiiini
1651 4708 1763 4747 suis

182 4762 489 4826 cultoribus
538 4765 869 4832 repromisit,
922 4776 1047 4813 cum
1092 4762 1352 4832 Cerintho
1408 4762 1659 4832 heretico
1709 4774 1763 4815 et

183 4840 557 4896 sectatoribus
582 4830 716 4901 ejus,
763 4845 868 4886 etc.
907 4852 925 4883 ι
960 4832 1023 4883 Et
1066 4840 1190 4899 post
1222 4831 1447 4901 aliqua:
1502 4848 1519 4879 ι
1573 4830 1765 4884 Maliu.

185 4919 362 4965 tnetcs
416 4909 468 4961 iii
550 4900 647 4957 suo
716 4906 982 4955 Alcoraiio
1058 4901 1232 4953 lutilia
1310 4900 1496 4960 multa,
1567 4901 1765 4953 (Μηκι-

186 4977 393 5038 iiiéiita,
428 4977 651 5035 naeuius,
677 4974 883 5026 fabulas
920 4973 1085 5025 aniles
1108 4985 1159 5023 et
1178 4972 1457 5023 mendacia
1483 4973 1765 5037 contingit,

188 5065 250 5103 ut
278 5064 347 5101 ex
383 5064 494 5115 ipsa
537 5048 668 5111 legis
712 5057 821 5097 sua:
866 5044 1085 5115 nefaria;
1140 5041 1475 5108 inspectione
1520 5054 1766 5115 protinus

184 5111 614 5175 innotescataut
638 5130 760 5167 eum
788 5129 908 5167 esse
959 5113 1373 5173 Aiiticliristuin,
1433 5122 1522 5163 aut
1577 5111 1767 5176 praeci-

182 5205 357 5262 pnniu
398 5186 783 5262 etproainium
834 5183 1154 5260 Antichristi
1203 5193 1611 5262 p'l‘iBCU‘I'SOI‘UiII.
1659 5179 1764 5262 βᾳιι

188 5253 372 5326 iieque
422 5253 536 5309 sine
586 5255 883 5326 Scriptura:
967 5253 1279 5326 testiiiiouio
1334 5259 1391 5301 et
1443 5258 1768 5326 auctoritate

185 5320 481 5382 suo-ventur
501 5326 586 5377 isti
611 5323 680 5375 ad
701 5328 933 5391 idipsuiii
958 5325 1023 5373 de
1050 5320 1360 5372 Maliutuete
1387 5324 1765 5391 asserengdum,

185 5399 339 5467 quod
376 5411 535 5449 verus
571 5396 654 5467 ait,
683 5396 734 5467 in
765 5388 991 5467 persona
1014 5391 1410 5467 Antichrisms.
1436 5388 1571 5467 Nam
1595 5389 1766 5467 Apoc.

185 5462 316 5535 cap.
352 5481 452 5519 xui
483 5465 745 5519 describit
782 5462 1417 5535 bestiamascendentem
1451 5465 1515 5511 de
1551 5467 1696 5509 terra
1715 5466 1770 5535 et

184 5531 483 5596 habentem
525 5539 630 5590 duo
657 5548 861 5588 cornua
898 5532 1095 5585 similia
1124 5532 1270 5598 agni,
1334 5539 1617 5583 venturam
1670 5531 1770 5581 sub

265 5759 314 5795 υ
355 5758 415 5813 in
453 5773 502 5815 c.
540 5756 607 5811 ‘27
636 5763 689 5810 et
716 5752 785 5808 28
824 5752 1025 5809 noviss.
1054 5746 1305 5807 editionis
1335 5744 1507 5801 Paris.
1536 5740 1627 5798 fol.
1654 5738 1777 5797 515.

1856 3166 1950 3235 qui
1978 3182 1991 3229 ;
2021 3185 2063 3287 id
2080 3180 2149 3219 ex
2178 3169 2375 3234 quibus
2406 3167 2582 3235 prima
2609 3168 2860 3222 fortassis
2896 3170 3065 3223 dictio
3111 3166 3307 3222 luisset
3355 3183 3443 3222 re-

1856 3250 2028 3287 nonen
2071 3250 2121 3287 a.

1853 3250 2121 3303 ponenua.

1922 3301 1991 3355 Et
2022 3304 2416 3357 ostentationem
2441 3306 2719 3372 quamdam
2748 3305 2974 3358 continet
3014 3305 3251 3361 ultionis.
3282 3304 3441 3359 Titan

1854 3387 1949 3427 seu
1988 3372 2236 3426 Titanein
2276 3374 2440 3425 fuisse
2479 3375 2667 3425 dicunt
2700 3376 2919 3427 Saturni
2959 3375 3209 3438 fratrem,
3257 3385 3439 3427 ortum

1854 3457 1918 3495 ex
1955 3442 2260 3504 Titanibus,
2290 3456 2426 3509 quos
2457 3450 2599 3493 terra
2629 3453 2817 3493 contra
2866 3444 2996 3497 deos
3028 3444 3166 3496 irata
3197 3446 3251 3496 in
3280 3458 3439 3495 suam

1856 3522 2046 3564 contra
2070 3525 2165 3564 eos
2195 3513 2456 3564 ultionem
2486 3511 2771 3566 creaverit.
2794 3509 2949 3563 Unde
2978 3525 3032 3566 et
3059 3512 3283 3565 Titanes
3304 3513 3440 3564 dicti

1854 3591 1980 3633 sunt
2011 3580 2121 3632 ἀπὸ
2153 3580 2253 3648 τῆς
2292 3580 2505 3643 τίσεως,
2540 3578 2590 3629 id
2634 3588 2717 3649 est
2764 3578 2833 3630 ab
2887 3580 3115 3645 ultione;
3170 3580 3239 3633 ad
3275 3593 3440 3649 quam

1856 3652 2196 3703 ethnicorum
2228 3654 2597 3701 narrationem
2633 3648 2721 3699 hic
2748 3648 2942 3700 alludit
2967 3650 3228 3703 lrenaeus.

1928 3719 2060 3773 Cum
2089 3720 2252 3786 igitur
2281 3726 2507 3769 tantum.
2549 3716 2665 3769 Vet.
2694 3718 2842 3781 cod.,
2878 3733 2896 3765 ι
2942 3733 3067 3771 cum
3103 3719 3271 3786 igitur
3303 3719 3441 3773 taci-

1858 3798 1989 3850 tam,
2034 3806 2052 3838 ι
2087 3801 2194 3841 εις.

1930 3857 2042 3910 Nos
2072 3869 2245 3909 tamen
2270 3871 2372 3909 non
2388 3854 2817 3922 periclitabimur.
2852 3854 3051 3909 Euseb.
3080 3859 3173 3910 lib.
3206 3871 3240 3907 ν
3268 3855 3437 3920 Βία..

1859 3944 1976 3994 cap.
2030 3926 2082 3991 8,
2138 3924 2297 3994 203
2347 3928 2461 3978 haec
2498 3924 2861 3991 transcripsit,
2910 3940 3081 3993 usque
3143 3926 3209 3978 ad
3258 3926 3439 3981 illud:

1867 4017 1883 4047 ι
1916 3996 2068 4049 Hunc
2092 4010 2269 4047 autem
2299 4010 2604 4048 numerum.
2642 4011 2659 4043 ι
2696 3994 2777 4045 Ad
2804 4008 2865 4045 ea
2886 4007 3100 4061 quoque
3130 3996 3352 4062 respicit
3374 3995 3438 4049 Β.

1860 4068 2109 4118 Andreas
2147 4065 2455 4131 Cappadox,
2486 4063 2781 4116 Comment.
2817 4064 2870 4113 in
2904 4077 3000 4115 xiii
3055 4066 3250 4131 Apoc.,
3286 4064 3444 4132 cujus

1863 4138 2025 4190 verba
2056 4152 2119 4187 eo
2143 4135 2418 4186 lubentius
2443 4137 2656 4195 addam,
2677 4132 2820 4197 quod
2846 4135 3129 4197 praesentis
3155 4134 3256 4185 loci
3284 4146 3440 4184 usuin

1862 4206 2148 4259 commode
2186 4204 2459 4269 aperiant.
2488 4203 2580 4253 Ait
2629 4215 2817 4251 enim:
2855 4218 2872 4249 ι
2908 4203 3164 4253 Exactam
3228 4204 3439 4254 numeri

1863 4275 2109 4328 notitiam
2151 4272 2603 4340 qiiemediiioduni
2636 4277 2689 4320 et
2742 4278 2961 4333 caetera,
3015 4286 3133 4337 qua:
3176 4270 3241 4323 de
3286 4272 3445 4322 Anti-

1864 4347 2071 4397 christo
2098 4352 2299 4409 scripta
2332 4349 2480 4400 sunt,
2534 4350 2745 4403 tempus
2776 4349 2829 4389 et
2856 4341 3191 4406 experientia
3227 4341 3444 4392 revela—

1868 4417 1997 4466 bunt
2026 4413 2089 4464 iis
2117 4416 2207 4478 qui
2238 4410 2617 4478 vigilaveritit.
2650 4410 2784 4478 t‘iam
2840 4409 2883 4460 si
2918 4410 3222 4476 expediret,
3257 4419 3314 4459 tit
3348 4422 3443 4461 vo-

1865 4485 1978 4537 lutit
2016 4477 2261 4534 nonnulli
2303 4487 2575 4539 doctores,
2610 4477 2915 4543 liujusniodi
2966 4487 3151 4547 aperte
3189 4478 3441 4547 cognosci

1868 4568 2085 4613 nomen,
2122 4554 2166 4602 is
2198 4552 2403 4616 utique,
2428 4549 2518 4615 qui
2565 4548 2740 4613 ipsum
2775 4547 2932 4611 vidit,
2974 4545 3310 4609 revelasset;
3346 4548 3441 4599 sed

1868 4639 1973 4676 non
2016 4622 2215 4688 placuit
2247 4622 2439 4671 divina:
2492 4618 2681 4688 gratia:
2716 4625 2773 4666 ut
2801 4631 2995 4688 nomen
3044 4618 3287 4688 pestiferi
3344 4617 3444 4668 ho-

1869 4686 2029 4746 minis
2066 4708 2114 4741 in
2156 4692 2339 4741 divino
2370 4688 2507 4738 libro
2544 4686 2841 4738 referretur
2871 4687 2923 4737 iii
2954 4687 3224 4748 ordinem,
3273 4702 3291 4734 ι
3333 4694 3441 4735 etc.

1942 4759 2124 4827 Neque
2198 4760 2358 4810 enim.
2408 4758 2592 4827 Supra,
2638 4755 2751 4827 lib._
2786 4770 2857 4818 iv,
2901 4770 3021 4827 cap.
3077 4755 3188 4827 57,
3229 4767 3441 4827 sacram

1868 4820 2248 4899 Apol-alypsim
2285 4836 2469 4899 aperte
2490 4820 2699 4899 itribuit
2724 4820 2917 4899 Joaiiizi
2960 4820 3226 4899 discipulo
3260 4822 3442 4899 Domi-

1873 4892 1965 4965 ni;
1991 4892 2132 4966 quod
2163 4908 2215 4950 et
2244 4896 2439 4964 repetit
2465 4896 2704 4960 ejusdem
2750 4895 3023 4966 lihri_cap.
3060 4893 3149 4966 ξιξ,
3191 4908 3255 4944 ac
3287 4892 3447 4966 hujus

1875 4960 2151 5035 ltbi‘I-cap.
2184 4968 2272 5025 28,
2303 4960 2439 5016 intra
2468 4966 2701 5035 denique
2734 4978 2866 5035 cap.
2888 4962 2955 5014 54
2993 4973 3047 5014 et
3075 4963 3165 5024 35,
3198 4960 3445 5035 eamdem

1872 5042 1920 5093 ei
1962 5049 2017 5091 ut
2059 5031 2185 5089 vero
2228 5038 2437 5087 auctori
2494 5033 2735 5085 ascribit.
2804 5034 2997 5084 Mirum
3048 5046 3183 5096 ergo
3230 5031 3448 5081 videtur

1873 5108 2145 5179 quomodo
2185 5105 2429 5179 Alogiani
2461 5112 2514 5155 et
2542 5104 2899 5179 '_l_'h_eodotiani
2924 5099 3445 5179 vetercs'bzretici,

1874 5169 1938 5234 de
1962 5181 2156 5245 quibus
2183 5169 2515 5242 scripserunt
2541 5172 2891 5245 Epiphanius,
2922 5170 3241 5245 Piiilastrius
3263 5178 3315 5245 et
3337 5169 3450 5217 Au-

1869 5240 2135 5317 gustinus,
2165 5240 2434 5317 ausi—sunt
2463 5248 2584 5317 huic
2611 5241 3053 5317 apostolico_vit'o
3070 5240 3449 5317 cdtitradtcere

1868 5307 1921 5372 Et
1954 5320 2148 5370 libruni
2187 5314 2335 5367 illum
2382 5307 3030 5379 Cerinthoperditissimo
3058 5307 3313 5360 nebuloni
3342 5309 3447 5356 im—

1868 5389 2132 5455 pudenter
2168 5386 2466 5450 assignare.
2512 5380 2617 5455 Sed
2648 5382 2802 5447 longe
2846 5382 3020 5455 magis
3062 5382 3448 5455 obstupescen-

1870 5445 2016 5520 ilum,
2067 5458 2210 5523 quod
2242 5445 2341 5505 huc
2396 5453 2693 5523 llOVlSSlIllU
2738 5445 3236 5523 seculo'lflrasnius
3265 5445 3448 5523 eideiit

1873 5512 2103 5581 auctori-
2121 5540 2184 5579 ac
2219 5524 2357 5577 libro
2401 5535 2505 5576 non
2541 5520 2777 5573 timuerit
2821 5533 2919 5588 pio
2962 5519 3166 5571 viribus
3190 5512 3450 5571 detrahe-
