4170 6310
720 338 850 397 1851

718 531 860 581 tione
882 528 1161 594 scripserit
1191 540 1249 579 se
1299 526 1493 577 librum
1539 526 1683 578 illum
1726 538 1898 591 neque
1928 538 2025 591 pro
2056 528 2284 592 prophe-

723 598 850 659 tieo,
886 608 1057 660 neque
1084 608 1181 661 pro
1218 596 1512 662 apostolico
1545 596 1822 662 recipere;
1865 594 2120 647 Calvinus
2161 610 2281 647 eum

721 680 934 735 semper
969 674 1277 735 suspectum
1328 662 1607 735 habuerit;
1657 662 1907 735 Bremins
1938 674 1991 715 et
2030 662 2281 735 Chemni-

721 732 1106 788 tius—eumdem
1146 732 1365 786 incert:e
1392 732 1730 784 auctoritatis
1761 746 1882 784 esse
1925 732 2234 784 censuerint
2267 750 2281 796 ;

721 804 949 871 denique
974 801 1208 854 Bodinns
1235 812 1287 855 et
1316 801 1683 871 Anahaptista:
1708 802 2093 871 propemodum
2135 816 2287 854 euru-

720 872 839 924 dem
867 869 1043 939 ipsum
1074 884 1104 922 e
1133 872 1300 924 choro
1331 870 1758 923 Christianorqu
1787 869 2075 923 exsibileut
2104 884 2166 923 ac
2192 885 2285 924 ex-

759 942 962 994 lodant.

719 956 1069 1064 pug'é‘dmbene
1106 1008 1266 1061 habet
1296 1006 1440 1075 quod
1468 1004 1819 1073 gravissimus
1854 1008 2133 1074 theologus
2154 1006 2287 1062 Ter—

721 1079 979 1132 tullianus
1029 1080 1255 1131 istorum
1304 1090 1546 1131 erronem
1585 1087 1710 1131 ante
1752 1077 1898 1130 mille
1924 1088 1979 1131 et
2017 1088 2286 1132 trecentos

720 1163 891 1201 annos
918 1146 1251 1200 damnaverit
1282 1147 1331 1198 in
1364 1144 1633 1199 Marciane
1661 1156 1717 1199 et
1754 1145 2019 1207 Cerdoue,
2054 1162 2283 1213 quormn

718 1219 1047 1283 impietatem
1082 1217 1179 1269 hos
1215 1232 1318 1267 non
1361 1217 1523 1281 pudet
1569 1215 1637 1269 ab
1680 1217 1819 1269 Orco
1861 1230 2149 1281 revocare;
2191 1217 2281 1270 lib.

724 1284 1052 1354 Prwscript.,
1076 1299 1198 1352 cap.
1229 1284 1319 1345 5|,
1354 1295 1408 1337 et
1433 1283 1523 1354 |_ib_.
1557 1284 1766 1354 tvﬁAdv.
1788 1283 2131 1354 Marcionem,
2161 1300 2283 1353 cap.

718 1355 771 1406 5.
799 1352 1021 1414 Deinde,
1064 1355 1203 1420 quod
1236 1354 1395 1406 etiam
1424 1352 1723 1406 Calviniani
1754 1368 1818 1406 ae
1853 1353 2144 1407 Lntheraui
2180 1352 2284 1409 non

717 1423 1112 1491 paucitlibrum
1159 1424 1300 1476 hunc
1346 1433 1404 1475 ut
1436 1435 1563 1474 vere
1605 1422 1961 1489 apostolicum
2007 1424 2172 1477 letum
2224 1440 2287 1478 ac

717 1494 979 1560 scriptum
1033 1492 1145 1544 suis
1199 1491 1605 1545 commentariis
1651 1491 1924 1558 explicare
1977 1503 2283 1546 conantur:

715 1560 1061 1629 ejusdemque
1090 1560 1424 1626 potissimum
1460 1560 1788 1629 auctoritate
1818 1562 2062 1613 nitantur
2092 1564 2287 1615 adver-

716 1627 808 1683 sus
834 1627 1013 1682 sedem
1048 1629 1453 1695 Ecclesiamque
1483 1627 1805 1689 Romanam,
1842 1629 1890 1680 id
1924 1644 2196 1697 nunquam
2222 1632 2286 1682 de

716 1698 1022 1768 apocrypho
1080 1710 1173 1751 aut
1228 1700 1449 1752 incertae
1490 1698 1835 1751 auctoritatis
1884 1699 2160 1751 volumine.
2206 1699 2285 1752 fa-

714 1780 877 1822 CHII‘I.

792 1837 988 1889 Verum
1042 1836 1375 1891 firmioribus
1417 1834 1682 1905 prtesidiis
1721 1834 1862 1887 illius
1907 1836 2285 1889 auctoritatem

715 1907 1171 1960 communiamus.
1210 1906 1322 1958 Sub
1368 1908 1496 1973 ipsis
1538 1905 1904 1971 apostolorum
1954 1908 2287 1972 temporibus

720 1976 1006 2041 Dioisysins
1032 1976 1343 2041 Areopagit.
1373 1977 1511 2027 hanc
1545 1974 1840 2041 Scriptura:
1875 1982 2079 2040 partem
2107 1976 2289 2041 appel-

719 2043 867 2104 lavit,
905 2060 925 2092 ‹
960 2058 1213 2095 arcanam
1246 2053 1300 2093 et
1340 2046 1620 2110 mysticam
1659 2043 1882 2110 omnino
1911 2043 2171 2095 visionem
2205 2045 2287 2095 di-

718 2112 842 2165 lecti
866 2111 1134 2178 discipuli.
1150 2108 1495 2178 divinamque
1522 2110 1730 2163 Domini
1750 2108 1877 2161 Jesu
1896 2121 1950 2163 et
1968 2111 2286 2163 altissimam

719 2180 1036 2247 theologiam
1089 2178 1154 2247 “_.
1216 2197 1234 2229 ι
1290 2179 1533 2232 Justinus
1589 2189 1795 2247 martyr
1845 2196 1948 2232 non
1999 2179 2286 2234 admodum

716 2245 1045 2316 postea—eam
1072 2265 1091 2296 ς
1122 2245 1312 2302 Joanui
1344 2248 1585 2315 apostolo
1615 2260 1678 2299 ex
1707 2245 1990 2299 duodecim
2021 2263 2128 2299 uno
2152 2264 2287 2300 nuu-

718 2318 958 2384 cupavit,
992 2335 1009 2365 ι
1036 2325 1087 2368 et
1106 2331 1199 2367 sua
1222 2318 1605 2382 propemodum
1634 2324 1789 2367 (etate
1812 2318 1881 2369 ab
1909 2317 1997 2368 illo
2029 2318 2285 2383 scriptam

717 2400 839 2439 esse
864 2384 1044 2439 docuit
1067 2386 1141 2448 ⁸⁶;
1172 2385 1468 2452 quinetiam
1505 2384 1959 2448 luculentissima,
1996 2386 2151 2436 aiunt
2185 2386 2289 2437 Eu-

718 2457 899 2507 sebius
921 2456 962 2484 "
993 2463 1046 2505 et
1076 2454 1455 2521 Hieronymus,
1490 2455 1826 2521 expositione
1853 2466 2172 2520 prosecutus
2206 2464 2289 2507 est

718 2523 1050 2591 Theophilus
1082 2520 1486 2585 Antiochenus;
1523 2521 1702 2576 Melito
1742 2520 2053 2587 Sardeusis,
2088 2523 2285 2591 Diony-

717 2593 831 2646 sius
878 2592 1294 2654 Alexandrinus,
1362 2591 1649 2659 Dionysius
1705 2591 2040 2653 Corinthius,
2098 2594 2283 2643 eodem

718 2670 855 2713 teste
888 2660 1142 2721 Eusebio,
1202 2660 1445 2728 ejusdem
1498 2661 1843 2723 testimoniis,
1893 2668 1952 2711 ut
1987 2660 2188 2714 divinis
2231 2670 2285 2714 et

717 2730 1049 2795 apostolicis,
1091 2730 1213 2781 lidei
1247 2740 1441 2783 nostra:
1482 2730 1729 2796 dogmata
1761 2730 2020 2782 adversus
2053 2730 2288 2782 btereses

716 2800 1223 2865 comprobaverunt.

793 2864 1155 2919 Tertullianus
1174 2869 1357 2933 etipse
1391 2867 1473 2919 vir
1504 2864 1926 2934 apostolicorum
1959 2874 2284 2933 temporum,

719 2936 999 3003 plusquam
1029 2936 1250 3001 triginta
1291 2936 1423 2989 locis
1460 2950 1578 2987 eam
1613 2936 1814 2997 laudat,
1864 2949 1926 2985 ex
1961 2936 2156 2999 quibus
2188 2937 2286 2987 ali-

718 3015 852 3070 quot
902 3003 1258 3068 subjicimns:
1304 3021 1322 3055 ‹
1369 3004 1577 3057 Cerdon
1626 3004 1847 3071 apostoli
1906 3004 2054 3055 Pauli
2109 3019 2285 3071 neque

2023 334 2377 391 VARIORU.“
2422 334 2630 389 ΝΟΤᾸΣ

720 459 867 521 re“;
885 455 1154 511 Lutherus
1174 456 1355 523 priore
1373 457 1423 508 in
1446 454 1647 509 Novum
1664 456 2065 510 Testamentum
2090 453 2290 521 Pra-fa-
2318 458 2362 513 Α

3830 337 3966 391 1832

2391 465 2571 527 potest
2617 455 2745 527 quin
2787 456 3038 525 loquatur
3088 457 3153 511 de
3191 456 3398 513 Joanne
3438 461 3680 527 apostolo
3709 475 3774 514 ac
3800 474 3960 513 evan-

2388 526 2610 597 gelista;
2646 526 3061 597 haudquaquam
3096 543 3264 597 vero?
3294 528 3359 581 de
3394 526 3656 581 Cerintho
3708 531 3959 597 impuris-

2387 596 2526 673 simo
2576 594 2861 659 nebulone,
2910 594 3003 649 aut
3058 596 3163 649 alio
3222 596 3405 664 aliquo
3452 598 3668 651 obscuri
3730 594 3961 655 nominis

2390 679 2524 715 VIN).

2456 730 2642 797 Neque
2669 731 2795 786 huic
2835 732 3115 786 catholicae
3148 732 3435 787 assertioni
3470 735 3671 789 desunt
3699 736 3958 801 antiquis-

2388 800 2646 854 simorum
2680 802 3032 855 conciliorum
3075 801 3381 854 ﬁrmissima
3411 806 3623 857 decreta
3658 800 3949 869 etjudicia.

2386 870 2601 935 quando
2648 872 3017 991 Ancyranum,
3064 870 3164 922 sub
3224 871 3555 926 Dioi-letiano
3604 873 3957 933 celebratum,

2388 939 2739 991 Aoucalvnsis
2799 955 2923 991 oan.
2955 939 3183 991 apostoli
3218 940 3501 991 sententiis
3547 942 3719 991 utitur
3749 942 3815 991 ad
3860 943 3957 991 do-

2388 939 2739 1007 Apocalypsis
2767 939 2923 993 Joan.
2955 939 3183 1007 apostoli
3218 940 3501 993 sententiis
3547 942 3719 993 utitur
3749 942 3815 992 ad
3860 943 3958 993 do-

2386 1018 2564 1073 gmata
2594 1023 2687 1060 sua
2720 1007 3120 1075 comprobanda
3144 1008 3212 1059 ⁷³.
3242 1007 3541 1061 Concilium
3580 1012 3800 1061 tertium
3831 1008 3963 1062 Car-

2390 1077 2729 1139 thaginense,
2780 1079 3061 1143 probatum
3113 1091 3142 1127 a
3200 1086 3355 1145 sexta
3400 1082 3621 1145 synodo.
3657 1077 3960 1138 canone'i;

2389 1145 2677 1198 concilium
2740 1146 3042 1199 Romanum
3098 1146 3195 1199 sub
3227 1143 3473 1209 Gelasio;
3510 1144 3831 1198 Toletannm
3884 1160 3960 1205 tv,

2388 1214 2648 1283 comiti;
2709 1215 2942 1283 denique
2991 1212 3387 1277 Florentinum,
3446 1224 3499 1267 et
3558 1214 3961 1275 Tridentinum,

2387 1280 2612 1352 Joannis
2653 1280 3031 1352 Apocalypsim
3070 1292 3127 1334 ut
3162 1284 3352 1335 divina:
3382 1292 3435 1335 et
3465 1285 3745 1336 canonica:
3773 1292 3963 1336 aucto-

2391 1351 2567 1422 ritatis
2590 1351 2783 1422 librum
2814 1351 3113 1422 proferunt,
3147 1352 3651 1422 etcontradicentcs
3676 1353 3965 1422 haereticos

2388 1421 2825 1475 anathematihus
2865 1421 3081 1474 feriunt.
3128 1420 3579 1473 Adrersariorum
3620 1421 3962 1484 olijectiOnes

2390 1488 2650 1542 adversus
2681 1491 2821 1543 hanc
2846 1490 3167 1543 sententiam
3202 1490 3430 1555 primus,
3458 1490 3596 1555 quod
3624 1492 3817 1550 sciam,
3854 1491 3965 1542 dis-

2390 1556 2546 1608 solvit
2584 1568 2767 1612 noster
2799 1558 2994 1611 Frauc.
3027 1556 3399 1609 Titelmannus
3433 1560 3671 1611 secundo
3716 1558 3855 1609 lihro
3891 1557 3965 1610 De

2388 1628 2705 1679 auctoritate
2752 1627 3094 1694 Apocalypsis
3147 1629 3211 1677 ad
3248 1626 3580 1680 Desiderium
3636 1626 3960 1687 Erasmum;

2389 1694 2586 1763 deinde
2626 1705 2810 1749 naster
2842 1710 3056 1763 quoque
3090 1695 3311 1747 Michael
3341 1695 3551 1747 Meilina
3583 1696 3676 1748 lib.
3722 1696 3797 1746 De
3822 1703 3963 1747 recta

2392 1762 2442 1811 in
2476 1763 2637 1815 Deum
2672 1764 2804 1830 ﬁde;
2837 1762 3017 1826 tertio,
3052 1764 3233 1817 Xistus
3280 1764 3536 1816 Senensis
3574 1764 3963 1816 Dominicanus

2392 1830 2485 1883 lib.
2532 1833 2719 1886 ultimo
2778 1834 3146 1896 Bibliothecw;
3174 1833 3408 1899 denique
3444 1832 3712 1885 Robertns
3745 1830 3963 1884 Bellar-

2392 1899 2567 1969 minus
2604 1916 2634 1953 e
2663 1904 2921 1955 societate
2957 1900 3082 1955 Jesu
3125 1904 3404 1969 theologus
3456 1901 3821 1963 acutissimus,
3865 1901 3960 1955 lib.

2393 1982 2406 2018 ι
2436 1966 2948 2023 Controuersiarum.

2461 2032 2527 2087 Et
2564 2042 2802 2111 ascendet
2848 2040 2911 2091 ab
2950 2041 3156 2110 abysso.
3192 2040 3268 2094 lta
3300 2050 3458 2092 vetus
3490 2040 3680 2094 codex.
3729 2042 3960 2111 Vulgata

2391 2119 2605 2172 quoque
2626 2108 2811 2179 editio,
2832 2126 2849 2158 ι
2875 2108 3166 2181 ascensura
3199 2120 3282 2162 est
3305 2112 3367 2162 de
3398 2112 3610 2179 abysso.
3646 2127 3664 2159 ι
3690 2108 3965 2181 Ειριιῖιιὶ-

2393 2190 2509 2247 mns
2545 2190 2707 2247 ergo,
2742 2178 2767 2226 t
2792 2178 3034 2231 ascendit
3064 2180 3277 2247 abysso.
3312 2196 3329 2229 ι

2460 2242 2629 2294 Annis
2654 2247 2816 2297 tribus
2838 2254 2885 2297 et
2909 2242 3163 2299 mensibus
3190 2248 3302 2298 sex.
3332 2248 3465 2301 Cum
3501 2248 3701 2303 Irenao
3721 2249 3964 2302 sentiunt

2394 2310 2737 2386 Hippolytus,
2755 2314 3030 2386 _Ephr_ctu,
3068 2313 3448 2384 Hieronymus,
3477 2319 3833 2385 Augustinus,
3852 2319 3966 2386 7Cy—

2393 2380 2496 2433 rill.
2524 2379 2721 2446 Jeros.,
2755 2379 3160 2446 Theodoretus,
3204 2379 3426 2449 Arelas,
3470 2379 3792 2447 Aus'lertns,
3823 2379 3966 2438 Pri-

2392 2450 2616 2513 masius,
2683 2452 2967 2519 anertus.
3024 2452 3248 2519 Oportet
3305 2454 3467 2519 igitur
3518 2454 3819 2508 Gallasium
3868 2469 3965 2507 ex-

2392 2519 2587 2571 hausto
2619 2522 2836 2581 rubore.
2869 2522 2975 2573 imo
3010 2531 3065 2574 et
3112 2523 3435 2575 sceleratum
3489 2526 3763 2577 hominem
3823 2538 3964 2584 esse,

2390 2586 2478 2652 qui
2512 2588 2597 2640 hic
2632 2598 2740 2640 tam
2773 2590 2970 2660 apertis
3001 2590 3175 2643 verbis
3203 2591 3437 2644 Dauielis
3456 2604 3509 2645 et
3536 2594 3967 2660 Apocalypseos,

2389 2664 2550 2721 atque
2581 2664 2850 2731 tantorum
2884 2659 3125 2711 virorum
3170 2660 3603 2727 interpretationi
3633 2659 3758 2713 sese
3791 2676 3961 2731 oppo-

2389 2738 2520 2775 nere
2546 2740 2709 2777 ansus
2739 2728 2831 2779 sit.

2459 2790 2530 2843 Et
2556 2794 2819 2863 sederitin
2853 2796 3039 2862 templo
3084 2795 3449 2863 Jerosolymis.
3476 2797 3606 2849 Cum
3652 2798 3963 2853 nasciturus

2387 2861 2457 2914 sit
2485 2875 2548 2913 ex
2576 2864 2720 2933 tribu
2750 2862 2860 2915 Dan
2891 2861 3065 2931 etpro
3095 2861 3660 2933 Messiarecipiendus
3688 2883 3713 2918 a
3742 2868 3966 2933 Judaeis,

2388 2946 2493 2982 non
2535 2932 2913 3002 ambigendum
2966 2936 3091 2999 quin
3141 2932 3490 3001 Jernsolymis
3525 2946 3579 2985 et
3620 2936 3671 2986 in
3728 2938 3967 3002 ipsorum

2394 3001 2596 3070 templo
2621 3015 2871 3070 sessurus
2903 3002 2991 3062 sit,
3019 3016 3083 3053 ac
3142 3003 3414 3054 civitatem
3465 3003 3603 3053 illam
3652 3001 3967 3070 primariam

717 3066 927 3137 dlnnes,
956 3066 1126 3143 neque
1157 3082 1311 3143 totas
1337 3072 1602 3143 Epistolas
1637 3066 1995 3143 βὶιιιιὶιτᾲᾼςιξι-
2015 3066 2284 3143 apostolo-
2312 3087 2353 3143 ε
2392 3068 2599 3143 imperii
2631 3066 2713 3143 sui
2743 3070 3156 3143 constituturus.
3192 3070 3413 3143 dcet-dit
3440 3075 3581 3138 qllotl
3629 3066 3871 3143 Ioannes
3918 3078 3969 3126 in

722 3158 839 3193 rum
882 3151 938 3194 et
970 3141 1346 3209 Apocalypsim
1387 3139 1542 3207 quasi
1578 3141 1713 3193 falsa
1748 3139 1920 3204 rejicit
1954 3141 2020 3191 °'.
2050 3139 2083 3191 ίι
2144 3142 2283 3210 Ergo

718 3210 1088 3262 Cerdouianos
1117 3222 1171 3262 et
1212 3212 1591 3271 Marcionitas,
1633 3212 1682 3261 id
1719 3220 1801 3260 est
1841 3210 2124 3263 lizereticos
2164 3228 2282 3263 om-

720 3279 869 3329 nium
916 3279 1257 3342 deterrimos,
1305 3278 1466 3331 habet
1494 3280 1677 3330 hostes
1708 3278 1848 3329 illius
1884 3279 2029 3329 libri.
2080 3278 2145 3330 Et
2198 3280 2284 3332 ille

719 3362 934 3399 rursum
976 3364 989 3400 :
1020 3365 1036 3395 ι
1072 3347 1207 3399 Nam
1236 3359 1290 3401 et
1322 3345 1595 3416 apostolus
1623 3345 1857 3416 Joannes
1883 3347 1931 3397 in
1963 3348 2283 3416 Apocalypsi

716 3429 902 3468 ensem
942 3416 1199 3468 describit
1236 3432 1300 3469 ex
1334 3430 1427 3467 ore
1460 3415 1552 3467 Dei
1596 3414 1944 3483 prodeuntem
1974 3415 2038 3464 “.
2084 3434 2099 3463 i
2142 3414 2279 3468 Rur-

718 3499 945 3550 sumque
976 3485 1167 3537 scribit
1196 3503 1208 3537 :
1242 3503 1261 3535 ‹
1295 3483 1427 3536 Nam
1472 3495 1525 3535 et
1556 3487 1597 3536 si
1626 3484 2004 3550 Apocalypsim
2050 3483 2283 3537 Marcion

720 3555 947 3620 respuit,
985 3557 1120 3620 ordo
1170 3564 1345 3606 tamen
1389 3554 1765 3619 episcoporum
1802 3554 1867 3603 ad
1891 3554 2153 3619 originem
2204 3570 2287 3606 re-

715 3619 916 3674 census
940 3623 992 3673 in
1025 3619 1286 3674 Joannem
1320 3624 1487 3673 stabit
1518 3632 1794 3672 auctorem
1825 3620 1891 3673 "'.
1925 3638 1943 3671 ι
1988 3622 2054 3673 Et
2087 3621 2190 3672 alio
2218 3623 2288 3673 lo-

715 3703 816 3742 co:
854 3706 873 3738 ι
933 3688 1170 3742 Joannes
1219 3699 1275 3741 ut
1320 3705 1415 3757 pro
1462 3690 1723 3741 fratribus
1765 3689 1975 3741 animas
2025 3705 2287 3757 ponamus

716 3760 988 3819 hortatur,
1020 3772 1221 3824 negans
1255 3759 1503 3810 timorem
1534 3772 1654 3811 esse
1692 3759 1743 3808 in
1787 3759 2097 3809 dilectione.
2132 3761 2284 3823 Quod

716 3828 760 3878 si
790 3826 1192 3896 prol'ratribns,
1228 3836 1433 3894 quanto
1474 3829 1643 3895 magis
1689 3841 1788 3892 pro
1835 3826 2065 3880 Domino
2105 3830 2285 3893 docet,

717 3897 852 3948 satis
881 3895 1289 3965 de’Apocalypsi
1313 3910 1525 3963 quoque
1566 3911 1661 3951 sua
1697 3896 1993 3949 instructus
2020 3897 2131 3950 luce
2163 3913 2288 3950 sua-

717 3964 846 4016 dere
878 3964 963 4015 “Y
994 3982 1014 4013 ι
1048 3962 1111 4015 Et
1139 3962 1546 4027 ut‘coniperidio
1583 3965 1886 4027 absolvam,
1924 3965 2063 4017 idem
2109 3967 2199 4019 lib.
2234 3983 2286 4020 tv

717 4042 1027 4101 poematum
1067 4034 1323 4085 adversus
1346 4034 1693 4096 Marciouem,
1720 4049 1835 4101 cap.
1863 4035 1916 4095 6,
1957 4041 2011 4086 et
2048 4034 2182 4089 libro
2215 4036 2288 4089 De

715 4100 842 4166 fuga
866 4102 920 4152 in
944 4102 1324 4168 persecutione,
1349 4116 1469 4168 cap.
1500 4105 1587 4162 10,
1636 4100 1808 4156 eidem
1849 4102 2045 4157 Joanni
2082 4105 2286 4157 Christi

716 4169 984 4239 discipulo
1018 4170 1385 4237 Evangelinm,
1417 4170 1707 4237 Epistolam
1742 4175 1970 4238 primam
1998 4182 2051 4223 et
2078 4174 2288 4239 Apoca-

718 4236 910 4304 lypsim
955 4236 1488 4310 ascribens,_s_iisdem
1520 4254 1621 4305 pro
1671 4236 1986 4293 Christiano
2038 4236 2288 4310 dogmate

716 4312 980 4359 adversus
1011 4308 1194 4359 hostes
1223 4308 1363 4359 illius
1384 4310 1626 4361 dimicat.

2390 3137 2608 3206 Apocal.
2657 3136 2752 3199 ait,
2796 3139 2928 3190 duos
2980 3147 3141 3191 testes
3182 3139 3411 3197 divinos.
3448 3136 3635 3206 nempe
3669 3141 3896 3195 Heuoch
3921 3157 3973 3195 et

2390 3205 2580 3279 ﬁliam,
2614 3206 2679 3258 ab
2708 3207 3042 3279 AntichriSto
3067 3209 3334 3279 necandos
3370 3208 3418 3259 in
3442 3223 3502 3259 ea
3528 3205 3748 3261 civitate
3782 3210 3832 3279 in
3866 3228 3971 3279 qua

2387 3275 2636 3346 Christus
2666 3274 2957 3346 cruciﬁxus
2982 3286 3079 3327 est.
3122 3276 3216 3328 llis
3257 3280 3526 3329 consentit
3567 3279 3756 3346 (Iytill.
3787 3274 3969 3332 Jeros.

2387 3344 2631 3395 scribens
2663 3359 2675 3393 :
2715 3359 2734 3393 ι
2772 3345 2824 3395 In
2853 3346 3051 3410 templo
3080 3351 3220 3410 quod
3253 3346 3515 3410 reliquum
3544 3344 3625 3400 est
3654 3348 3969 3400 Judmerum

2388 3413 2599 3481 sedebit
2648 3411 2712 3464 ’⁵.
2762 3431 2793 3481 γι
2843 3414 3216 3481 Astipulantur
3275 3414 3507 3467 Ililarius
3549 3431 3757 3469 canone
3800 3418 3875 3469 25
3918 3420 3970 3469 in

2390 3479 2717 3551 Matth-.eum.
2750 3479 3001 3535 Sedulius
3030 3484 3079 3535 in
3109 3484 3402 3536 secundum
3436 3485 3658 3551 caputll
3691 3488 3757 3535 ad
3789 3485 3969 3539 Thes-

2388 3549 2513 3609 sal.,
2566 3550 2927 3605 Damascenus
2977 3552 3067 3604 lib.
3115 3567 3164 3605 tv
3210 3551 3283 3603 De
3323 3553 3447 3618 ﬁde,
3484 3549 3604 3619 cap.
3640 3554 3731 3615 ‘28,
3771 3566 3826 3607 et
3853 3557 3971 3617 alii,

2387 3634 2530 3691 quos
2551 3634 2712 3691 supra
2737 3620 3086 3687 signavitnus,
3118 3631 3243 3691 nota
3269 3624 3319 3683 6,
3352 3624 3401 3674 in
3429 3636 3546 3689 cap.
3578 3624 3670 3674 25.
3705 3624 3843 3691 Ergo
3874 3641 3975 3677 nec

2388 3690 2620 3749 sedebit,
2655 3704 2752 3741 nec
2781 3704 3015 3757 unquam
3059 3690 3198 3742 sedit
3231 3690 3436 3755 Romae,
3468 3702 3525 3744 ut
3560 3694 3681 3747 novi
3715 3690 3976 3747 Gnostici

2426 3759 2653 3810 arriunt.

2389 3771 2653 3825 garriunt.

2462 3895 2491 3897 ῃ
2623 3896 2635 3897 7
2662 3825 2922 3897 Ejusdem
2955 3825 3319 3887 adnotationes
3349 3827 3404 3897 in
3447 3843 3562 3897 cap,
3590 3829 3680 3887 51,

2461 3895 2591 3964 Pag.
2621 3896 2744 3949 3'50.
2773 3894 2966 3966 Dicuut
2997 3910 3049 3946 se
3070 3896 3372 3966 supergredi
3391 3894 3564 3952 coctos.
3593 3899 3975 3966 lmpudentem

2391 3963 2559 4017 istaut
2593 3976 2834 4017 veterum
2894 3963 3273 4017 Gnosticorum
3316 3964 3635 4031 jactauliam
3675 3963 3879 4021 retulit
3912 3971 3977 4023 li-

2390 4036 2486 4101 bro
2526 4048 2562 4097 ι,
2605 4048 2722 4101 cap.
2753 4032 2786 4085 9
2821 4040 2873 4085 et
2926 4036 3009 4085 18.
3042 4032 3150 4085 Nec
3185 4033 3360 4084 minor
3400 4049 3541 4088 nunc
3566 4045 3651 4089 est
3691 4042 3978 4093 temeritas

2392 4091 2864 4171 llugnostieorum,
2897 4112 3153 4154 mternam
3191 4102 3240 4152 itt
3273 4102 3423 4154 caelis
3466 4105 3799 4164 l’elicitatem.
3843 4091 3977 4160 ιιιοέ

2390 4182 2445 4223 ut
2481 4172 2605 4223 hinc
2645 4171 2981 4237 emigrariut,
3032 4178 3138 4221 tam
3193 4181 3342 4223 certo
3392 4182 3444 4226 et
3504 4175 3809 4226 indubitate
3867 4180 3975 4229 sibi

2391 4240 2907 4307 repromittentium,
2938 4248 2995 4290 ιιι
3035 4238 3255 4291 omnino
3296 4239 3366 4291 sit
3400 4242 3759 4309 impossibille
3808 4244 3979 4297 aliter

2392 4309 2508 4361 ﬁeri
2531 4309 2904 4374 nelariumque
2932 4318 3119 4379 putent
3146 4310 3209 4360 de
3238 4309 3339 4379 hoc
3360 4309 3465 4361 ullo
3490 4322 3648 4376 pacto
3666 4313 3975 4379 ambigere.

789 4373 931 4452 idem
962 4383 1143 4452 postea
1165 4391 1271 4429 non
1296 4378 1533 4452 segniter
1563 4386 1824 4452 praestant
1844 4373 2107 4452 Origenes
2135 4378 2281 4452 hom.
2318 4394 2363 4452 [)
2392 4379 2495 4430 Sed
2528 4380 2665 4452 hanc
2688 4373 3159 4452 prtesumptionem
3200 4378 3359 4452 toties
3398 4373 3619 4452 damnat
3654 4373 3976 4447 Scripiura,

715 4440 749 4515 ’ζ
782 4443 834 4515 in
859 4440 1040 4515 Josue,
1069 4444 1318 4515 Clemens
1350 4440 1746 4515 Alesandrinus
1774 4445 1864 4498 lib.
1898 4440 2283 4515 It'l’wdagogi,

716 4510 1046 4580 Athanasius
1083 4513 1132 4562 in
1168 4512 1419 4580 SynOpsi,
1451 4512 1782 4579 Epiphanius
1806 4524 1993 4568 Contra
2038 4510 2284 4569 Ita-resin:

714 4578 778 4631 51
813 4591 866 4632 et
887 4579 975 4643 76,
1001 4578 1420 4648 Chrysostomus
1455 4578 1508 4632 in
1543 4582 1686 4634 Psal.
1717 4599 1823 4648 aet,
1852 4594 1905 4637 et
1926 4584 2287 4639 Damascenus

715 4648 809 4702 lib.
842 4664 891 4701 tv
918 4649 992 4701 De
1016 4650 1118 4715 ﬁde
1149 4652 1461 4703 orthodoxa.

792 4716 964 4771 Unius
1012 4727 1216 4770 tanturn
1280 4718 1615 4787 llieronymi,
1679 4719 1908 4774 aliorum
1966 4720 2282 4775 Latinorum

721 4784 940 4837 Patrum
968 4788 1105 4851 vice,
1149 4784 1657 4841 sententiain'addo
1711 4808 1723 4841 :
1764 4808 1783 4841 ι
1836 4792 2043 4855 Quarto
2074 4793 2282 4845 decimo

716 4870 889 4916 anno,
923 4856 1451 4928 inquit,_secnndam
1477 4868 1596 4928 post
1633 4858 1899 4913 Neronem
1951 4864 2282 4928 persecutio-

718 4937 838 4975 nem
868 4934 1115 4977 movente
1139 4926 1460 4988 Domitiano,
1494 4927 1729 4981 Joannes
1763 4930 1813 4981 in
1847 4926 2109 4982 l’athmon
2145 4932 2284 4981 rele-

716 5002 899 5065 gatus,
944 4994 1162 5056 scripsit
1211 4996 1609 5064 Apocalypsim,
1658 5012 1821 5065 quam
1856 4999 2283 5065 interpretantur

715 5062 959 5133 Justinus
1013 5071 1223 5133 martyr
1262 5075 1329 5133 ct
1356 5062 1586 5133 ll‘ClleS
1621 5062 1691 5117 τ’.
1741 5084 1760 5116 ι
1799 5067 1865 5118 ΕΙ.
1898 5069 1949 5118 ιιι
1999 5062 2157 5133 epist.
2215 5070 2281 5119 ad

715 5127 927 5181 Paulin.
959 5144 975 5177 :
1017 5147 1036 5179 ι
1071 5127 1418 5201 Apocalypsis
1445 5132 1668 5186 Joannis
1692 5142 1769 5188 tot
1792 5138 1953 5189 habet
1974 5127 2284 5189 sacramen-

719 5205 792 5269 ta,
829 5208 960 5263 quot
989 5202 1171 5253 verba.
1206 5199 1401 5252 Parum
1432 5205 1540 5255 dixi
1579 5221 1591 5254 :
1624 5219 1721 5269 pro
1754 5207 1946 5258 merito
1991 5206 2281 5259 voluminis

717 5266 833 5341 laus
864 5270 1039 5341 omnis
1103 5268 1325 5341 inferior
1354 5280 1469 5333 est;
1520 5274 1571 5324 iu
1606 5266 1784 5341 verbis
1836 5275 2063 5341 singulis
2099 5278 2281 5327 multi-

718 5336 887 5400 plices
922 5336 1091 5388 latent
1125 5338 1509 5409 intelligentia.
1553 5360 1572 5391 ι
1612 5340 1781 5397 Nemo
1820 5336 1998 5396 anteiit
2032 5346 2281 5397 dubitare

786 5471 834 5502 “
856 5471 911 5524 In
946 5472 1129 5526 adnot.
1209 5476 1252 5505 ⁸⁵
1284 5476 1355 5529 De
1380 5485 1516 5530 ecel.
1549 5478 1683 5531 hier.
1719 5495 1767 5534 c.
1809 5479 1862 5531 3.

717 5539 812 5611 lib.
845 5555 941 5604 vn,
976 5559 1097 5611 cap.
1133 5543 1225 5597 ‘25.
1303 5546 1345 5575 "
1371 5546 1567 5601 Pmsc.
1591 5566 1637 5600 c.
1671 5550 1758 5603 5|.

719 5608 1014 5683 Scorptacn
1046 5608 1167 5683 adv.
1200 5614 1391 5668 Gnost.
1418 5632 1537 5683 cap.
1584 5618 1663 5669 li.

718 5693 794 5747 at,
835 5686 925 5735 20.
998 5682 1043 5711 "
1076 5681 1117 5735 ll
1145 5683 1285 5736 Petr.
1324 5700 1360 5747 ι,
1399 5685 1483 5737 l0.

1952 5480 1997 5509 “
2026 5481 2229 5547 Dialog.
2260 5494 2381 5532 cum
2417 5478 2729 5546 Tryphone.

1836 5550 1879 5578 “
1913 5548 2028 5601 Lib.
2068 5565 2125 5600 ιιι
2158 5555 2279 5601 adv.
2333 5548 2525 5610 Mare,
2561 5563 2606 5600 ς.
2648 5547 2732 5601 14.

1775 5619 1819 5649 ⁷³
1862 5620 2035 5673 Calai.
2066 5635 2234 5689 scrip.
2286 5619 2587 5672 ecclesiast.

2394 4448 2605 4515 quoties
2628 4447 2899 4515 suadet_ut
2947 4448 3230 4515 timeamus
3259 4445 3571 4514 Dominum,
3604 4460 3658 4500 et
3700 4452 3765 4500 ad
3807 4445 3978 4504 ter-ri;

2394 4512 2519 4568 bilia
2550 4516 2787 4581 ejusdem
2822 4512 3025 4578 judicia
3059 4514 3407 4585 trepidemus,
3440 4520 3527 4583 qui
3557 4512 3737 4583 potest
3766 4534 3978 4585 corpus

2391 4586 2702 4637 etanitiiam
2726 4585 3015 4653 ntittere_in
3047 4583 3369 4653 gehennam.
3407 4588 3635 4638 Damnat
3679 4583 3973 4653 speciatim

2392 4654 2591 4709 l’aulus
2617 4654 2803 4723 dicens
2832 4667 2897 4723 :_¢
2945 4650 3024 4703 Tu
3070 4652 3174 4704 lide
3193 4664 3364 4723 _stas:
3404 4654 3514 4707 noli
3542 4650 3722 4706 altum'
3748 4670 3972 4723 sapere.

2392 4725 2484 4776 sed
2520 4723 2647 4774 time
2671 4721 2737 4774 ⁷⁸.
2777 4738 2795 4771 ι
2848 4720 3075 4772 Damnat
3104 4730 3158 4772 et
3189 4719 3383 4793 Petrus
3418 4724 3637 4789 jubeus,
3688 4742 3705 4773 ι
3755 4719 3825 4776 αι’
3872 4741 3975 4793 per

2391 4794 2529 4845 bona
2554 4806 2716 4858 opera
2744 4799 2924 4841 nostra
2961 4799 3163 4842 certam
3188 4792 3525 4844 vocationem
3556 4804 3609 4844 et
3639 4792 3973 4849 electionem

2391 4870 2629 4912 nostram
2662 4859 2924 4910 faciamus
2944 4859 3009 4910 ⁷⁸.
3041 4877 3061 4909 ι

2462 4930 2618 4981 Nunc
2641 4936 2812 4979 autent
2834 4929 3001 4982 tribus
3027 4928 3229 4979 diebus.
3266 4927 3473 4980 Diserte
3506 4928 3684 4988 docet,
3726 4929 3776 4979 id
3816 4933 3976 4997 quod

2392 4998 2619 5051 ﬁrmiter
2656 4998 2955 5050 crediditet
2985 4996 3249 5050 catholice
3289 5000 3506 5050 tradidit
3548 4999 3814 5050 Catholica
3840 4996 3971 5051 Ec-

2386 5069 2549 5120 clesia
2583 5069 2648 5119 de
2699 5067 2961 5120 descensu
2989 5066 3193 5119 Christi
3236 5067 3300 5117 ad
3342 5068 3564 5127 inferos,
3601 5082 3798 5133 nempe
3849 5070 3977 5119 aui-

2388 5153 2529 5189 mam
2562 5138 2731 5203 ipsius
2775 5136 3075 5201 sejunctam
3102 5150 3131 5185 a
3165 5150 3413 5201 corpore,
3464 5153 3566 5189 non
3600 5147 3804 5188 tantum
3843 5153 3978 5203 ope-

2386 5208 2595 5260 ratione
2652 5207 2915 5272 quadam,
2973 5206 3066 5257 sed
3115 5208 3329 5271 propria
3390 5210 3716 5272 pra'sentia,
3782 5215 3842 5254 ut
3917 5226 3971 5258 in

2385 5277 2588 5328 scholis
2645 5276 2953 5341 loquimur,
3000 5275 3281 5325 interiores
3347 5284 3527 5341 partes
3582 5284 3739 5325 terra:
3799 5289 3974 5338 pene-

2386 5354 2595 5408 trasse;
2652 5352 2704 5397 ct
2749 5345 2816 5395 ad
2861 5344 3061 5405 locum,
3113 5357 3219 5410 quo
3254 5353 3565 5396 sam-torum
3627 5345 3858 5411 spiritus
3893 5357 3973 5394 te-

2818 5477 2859 5507 "
2902 5475 3097 5529 Euseb.
3128 5474 3265 5528 llist.
3300 5476 3389 5527 lib.
3420 5491 3491 5537 tv,
3525 5491 3574 5529 c.
3602 5474 3673 5527 25
3708 5484 3764 5527 et
3782 5473 3877 5537 3‘5,
3914 5483 3971 5531 et

2824 5548 2869 5577 ⁷⁰
2912 5547 3030 5601 Lib.
3063 5561 3111 5598 IV
3158 5552 3277 5599 adv.
3315 5546 3504 5605 Marc”
3534 5544 3732 5611 cap.5.
3828 5544 3876 5573 ⁷¹
3907 5544 3968 5597 lu

2692 5618 2738 5647 ⁷³
2767 5617 2897 5672 Can.
2939 5620 3146 5671 ultimo.
3235 5617 3279 5645 ”
3320 5616 3639 5668 Catccth.
3713 5614 3762 5644 "
3796 5612 3966 5667 Rom.
