4170 6310
732 367 870 421 18ὔῦ

2068 372 2431 428 νΑιιιοιιυιι
2473 374 2679 429 NOTAE

3839 378 3975 433 1856

731 489 972 563 e.nmlem
1001 485 1446 563 exhorrescentes
1489 504 1516 539 ιι
1554 488 1769 549 Christo
1795 492 2048 563 petierint
2089 508 2154 546 ne
2211 508 2304 546 eos
2334 496 2377 551 Α
2407 476 2683 563 desiderio
2722 503 2976 547 tenentur
3015 505 3065 547 et
3108 495 3432 561 afﬁciuntur,
3468 497 3792 551 immortalia
3824 498 3971 563 jam-

733 561 969 611 mitteret
1001 554 1051 606 in
1078 570 1195 606 eam
1226 556 1480 623 abyssum
1506 574 1520 616 ;
1546 572 1732 610 verum
1774 554 1892 611 esse
1921 560 2191 612 infernum
2220 563 2302 613 iii-

734 628 1007 686 lvi-iorem,
1063 638 1124 675 ex
1176 638 1281 691 quo
1328 641 1597 691 iutnquani
1644 638 1899 679 eruentur
1952 630 2301 693 reprohortim

734 696 960 752 animze.
1022 694 1454 760 Quandoquidem
1510 695 1575 747 ab
1634 710 1698 749 eo
1752 697 1893 749 nulla
1958 709 2039 751 est
2098 701 2304 753 redeni-

734 768 866 835 ptio,
900 772 1006 815 etc.

806 834 901 885 Sin
946 846 1075 883 vero
1108 832 1343 883 virorum
1380 832 1799 899 apostolieorum
1846 836 2071 888 aliorum
2098 836 2165 887 ab
2197 836 2300 889 Ire-

732 921 848 956 meo
882 902 944 952 de
982 900 1271 953 inferorum
1304 900 1421 953 loco
1462 914 1514 952 et
1551 904 1825 971 suppliciis
1865 906 2172 957 [CSIimtmia
2216 921 2299 957 re-

732 975 1041 1037 quirantur,
1089 980 1397 1041 pra-siccat
1442 971 1801 1024 Tertullianns
1839 974 2155 1040 Apologeti'ci'
2180 988 2298 1041 cap.

730 1046 797 1095 47
833 1041 1129 1108 gehennam
1156 1038 1416 1092 definiens
1445 1058 1463 1089 ‹
1493 1054 1610 1093 esse
1646 1042 1783 1109 ignis
1810 1038 2302 1094 arcani‘suhterra-

729 1125 889 1165 neum
910 1110 973 1160 ad
1003 1122 1212 1173 pmnam
1241 1111 1550 1161 thesaurum
1579 1126 1593 1172 ;
1629 1128 1646 1160 ι
1676 1120 1727 1164 et
1755 1120 1940 1165 contra
1960 1112 2298 1163 ethnicorum

729 1178 1104 1249 CICllillltOSid
1129 1179 1458 1249 conﬁrmans
1485 1193 1547 1249 ex
1576 1179 1762 1233 borum
1801 1180 2159 1249 sapientibus,
2203 1180 2301 1232 Mi-

730 1250 869 1311 nois,
897 1245 1049 1301 ιεδοὶ
1083 1256 1135 1299 et
1165 1246 1521 1299 Rhadamanii
1546 1249 1785 1315 judicnm
1820 1245 1877 1301 ιη’
1912 1248 2099 1302 inferis
2127 1249 2302 1301 tribu-

733 1320 870 1372 utilia
929 1317 1507 1386 constituentibuspct
1578 1317 2079 1386 l‘yt‘ipiilegetontio,
2135 1320 2305 1371 idest

732 1390 868 1454 ignei
901 1386 1133 1439 iluniiuis
1166 1390 1385 1438 ardores
1416 1385 1763 1453 ﬂammasque
1792 1385 2066 1441 sceleratis
2097 1389 2303 1453 reposi-

731 1469 813 1511 las
839 1454 1276 1524 praedicantibus.
1307 1454 1561 1524 Eamdem
1588 1458 1911 1509 sententiam
1932 1456 2057 1509 alibi
2084 1471 2301 1523 quoque

728 1529 806 1581 sic
843 1523 1156 1593 confirmat,
1188 1532 1239 1575 et
1270 1525 1395 1593 quid
1431 1523 1708 1591 qualisque
1746 1526 1989 1578 infernus
2038 1540 2068 1576 a
2110 1526 2301 1593 primis

727 1594 1056 1650 Christianis
1116 1592 1186 1645 sit
1237 1592 1577 1645 existimatus
1627 1594 1707 1646 his
1756 1596 1935 1649 verbis
1975 1592 2236 1647 describit
2282 1613 2295 1647 :

734 1686 752 1715 ε
811 1664 973 1717 Nobis
1028 1660 1185 1715 inferi
1220 1677 1323 1713 non
1361 1664 1498 1714 nuda
1541 1662 1830 1725 cavositas,
1867 1680 1963 1717 nec
2006 1664 2301 1716 subdivalis

726 1737 906 1802 aliqua
941 1732 1119 1783 mundi
1145 1732 1355 1802 sentina
1380 1732 1674 1802 creduntur
1696 1733 1770 1799 (id
1798 1742 1880 1785 est
1932 1734 1983 1785 in
2015 1732 2299 1802 superficie

728 1800 886 1879 terra;
926 1816 1019 1855 eos
1046 1800 1402 1879 consistere),
1444 1801 1613 1879 sed-iii
1652 1802 1792 1877 fossa
1828 1812 2004 1879 teme,
2029 1811 2084 1853 et
2116 1800 2296 1879 inalto
2331 1826 2371 1879 Β

723 1875 971 1930 vastitas.
1008 1878 1059 1923 et
1084 1869 1135 1921 in
1169 1870 1299 1935 ipsis
1341 1871 1637 1938 visceribus
1660 1871 1774 1934 ejus
1804 1874 2047 1923 abstrusa
2074 1869 2297 1938 profun-

726 1944 867 1995 ditas
888 1941 955 1990 ⁸¹.
997 1958 1015 1989 ι
1052 1939 1105 1989 Id
1138 1949 1314 1988 autem
1349 1948 1469 2003 post
1496 1937 1750 1990 lrenmum
1781 1948 2019 1990 nostrum
2042 1937 2295 1991 Continuo

725 2013 803 2065 sic
824 2026 886 2063 ex
915 2006 1209 2074 Scripturis
1243 2008 1472 2057 vindicat
1507 2024 1519 2058 :
1557 2025 1573 2055 ι
1612 2006 1889 2073 Siquidem
1920 2009 2193 2061 Christum
2244 2010 2295 2061 iii

725 2081 888 2135 corde
924 2088 1079 2129 terra:
1116 2074 1349 2145 triduum
1387 2079 1579 2145 mortis
1613 2078 1833 2145 legimus
1861 2086 2208 2145 expunctum,
2245 2078 2295 2129 id

725 2158 809 2203 est
855 2149 906 2200 in
958 2158 1175 2198 recessu
1227 2144 1415 2213 intimo
1441 2154 1494 2195 et
1541 2144 1773 2207 interno,
1810 2156 1863 2197 et
1914 2144 1962 2197 iii
2000 2146 2113 2213 ipsa
2150 2154 2295 2199 terra

724 2229 937 2287 operto,
976 2225 1031 2267 et
1057 2215 1193 2265 intra
1229 2212 1398 2279 ipsam
1426 2225 1633 2287 cavato,
1666 2224 1720 2267 et
1744 2212 2096 2287 inferioribus
2121 2215 2297 2287 adhuc

725 2281 935 2357 aiiyssis
960 2291 1348 2357 saperstructo,
1388 2293 1442 2333 ιιι
1476 2281 1583 2357 illic
1618 2283 1956 2357 patriarchas
1982 2292 2035 2336 et
2068 2286 2296 2357 prophe-

727 2349 810 2409 tas"
829 2349 1102 2419 compotes
1133 2349 1459 2405 sui’faceret.
1498 2370 1514 2399 ι
1547 2352 1723 2418 Atque
1758 2354 1841 2405 hic
1861 2368 1999 2405 unus
2025 2349 2124 2420 pro
2152 2349 2295 2407 inille

725 2441 867 2479 nunc
904 2421 1152 2476 subiciat.

795 2496 997 2546 Anima:
1024 2491 1236 2542 abibunt
1273 2489 1325 2541 in
1358 2489 1659 2543 invisibilem
1687 2490 1877 2543 locutu.
1914 2490 2077 2545 Vetus
2100 2493 2290 2555 codex,

729 2584 746 2614 ι
784 2564 1059 2618 habebunt
1114 2560 1435 2611 invisibilem
1495 2562 1689 2615 locum.
1733 2579 1750 2610 ι
1801 2559 1881 2612 0b
1930 2563 2071 2613 hunc
2113 2563 2288 2616 locum

722 2636 1014 2686 obscurum
1042 2637 1093 2680 et
1119 2630 1410 2693 cognitioni
1442 2630 1615 2685 minus
1637 2629 1877 2693 obvium,
1910 2630 2100 2692 fateor,
2138 2630 2290 2683 multi

722 2706 1170 2756 existimaverunt
1195 2702 1449 2769 Ireiizenm
1483 2713 1602 2769 cuin
1632 2698 1694 2749 iis
1719 2701 1920 2769 sentire
1973 2698 2061 2769 qui
2097 2710 2296 2769 negant

723 2774 932 2825 animas
958 2778 1265 2822 sanctorum
1288 2768 1423 2819 facie
1447 2767 1511 2819 ad
1549 2766 1763 2832 facient,
1796 2778 1851 2818 ut
1882 2767 2098 2830 dicitur,
2127 2766 2291 2821 Deum

718 2845 905 2894 videre
940 2847 1065 2891 ante
1091 2838 1230 2907 diem
1274 2836 1690 2907 resurrectionis
1719 2846 1773 2907 et
1807 2835 2027 2907 judicii;
2069 2838 2119 2890 id
2152 2836 2293 2907 quod

723 2905 1172 2964 tliSsiinulanduin
1224 2906 1424 2971 potius,
1484 2920 1644 2972 quam
1711 2905 1932 2957 nimium
1995 2905 2294 2973 petulanter

722 2976 1108 3049 exagitandum
1156 2984 1305 3049 erat;
1352 2978 1622 3049 prmripue
1664 2977 1927 3049 quoniam
1981 2975 2081 3027 hac
2131 2977 2198 3049 de
2238 2989 2294 3049 re

719 3043 960 3105 nondum
988 3045 1311 3097 sententiain
1344 3044 1576 3097 ttcclesia
1604 3043 1828 3104 tulisset,
1856 3044 1927 3095 uti
1953 3053 2137 3110 postea
2167 3044 2293 3098 fecit

720 3131 910 3173 contra
958 3129 1198 3169 errorem
1228 3114 1585 3166 Arinenorum
1635 3114 1687 3166 in
1732 3112 2024 3165 universali
2062 3115 2293 3169 concilio

719 3188 1060 3243 Florentino.

793 3258 919 3310 Mihi
950 3266 1129 3308 autem
1160 3270 1262 3307 non
1304 3252 1460 3307 facile
1488 3252 1536 3304 iii
1572 3251 1806 3304 animum
1854 3251 2157 3307 induxeriui
2184 3254 2289 3307 Ire-

722 3342 895 3381 meum
930 3326 1030 3377 hoc
1073 3339 1331 3384 senssse.
1378 3338 1474 3375 nec
1516 3323 1647 3373 satis
1674 3322 1836 3373 etiam
1876 3333 2096 3388 apparet
2152 3324 2293 3377 unde

721 3400 774 3450 id
804 3396 1109 3460 colligatur.
1160 3393 1429 3445 Praeterea
1481 3392 1581 3442 sibi
1613 3406 1715 3444 non
1750 3401 2040 3455 constaret,
2069 3394 2160 3445 sed
2199 3409 2293 3460 pti-

720 3465 939 3533 giiaiitia
972 3463 1253 3533 scriberet.
1284 3461 1552 3533 Namlili.
1588 3476 1645 3523 ii,
1678 3475 1808 3533 _cap.
1855 3461 1944 3533 63,
1987 3476 2053 3512 ex
2100 3477 2290 3533 narra-

722 3529 865 3587 i'ione
905 3536 968 3585 de
1012 3531 1217 3583 Lazaro
1251 3542 1304 3583 et
1345 3531 1507 3582 divite
1540 3529 1807 3582 concludit
1854 3530 2063 3582 animas
2105 3532 2293 3583 defun-

721 3616 936 3658 ctorum
983 3603 1199 3667 dignam
1252 3601 1634 3652 habitationem
1682 3600 1918 3667 nancisci
1960 3599 2119 3651 etiam
2172 3610 2293 3654 ante

714 3674 999 3741 judicium,
1033 3666 1173 3737 quod
1221 3680 1273 3741 et
1318 3667 1685 3741 iiotatiuncula
1731 3666 1925 3741 ibidem
1971 3670 2289 3736 sparsimus,

720 3735 851 3797 item
882 3735 1192 3807 lib.'t,'cap.
1222 3740 1277 3799 '3,
1312 3749 1363 3789 et
1391 3739 1480 3791 lib.
1518 3751 1590 3799 iv,
1619 3751 1753 3807 cap.
1778 3735 1865 3787 45.

801 3815 1003 3866 Deinde
1036 3805 1154 3860 non
1192 3812 1347 3861 decet
1378 3823 1474 3860 nos
1502 3808 1547 3857 ei
1599 3821 1715 3858 esse
1742 3805 2038 3873 iniquiores
2083 3805 2294 3872 iudices

723 3898 883 3951 quain
919 3878 1427 3951 AtigUstino,_quetn
1459 3874 1633 3951 nullus
1664 3876 1727 3951 ad
1757 3876 1859 3929 hoc
1892 3886 2123 3951 tempus,
2148 3880 2290 3943 Quod

719 3946 912 4015 sciam,
944 3953 1044 4000 hac
1086 3947 1289 4001 macula
1316 3947 1557 4005 laedavit,
1587 3946 1675 4011 qui
1708 3953 1885 3998 tamen
1920 3947 2129 4015 animas
2158 3960 2290 3997 san-

720 4013 933 4075 ctorum
965 4031 1105 4069 nunc
1127 4016 1323 4068 abditis
1348 4016 1701 4082 receptaculis
1738 4013 2027 4076 contineri,
2054 4025 2295 4081 tempore

720 4091 862 4159 quod
902 4090 1039 4139 inter
1064 4088 1295 4159 hominis
1326 4095 1550 4137 mortem
1580 4092 1635 4136 et
1671 4083 1923 4159 ultimam‘
1950 4084 2295 4159 resurrectio-

722 4152 843 4212 nem
874 4156 1246 4221 interpositum
1273 4164 1392 4218 est;
1422 4168 1560 4205 nunc
1596 4156 1827 4204 iiondutu
1853 4165 1970 4205 esse
1995 4152 2083 4203 ubi
2113 4164 2291 4219 erunt,

720 4230 937 4297 quando
962 4226 1041 4277 eis
1060 4227 1257 4297 dictum
1290 4225 1482 4297 fuerit;
1512 4240 1529 4271 ι
1567 4222 1779 4297 Venite,
1804 4221 2098 4297 benedicti,
2123 4239 2139 4271 ι
2159 4233 2289 4287 etc.,

721 4291 844 4351 {nox
893 4296 1125 4348 seet'etis
1182 4292 1534 4359 receptaculis
1583 4291 1907 4356 sedibnsque
1963 4292 2028 4340 ad
2081 4302 2292 4358 tempus

726 4368 1101 4434 tequiescet'e;
1130 4379 1247 4434 mox
1275 4360 1495 4434 nonsie
1526 4362 1707 4434 videre
1736 4360 2177 4434 incommutabile
2200 4366 2295 4413 bo-

727 4430 878 4495 num,
910 4445 966 4485 ut
1013 4433 1187 4485 sancti
1231 4432 1402 4498 angeli
1452 4431 1657 4491 vident;
1700 4430 1823 4481 alibi
1866 4442 1960 4481 eas
1988 4431 2163 4483 adhuc
2200 4447 2291 4482 ex~

726 4516 975 4573 spectare
1010 4500 1724 4573 redemptionmnAcorporis
1746 4502 1859 4558 sui;
1894 4499 2089 4573 litteris
2130 4514 2294 4565 saepe.

725 4568 951 4628 innuero
1004 4570 1397 4625 commendavit
1444 4568 1518 4629 “;
1562 4569 1815 4635 quoniam
1862 4570 2001 4634 apud
2050 4577 2294 4623 eumdem

725 4646 829 4695 alia
864 4644 1211 4694 inveniuntur
1251 4639 1579 4700 testimonia,
1620 4654 1739 4704 qua:
1775 4640 2130 4703 comprobant
2176 4653 2296 4691 eas«

726 4717 847 4765 deni
890 4722 1197 4764 sanctorum
1232 4710 1442 4760 animas
1475 4721 1599 4758 ante
1636 4710 2108 4769 resurrectioneiti,
2152 4723 2295 4760 incr-

724 4785 907 4835 cedem
943 4784 1200 4832 bonorum
1229 4787 1551 4830 aeternorum
1571 4788 1625 4828 et
1646 4780 1897 4844 gaudium
1931 4776 2170 4829 cmlestis
2201 4793 2291 4843 pa-

728 4852 844 4903 triae
878 4849 1173 4916 percipere,
1220 4861 1474 4913 Stareque
1518 4857 1641 4897 ante
1680 4848 1933 4916 thronum
1967 4845 2084 4909 Dei,
2139 4858 2194 4898 et
2238 4848 2290 4898 iii

725 4915 1018 4986 t-oiispectu
1063 4916 1221 4985 205
1266 4919 1424 4982 Agiii.
1456 4926 1617 4983 atque
1658 4916 1795 4966 nulla
1834 4915 2044 4968 ratione
2073 4930 2101 4966 a
2152 4930 2284 4967 con-

729 4991 1072 5054 templatione
1105 5003 1217 5053 cjns
1240 4990 1426 5054 gloria:
1465 5000 1617 5052 posse
1638 4986 1899 5049 separari.

803 5059 923 5108 Vult
952 5058 1114 5121 igitur
1140 5058 1392 5115 Irenaeus,
1425 5063 1786 5121 prontcaptus
1814 5062 1897 5106 est
1928 5068 2078 5109 meus
2107 5063 2160 5106 et
2188 5055 2277 5122 pie

725 5127 937 5191 assequi
993 5139 1229 5190 possunt,
1281 5126 1557 5175 beatorum
1606 5138 1814 5175 annuas
1856 5130 2093 5176 nondum
2123 5126 2281 5191 potiri

727 5209 877 5260 regni
910 5195 1051 5244 illius
1084 5196 1317 5258 perfecta
1349 5207 1669 5259 summaque
1698 5194 1977 5255 lelicitate,
2013 5195 2103 5246 sed
2127 5195 2277 5261 quasi

730 5266 1006 5313 iuuninuta
1034 5274 1085 5312 et
1115 5265 1413 5323 dimidiata,
1447 5263 1565 5313 loco
1604 5280 1629 5311 ιι
1673 5264 1874 5315 nostris
1900 5267 2150 5314 sensmns
2180 5279 2278 5313 tio-

728 5344 948 5398 siraqne
980 5334 1311 5397 experientia
1350 5333 1743 5393 remotissima;
1794 5346 1915 5384 cum
1964 5334 2118 5399 longe
2163 5347 2279 5384 aui-

725 5402 894 5468 pliora
932 5401 982 5451 in
1018 5412 1287 5465 posterum
1326 5403 1633 5467 recipienda
1665 5402 1933 5469 supersint
1970 5403 2187 5469 praimia
2224 5402 2276 5451 in

727 5471 961 5521 adventu
1001 5470 1206 5520 Domini
1234 5487 1247 5522 :
1280 5472 1329 5521 in
1357 5487 1464 5537 quo
1490 5484 1716 5536 corpora
1740 5509 1753 5533 ,
1782 5486 2010 5538 quorum
2043 5471 2279 5523 maximo

799 5622 841 5655 ¹¹¹
892 5626 1009 5694 Lib.
1057 5625 1126 5678 De
1171 5627 1371 5688 anima,
1408 5644 1525 5694 rap.
1569 5627 1656 5680 55.

728 5767 795 5816 20
827 5778 877 5817 Ct
924 5764 1036 5832 ’.ἴδη
1072 5775 1121 5817 et
1155 5780 1269 5831 (νειμ.
1311 5766 1399 5828 25,
1434 5765 1459 5833 ς
1489 5770 1535 5819 ii.

962 5626 1009 5695 b.
1057 5626 1126 5678 De
1171 5627 1371 5688 anima,
1408 5644 1525 5694 rap.
1569 5627 1656 5680 55.
1770 5630 1811 5659 ⁸²
1863 5630 1914 5683 ln
1976 5630 2194 5683 Enchir.
2239 5644 2359 5696 cap.
2396 5628 2536 5689 108;
2580 5627 2630 5679 iii
2660 5626 2850 5695 psalm.

729 5696 820 5747 lib.
859 5712 927 5747 sit
974 5700 1049 5766 De
1092 5698 1250 5757 Cen.,
1278 5713 1399 5761 cap.
1429 5699 1495 5747 Eia
1524 5716 1537 5762 ;
1571 5702 1659 5751 Isb.
1700 5717 1711 5751 i
1748 5698 2012 5766 [icti-ach,
2041 5715 2086 5753 c.
2125 5700 2221 5765 H;
2271 5714 2429 5753 soriti.
2480 5701 2509 5750 4
2548 5700 2599 5749 ιιι
2643 5701 2741 5750 sol.
2783 5709 2957 5750 ~atict.

2412 562 2520 633 iam
2556 564 2785 624 reddita,
2834 564 3074 624 subtilia.
3124 567 3395 633 perlucida
3440 577 3490 618 et
3528 582 3805 632 nunquam
3826 562 3965 633 pati-

2448 632 2560 703 ilia,
2596 646 2781 703 secum
2816 634 2868 684 in
2906 643 3198 699 conspectu
3234 632 3323 686 Dei
3358 639 3746 703 asportabiint;
3787 632 3969 702 sicque

2408 700 2603 767 duplici
2659 701 2793 753 stola
2849 713 2901 754 et
2953 717 3151 754 corona
3210 702 3377 756 induti
3425 700 3502 758 ac
3551 705 3798 759 coronati
3848 700 3969 757 cum

2407 768 2625 837 Christo
2658 768 2989 837 sempiterne
3024 774 3341 836 regnalniut.

2480 836 2568 891 Sic
2599 847 2647 890 et
2680 836 3051 891 nos’suatinere
3074 840 3335 891 debemus.
3379 840 3510 891 Cum
3537 856 3631 907 per
3659 840 3971 907 exemplum

2406 905 2605 960 Christi
2655 910 2991 975 resurgentis
3037 908 3241 975 colligit
3287 910 3494 961 sanctis
3539 905 3969 974 exSpectaiidum

2406 990 2526 1029 esse
2560 987 2770 1043 tempus
2802 978 3241 1035 resurrectionis.
3265 989 3319 1028 ut
3343 979 3577 1044 perfecte
3600 981 3974 1045 completeque

2406 1046 2513 1096 sint
2547 1047 2596 1097 in
2631 1045 2783 1097 catis
2813 1045 2995 1110 beati;
3040 1046 3171 1097 illttd
3218 1048 3522 1099 evidentius
3553 1048 3789 1113 explicat
3832 1048 3972 1112 quod

2406 1115 2565 1181 paulo
2603 1130 2764 1179 supra
2804 1116 3020 1169 dixerat
3057 1116 3343 1168 obscurius
3378 1117 3442 1169 de
3479 1119 3784 1168 animarum
3816 1120 3975 1169 abso-

2409 1183 2515 1234 luta
2554 1184 2691 1235 beati
2703 1192 2831 1237 tate.

2472 1250 2689 1304 interim
2741 1265 2872 1305 vero
2923 1250 3010 1305 hic
3044 1252 3295 1305 monendi
3342 1262 3467 1306 sunt
3512 1253 3587 1321 pii
3624 1252 3877 1314 lectores,
3912 1260 3970 1305 ut

2405 1322 2693 1388 diligenter
2729 1321 2828 1374 sibi
2860 1331 3087 1375 caveant
3130 1336 3156 1373 a
3197 1321 3463 1375 fertiiento
3496 1321 3971 1386 Calvinianorum,

2403 1392 2546 1455 quod
2595 1398 2674 1443 est
2720 1391 3175 1455 perniciosissima
3225 1391 3547 1458 hypocrisis.
3605 1391 3817 1443 Etenim
3846 1406 3971 1441 cum

2403 1459 2627 1512 Calvino
2669 1473 2766 1512 suo
2810 1461 3048 1513 sentiunt
3092 1478 3109 1510 t
3142 1459 3316 1512 solum
3371 1460 3643 1511 Christum
3674 1459 3854 1512 adhuc
3891 1460 3972 1511 in-

2403 1543 2645 1596 gressum
2675 1543 2796 1579 esse
2830 1529 3199 1582 sanctuariutn
3238 1528 3387 1592 caeli,
3423 1529 3661 1595 reliquos
3691 1542 3821 1579 vero
3852 1542 3973 1579 om-

2402 1612 2497 1649 nes
2546 1599 2781 1658 residere
2831 1598 2880 1649 in
2932 1602 3109 1661 atrio;
3172 1599 3378 1649 animas
3446 1604 3756 1649 sanctorum
3795 1596 3973 1649 adhuc

2404 1667 2507 1718 lide
2537 1667 2692 1719 nobis
2723 1666 3038 1730 conjunctas
3086 1681 3242 1725 esse;
3284 1668 3512 1731 gleriain
3546 1676 3705 1731 atque
3735 1679 3972 1717 coronas

2402 1750 2590 1787 eorum
2628 1751 2799 1801 usque
2830 1736 2895 1787 ad
2929 1737 3216 1787 adventum
3248 1736 3447 1788 Christi
3486 1733 3712 1795 differri,
3741 1744 3813 1786 et-
3835 1734 3971 1784 frui-

2402 1805 2599 1857 tionem
2646 1800 2926 1872 premissre
2967 1805 3149 1871 gloria:
3188 1804 3360 1857 adhuc
3405 1800 3966 1869 exspectare”,icte.

2402 1874 2612 1926 Interea
2651 1888 2779 1926 vero
2822 1872 2956 1925 Βεῑςι
2991 1876 3041 1925 in
3086 1874 3327 1935 epistolis
3353 1873 3685 1925 voriferatur
3714 1887 3966 1938 magnam

2403 1944 2508 1995 illis
2531 1942 2779 2009 injuriam
2811 1942 2925 1993 ﬁeri
2964 1957 3083 1994 cum
3110 1942 3177 1993 de
3207 1942 3307 1995 hoc
3339 1957 3524 1994 crrore
3554 1950 3968 2007 coarguuutur;

2403 2022 2453 2065 et
2474 2010 2754 2065 Calvinum
2790 2021 2937 2065 recte
2965 2011 3154 2078 pieque
3186 2011 3378 2063 docere
3405 2010 3638 2063 fidelium
3674 2010 3804 2061 hinc
3834 2009 3969 2078 cini:

2401 2090 2616 2149 grantes
2644 2080 2853 2133 animas
2889 2076 3229 2149 coitus—recta
3262 2089 3469 2149 petere.
3506 2079 3815 2149 ibidemque
3860 2076 3968 2149 frui

2401 2146 2584 2203 divino
2618 2157 2930 2216 conspectu.
2965 2148 3117 2213 Quod
3144 2146 3320 2200 autem
3369 2148 3597 2210 alicubi.
3634 2148 3842 2214 inquit,
3873 2146 3970 2197 ob-

2400 2219 2612 2271 scurius
2643 2219 2816 2280 dixit,
2860 2232 2955 2285 per
2988 2217 3090 2268 alia
3127 2217 3465 2270 dilucidiora
3490 2228 3541 2269 et
3577 2220 3853 2283 apertiOra
3888 2215 3971 2265 iii--

2401 2288 2743 2353 tcrpretanda
2775 2302 2913 2340 esse.
2946 2286 3223 2349 Videlicet,
3260 2294 3315 2337 ut
3351 2289 3463 2339 sint
3487 2287 3839 2352 apocalypses
3869 2297 3966 2335 su-

2398 2372 2494 2424 per
2523 2356 2885 2425 apocalypsim
2911 2373 2924 2421 ;
2959 2363 3012 2408 et
3039 2365 3313 2425 veterator
3342 2370 3401 2408 ac
3432 2355 3620 2425 planus
3645 2355 3736 2405 ille
3762 2354 3971 2419 impro-

2398 2425 2657 2477 bissimus
2693 2424 2797 2477 non
2833 2426 2883 2476 in
2918 2425 3131 2477 cunctis
3163 2424 3275 2477 fere
3315 2424 3653 2491 dogmatibus
3687 2431 3740 2475 et
3779 2435 3966 2473 secuto

2397 2504 2451 2546 et
2481 2508 2602 2545 cuin
2631 2495 2861 2546 veritate
2883 2502 3172 2562 pugnaret,
3193 2502 3250 2545 ut
3276 2508 3424 2546 more
3446 2492 3964 2562 haeresiarcharuin,

2399 2564 2562 2629 etiam
2585 2565 2807 2629 proprio
2830 2561 3035 2629 judicio
3063 2563 3519 2615 condemnaretur
3543 2571 3706 2627 atque
3737 2561 3961 2629 periret.

2498 2628 2600 2682 Ex.
2633 2628 2699 2682 J.’
2726 2630 2855 2683 Erit.
2884 2628 3063 2682 Grabi'i
3097 2632 3523 2682 adnotationibus
3552 2632 3607 2681 in
3635 2645 3752 2696 cap.
3781 2628 3870 2681 5|.

2468 2700 2596 2767 Pag.
2635 2700 2760 2751 530.
2806 2700 2872 2751 Et
2904 2702 3087 2753 modo:
3121 2700 3476 2751 meditationis
3514 2703 3579 2749 ad
3630 2697 3963 2762 incorrupte-

2396 2768 2501 2820 latit
2546 2772 2811 2837 ignorant.
2854 2767 3092 2822 Obscura
3131 2769 3261 2820 milii
3300 2771 3412 2820 haec
3441 2770 3577 2828 visa,
3613 2781 3677 2819 ac
3703 2768 3965 2837 suspicio

2397 2835 2715 2904 corruptela:
2745 2840 2795 2890 in
2823 2853 2950 2890 voce
2978 2855 2995 2887 ι
3024 2838 3393 2891 meditationis
3415 2856 3431 2887 ι
3460 2838 3644 2888 animo
3664 2835 3962 2895 oberravit,

2397 2909 2567 2959 donec
2614 2910 2661 2959 ei
2714 2922 2772 2960 se
2821 2910 3098 2975 ingessere
3140 2906 3300 2959 verba
3343 2906 3584 2958 auctoris
3632 2918 3796 2975 supra
3838 2919 3961 2972 pag.

2394 2976 2529 3038 405,
2592 2976 2679 3028 ubi
2747 2974 2965 3029 carnem
3041 2975 3278 3028 ﬁdelium
3348 2986 3561 3027 aaternaa
3640 2974 3765 3024 vitm
3833 2987 3961 3038 par-

2398 3046 2611 3110 ticipem
2644 3044 2877 3097 futuram
2912 3045 3082 3106 dicit,
3128 3045 3226 3113 ἤδη
3280 3044 3711 3113 μεμελετηκυῖαν
3753 3044 3847 3093 καὶ
3888 3042 3964 3091 εὶ-

2320 3139 2366 3202 C
2399 3113 2660 3202 (itaita-Squ
2690 3113 2977 3192 pantiCew
3011 3114 3109 3182 τὴν
3136 3113 3308 3202 ,ζωήντ
3356 3130 3371 3161 ι
3396 3117 3523 3177 Qua:
3560 3114 3960 3202 jam-meditata

2401 3181 2503 3250 (id
2546 3181 2629 3235 est
2688 3181 2836 3251 prius
2888 3181 3208 3247 exercitata,
3243 3181 3375 3235 'sive
3432 3192 3731 3249 preparata
3760 3184 3844 3251 uti
3876 3181 3962 3231 ib-

2398 3255 2535 3305 idem
2586 3252 2875 3320 adnotavi)
2933 3262 2985 3305 et
3041 3261 3257 3305 assueta
3318 3251 3389 3302 sit
3423 3262 3651 3320 portare
3720 3250 3957 3320 vitam.»

2396 3322 2548 3387 Quod
2596 3322 2756 3389 igitur
2806 3324 2877 3374 ibi
2932 3323 2997 3374 de
3025 3324 3374 3389 corporibus,
3418 3319 3507 3372 hic
3559 3320 3639 3389 de,
3672 3319 3962 3389 animabus

2400 3387 2636 3443 lideliuni
2669 3393 2892 3455 asserit,
2927 3387 3259 3457 uenipeﬁdari
3294 3389 3524 3459 τρόπους
3561 3388 3791 3456 μελέτης
3824 3387 3960 3455 πρὸς

2396 3459 2723 3530 ἀφθαρσίαν,
2759 3477 2776 3509 ι
2807 3461 2994 3513 modos
3022 3460 3428 3530 exercitationis
3449 3477 3466 3508 ι
3491 3460 3614 3530 _sive
3644 3477 3662 3508 ι
3686 3472 3960 3530 praepara-

2402 3528 2559 3582 tiottis
2590 3532 2655 3582 ad
2685 3529 3109 3595 incorruptelatti
3133 3568 3145 3588 ,
3175 3547 3192 3578 ι
3244 3529 3298 3581 id
3353 3538 3435 3580 est
3471 3528 3713 3579 diversos
3760 3528 3960 3593 gradus

2397 3614 2491 3666 per
2522 3615 2661 3667 quos
2687 3599 2847 3651 homo
2880 3609 3072 3665 partim
3119 3608 3271 3662 anze,
3333 3598 3528 3664 partim
3579 3606 3697 3663 post
3730 3607 3957 3667 mortem

2398 3664 2703 3730 deducitur,
2733 3664 2902 3735 usque
2938 3670 3063 3718 ὼιιιι
3099 3670 3163 3719 ad
3211 3682 3479 3720 summum
3524 3677 3739 3719 aeterna:
3776 3664 3961 3730 gloriae

2396 3748 2598 3789 statum
2639 3748 2799 3805 atque
2824 3738 3267 3803 incorruptelaiu,
3296 3749 3399 3802 qua
3427 3736 3532 3789 Deo
3559 3735 3839 3804 proximus
3876 3736 3959 3793 lit,

2398 3804 2725 3874 perveniat.’
2744 3807 2950 3871 Quippe
2980 3824 2996 3853 ι
3018 3816 3233 3873 oportet
3259 3805 3545 3874 hominem
3566 3806 3737 3871 primo
3763 3804 3960 3874 gloriti-

2396 3871 2509 3927 cari
2554 3876 2688 3943 (per
2718 3871 3238 3943 resurrectionem),
3289 3884 3343 3926 et
3386 3872 3740 3939 gloriﬁcatuin
3779 3871 3959 3943 videre

2399 3940 2869 3997 suuni'Doniiiiuin
2898 3960 2912 4005 ;
2950 3942 3089 3995 Deus
3119 3946 3260 3996 enim
3298 3952 3376 3996 est
3396 3981 3410 4003 ,
3440 3944 3529 4009 qui
3558 3944 3717 3994 habet
3751 3940 3953 4009 videri,

2397 4014 2532 4065 visio
2555 4029 2683 4067 vero
2711 4014 2803 4065 Dei
2827 4008 3013 4065 elﬁcax
3056 4023 3137 4065 est
3168 4007 3565 4079 incorrttptclte,
3590 4007 3957 4075 iiicorrupttla

2396 4096 2522 4136 vero
2558 4085 2863 4150 proximum
2891 4080 3021 4133 facit
3066 4097 3186 4135 esse
3227 4081 3361 4141 Deo,
3393 4099 3410 4130 ι
3458 4084 3532 4133 uti
3570 4081 3730 4132 verba
3760 4080 3955 4150 trenau

2397 4149 2595 4205 sonant
2622 4152 2712 4204 lib.
2751 4165 2823 4212 iv,
2850 4166 2967 4217 cap.
2993 4150 3078 4204 75.
3122 4155 3295 4217 Atque
3318 4153 3506 4203 eadem
3536 4150 3746 4201 ratione
3778 4149 3953 4213 capite

2396 4223 2675 4289 sequenti,
2727 4236 2831 4284 quo
2865 4224 3022 4272 telam
3077 4220 3164 4273 hic
3195 4229 3426 4287 emptam
3464 4220 3742 4287 pertexit,
3776 4232 3952 4289 resur-

2396 4288 2692 4343 rectionem
2718 4300 2880 4355 atque
2911 4305 3129 4357 regnum
3163 4292 3527 4342 iiiillenariutu
3554 4296 3737 4349 vocat,
3773 4305 3790 4334 ε
3813 4288 3957 4353 prin-

2394 4361 2598 4425 cipium
2635 4356 3043 4425 incorruptelie,
3087 4374 3181 4425 per
3211 4360 3351 4424 quod
3391 4374 3611 4425 regnum
3636 4397 3649 4421 ,
3687 4362 3775 4424 qui
3810 4356 3956 4421 digni

2403 4430 2635 4492 iuerint,
2684 4431 2943 4495 pauiatiiu
2975 4438 3291 4480 ειμδιιεδυιιιιι
3328 4443 3520 4495 capere
3554 4427 3743 4487 Deum,
3773 4445 3790 4475 ι
3846 4437 3950 4477 etc.

2475 4497 2725 4549 erelict'
2750 4499 2918 4559 enim,
2952 4512 3057 4550 etc.
3100 4497 3224 4550 Haec
3254 4506 3306 4549 et
3336 4498 3615 4565 Sequeiitia
3639 4536 3653 4558 ,
3693 4510 3861 4560 usque
3888 4496 3950 4545 ad

2403 4568 2560 4620 finem
2602 4568 2759 4633 hujus
2793 4566 3004 4633 capitis,
3036 4570 3188 4635 quasi
3236 4569 3287 4617 iii
3327 4568 3637 4632 parenthesi
3680 4566 3821 4618 dicta
3868 4581 3954 4616 ac-

2399 4638 2519 4705 cipe
2548 4654 2561 4689 :
2592 4639 2787 4704 quippe
2825 4652 2945 4703 quae
2974 4640 3279 4703 pl‘tt'CCtlllltl
3302 4640 3530 4704 abrupta
3559 4646 3705 4695 sunt,
3750 4638 3837 4685 lilo
3865 4647 3953 4705 eo-

2398 4703 2517 4758 rum
2555 4703 2873 4759 continuato
2924 4709 3139 4759 detnum
3193 4703 3451 4773 sequenti
3490 4721 3612 4772 cap.
3649 4706 3754 4764 32,
3802 4703 3954 4771 cujus

2399 4775 2612 4827 initium
2649 4774 2809 4843 hujus
2854 4776 3120 4843 principio
3160 4776 3472 4841 paratlelum
3505 4777 3626 4827 esse
3670 4774 3952 4841 unicuique

2396 4860 2458 4911 ea
2492 4845 2831 4911 roiuparaitti
2876 4854 3041 4911 patet.
3110 4844 3211 4896 Per
3242 4847 3525 4897 haereticos
3560 4860 3689 4897 vero
3718 4844 3952 4909 intellige

2399 4909 2806 4966 Valentinianus
2850 4909 2901 4966 et
2951 4913 3333 4976 Marcioiiitas,
3388 4918 3479 4981 qui
3543 4916 3702 4966 ambo
3750 4927 3951 4964 animas

2387 4982 2660 5049 jnstorutn
2713 4983 3095 5036 defunctorum
3145 4998 3264 5035 mox
3310 4989 3479 5036 cmlos
3537 4982 3851 5051 supergredi
3902 4991 3952 5032 et

2390 5069 2607 5104 sursum
2639 5053 2857 5105 evolare
2892 5053 3231 5114 statuebant;
3264 5052 3338 5102 illi
3372 5056 3590 5120 quidem
3622 5057 3687 5102 ad
3724 5062 3947 5104 matrem

2388 5123 2714 5185 Achatnotli,
2742 5124 2794 5173 lii
2827 5137 2952 5174 vero
2978 5123 3042 5174 ad
3072 5122 3295 5183 bonum,
3315 5138 3403 5187 qui
3431 5122 3497 5174 ab
3522 5125 3601 5174 eis
3627 5122 3948 5188 liiigcbatur,

2388 5189 2628 5244 Patrem.
2689 5194 2865 5257 Atque
2904 5192 3002 5244 bos
3054 5192 3197 5258 ipsos
3233 5192 3435 5243 leriuiit
3481 5192 3581 5244 ista
3633 5190 3829 5258 Justiiii
3881 5190 3946 5240 Μ.

2386 5264 2551 5313 verba
2586 5264 2637 5313 in
2670 5260 2889 5329 Dtatp'go
2940 5276 3055 5312 cum
3077 5257 3081 5258 ν
3103 5261 3393 5328 'l'ryplioue,
3421 5276 3542 5329 pag.
3567 5258 3669 5311 507
3714 5271 3727 5283 '
3756 5257 3817 5309 υἱ
3862 5259 3949 5329 xui

2385 5329 2599 5401 λέγιιυσι
2644 5330 2721 5400 μὴ
2766 5326 2903 5382 εἶιναι
2941 5330 3152 5401 γνεκρῶν
3179 5326 3514 5401 ἡάνᾴστασιγξ
3878 5327 3948 5396 τῷ

2384 5398 2746 5469 ἀποθνήσκειν
2780 5401 2877 5461 τὰς
2922 5398 3098 5469 ψυχὰς
3143 5400 3318 5451 αὐτῶν
3358 5399 3830 5468 ἀναλαμϐάνεσθαι
3874 5401 3946 5458 εις

2384 5470 2474 5520 τὸν
2508 5470 2754 5540 οὐρανόν.
2797 5488 2815 5519 t
2842 5475 2948 5531 Qui
2977 5479 3161 5523 dicunt
3192 5487 3295 5522 not:
3327 5484 3445 5523 esse
3484 5480 3820 5522 iuoituoruiu
3868 5485 3947 5519 re-

2922 5642 3097 5691 xxxv;
3154 5627 3246 5681 lib.
3280 5642 3351 5678 xu
3410 5625 3479 5679 De
3511 5625 3681 5685 t-ivit.,
3722 5640 3839 5693 cap.
3878 5628 3941 5679 9;

3072 5699 3115 5727 ”
3156 5697 3285 5749 lnst.
3334 5700 3422 5749 lib.
3477 5712 3557 5760 iii,
3614 5712 3732 5763 cap.
3787 5696 3943 5766 20,5
