4176 6304
182 411 305 470 ιειι

1448 406 1517 461 IN
1556 404 1683 462 ω.
1719 402 1762 456 Υ
1801 404 1859 459 S.
1898 402 2173 459 ΙῐὶΕΝιΕῙ.

3292 398 3427 455 13H

186 536 445 588 universa:
484 535 670 588 carnis
703 550 738 585 a-
769 532 998 586 mortuis
1038 529 1526 589 resurrectionem,
1562 527 1753 581 asserit
1782 530 1827 585 Α
1866 594 1881 595 7
1926 525 2112 579 Audite
2165 528 2375 588 verbum
2438 527 2667 580 Domini.
2734 525 3125 595 Hieronymus.
3181 525 3233 576 in
3299 538 3426 595 sui

188 606 327 656 mille
354 621 529 657 annos
559 606 791 656 lmmano
821 613 871 654 et
906 616 1168 669 corporeo
1208 614 1355 669 more
1394 600 1443 649 iu
1483 607 1622 669 terra
1655 599 1754 651 hac

185 677 554 728 Continualum
601 683 655 725 et
694 668 1013 724 stabilitum’
1066 670 1201 723 fore.
1239 668 1371 734 Qua:
1410 668 1625 732 quidem
1667 669 1758 720 do-

187 754 365 809 gmata
402 746 565 796 credo
591 756 711 792 eum
748 750 1027 810 propterea
1047 739 1350 810 excepisse,
1374 739 1515 804 quod
1544 748 1759 810 aposto-

188 807 317 866 licas
362 807 872 878 interpretationes,
908 824 1028 875 qua:
1073 810 1139 861 ab
1184 808 1289 860 illis
1330 816 1509 859 essent
1542 807 1757 878 arcanis

190 883 372 951 ﬁguris
400 893 454 934 et
494 875 770 951 parabolis
799 880 1151 951 subobscuris
1172 878 1434 951 expositae
1458 917 1471 938 ,
1504 877 1644 951 male
1677 875 1758 951 in-

191 944 509 1005 tellexisset.
548 949 677 1001 Nam
718 951 877 1003 homo
906 959 1024 1001 erat
1050 989 1063 1011 ,
1098 944 1346 999 sicut‘ex
1387 947 1502 1012 ejus
1542 944 1760 1011 scriptis

189 1022 343 1074 facile
372 1020 496 1071 licet
529 1020 902 1086 conjecturam
926 1032 1143 1084 capere,
1168 1016 1369 1086 ingenii
1406 1015 1754 1086 pertennis.‘i

187 1088 377 1144 Postea
411 1090 476 1142 de
504 1083 702 1142 Irenaeo
734 1083 1006 1155 subiungit
1038 1088 1175 1139 idem
1214 1084 1504 1155 Eusebius:
1541 1102 1557 1133 ‹
1579 1083 1762 1155 Caete—

189 1174 305 1210 rum
352 1158 626 1225 plerisque
658 1153 1044 1212 ecclesiasticis
1067 1155 1199 1208 viris
1220 1194 1243 1225 ,_
1266 1156 1357 1225 qui
1386 1153 1620 1225 hominis
1662 1168 1761 1205 au—

192 1216 494 1295 tiquitatem
523 1216 620 1296 pro
645 1241 860 1279 suarmu
894 1226 1124 1295 partium
1155 1216 1465 1296 defensione
1496 1223 1757 1296 citabant,

190 1290 483 1364 persimilis
513 1290 720 1350 erroris
767 1290 960 1350 auctor
984 1295 1228 1358 exstitit;
1262 1303 1316 1346 ut
1364 1290 1601 1364 Irenaeo,
1631 1293 1762 1345 et'si

188 1363 475 1434 quisquam
506 1367 642 1418 alius
681 1366 866 1417 eadem
909 1380 1031 1418 cum
1074 1364 1176 1434 illo
1199 1364 1402 1416 sentire
1435 1363 1702 1434 videatur.
1740 1378 1759 1411 ι

191 1431 314 1489 Hinc
334 1431 636 1497 Eusebius,
662 1450 779 1502 q'tte
812 1436 967 1489 nobis
1009 1450 1139 1487 sane
1167 1432 1436 1501 longiores
1460 1431 1764 1485 adnotatio-

191 1521 287 1558 nes
314 1506 401 1557 hic
430 1506 744 1570 praecidunt.

262 1575 328 1626 Et
362 1583 723 1628 comuascetur
764 1572 937 1639 lupus.
980 1571 1371 1639 Hieronymus,
1408 1570 1761 1623 Commentar.

191 1644 245 1698 in
295 1659 350 1696 ιι
400 1642 588 1706 lsaiaz,
651 1642 997 1710 reprehendit
1054 1639 1271 1695 Judaaos
1331 1640 1768 1710 etiChristianos

187 1714 533 1781 jutlaizantes
556 1713 649 1781 (ita
685 1709 826 1763 enim
866 1712 1177 1781 frequenter
1213 1717 1368 1763 vocat
1393 1709 1765 1781 Millenarios),

190 1777 334 1849 quod
390 1781 544 1848 juxta
600 1780 852 1844 litteram
888 1782 990 1833 ista
1045 1777 1227 1831 futura
1280 1779 1653 1849 con'emlant,
1710 1786 1768 1829 ut

192 1846 401 1905 omnes
440 1851 626 1919 bestia:
679 1849 1094 1919 rediganturiin
1152 1846 1654 1910 mansuetudinem,
1712 1857 1766 1899 et
1799 1854 1842 1912 Β

194 1920 425 1987 pristina
461 1917 673 1978 feritate
705 1917 942 1985 deposita
965 1958 979 1979 ,
1010 1918 1165 1985 lupus
1193 1926 1245 1969 et
1276 1931 1444 1987 agnus
1476 1926 1768 1984 pascantur

195 1986 398 2052 simul;
454 1990 709 2056 additque
746 2003 846 2046 eos,
883 1986 1205 2055 gravissimo
1251 1986 1441 2039 somno
1501 1995 1764 2048 stertere,

197 2069 360 2124 atque
405 2073 594 2125 parum
634 2060 833 2111 distare
874 2074 900 2109 a
945 2056 1139 2108 fabulis
1185 2066 1508 2123 portarum,
1542 2058 1630 2123 qui
1669 2071 1767 2106 au-

199 2142 349 2181 t'eum
385 2124 652 2196 quoddam
693 2128 913 2178 Saturni
948 2124 1202 2179 smculum
1246 2134 1369 2177 sunt
1397 2125 1767 2177 ctnutuentali.
1824 2132 1825 2135 ‘

199 2195 434 2263 Subjicit
493 2207 671 2249 autem
728 2199 997 2261 quomodo
1048 2197 1343 2246 secundum
1409 2195 1771 2246 viviticautetn

198 2267 494 2334 spiritum,
532 2267 773 2335 ‘tuystico
822 2276 872 2317 ct
919 2265 1145 2331 spiritali
1203 2279 1364 2318 sensu
1423 2264 1773 2330 intelligenda

198 2340 330 2389 sint.
362 2336 563 2389 Locum
596 2336 839 2389 consulat
871 2338 958 2403 qui
988 2335 1149 2401 velit.

279 2406 404 2458 lla’c
448 2407 585 2457 inter
630 2423 742 2457 nos.
799 2400 1121 2469 Coniectura
1178 2404 1323 2457 ducti
1372 2404 1444 2455 ita
1491 2400 1774 2471 legendum

237 2477 549 2539 rmbemus;
596 2485 747 2528 vetus
796 2485 979 2529 noster
1011 2472 1196 2527 codex
1246 2473 1440 2538 habet,
1476 2490 1493 2523 ι
1528 2473 1643 2528 hanc
1691 2472 1775 2524 iu-

219 2560 366 2598 eros.
412 2564 429 2596 ι

479 2611 729 2681 Ejusdem
778 2613 1141 2668 adnotationes
1182 2615 1233 2667 in
1273 2628 1385 2678 cap.
1423 2612 1511 2665 54.

287 2685 413 2754 Pag.
442 2680 566 2737 554.
605 2684 893 2752 liesurgent
940 2686 1156 2735 mortui.
1194 2683 1365 2737 Verba
1421 2687 1544 2735 sunt
1595 2680 1778 2754 lsaizc,

198 2768 325 2821 qua:
365 2753 664 2807 Secundum
696 2756 990 2807 editionem
1023 2754 1158 2805 LXX
1201 2767 1360 2820 supra
1394 2761 1606 2821 quoque
1648 2753 1781 2821 inte-

199 2820 298 2889 gra
342 2823 580 2876 laudavit
608 2822 701 2878 lib.
740 2840 791 2887 v,
823 2838 944 2890 cap.
980 2823 1064 2877 15.
1102 2825 1197 2877 llic
1232 2840 1293 2876 ex
1341 2820 1601 2875 memoria
1644 2820 1780 2872 reci-

200 2904 323 2946 tare
353 2893 585 2944 videtur.

281 2963 344 3015 Et
378 2962 474 3027 erit
501 2978 657 3026 super
692 2978 893 3023 omnem
934 2973 1176 3014 montem.
1219 2962 1313 3013 llic
1340 2975 1554 3029 quoque
1595 2959 1784 3011 "iero-

200 3046 401 3101 nymus
426 3032 476 3082 in
508 3032 913 3101 Commentariis
952 3033 1221 3097 redarguit
1254 3029 1555 3101 Judaicam,
1590 3044 1782 3079 carna-

200 3100 311 3155 lem
354 3110 407 3155 et
456 3100 740 3153 litteralem
786 3102 1323 3166 interpretationem,
1375 3100 1645 3163 simulque
1691 3113 1783 3150 eos

200 3173 295 3238 qui
338 3171 616 3238 recipiunt
649 3171 793 3225 mille
824 3185 1091 3221 annormn
1137 3169 1371 3238 fabulam
1415 3178 1467 3218 et
1509 3178 1778 3219 terrenum

202 3237 519 3295 Salvatoris
556 3239 841 3306 imperium
870 3280 883 3298 ,
916 3254 1105 3291 errore
1147 3237 1374 3292 Judaico
1417 3249 1781 3306 commentqu

201 3324 257 3367 ct
315 3312 541 3370 lictnm;
587 3304 689 3363 nun
737 3310 1102 3371 intelligenles
1145 3308 1520 3376 Apocalypsitn
1560 3304 1784 3359 Joannis

203 3384 258 3435 in
294 3379 587 3447 superﬁcie
616 3380 810 3432 littera:
843 3377 1133 3430 medullata
1163 3378 1416 3430 Ecclesia.-
1444 3384 1783 3430 sacramenta

201 3452 517 3517 sublegere.

280 3519 346 3572 Et
374 3513 579 3572 'cibabit
640 3527 707 3571 te.
754 3516 1113 3586 Hieronymus
1169 3517 1220 3568 in
1268 3513 1559 3586 Comment.
1600 3528 1786 3586 rursus

206 3589 629 3655 improbateos,
657 3588 745 3653 qui
790 3589 914 3643 hinc
936 3583 1081 3639 mille
1117 3600 1383 3639 annorum
1418 3583 1652 3641 fabulam
1684 3584 1782 3637 sibi

208 3654 513 3721 (inserunt,
540 3659 589 3709 in
616 3671 719 3723 qua
756 3672 966 3709 rursum
995 3657 1213 3723 nuptia’,
1240 3664 1293 3705 et
1322 3654 1451 3723 cibi,
1476 3663 1787 3723 etterreua:

206 3730 335 3782 vita:
374 3716 697 3808 congressus
752 3736 871 3806 est_;
928 3716 1389 3808 quandoquidem.
1424 3716 1660 3808 Christo.
1692 3736 1787 3771 an-

205 3808 393 3861 ctore,
430 3793 524 3849 ﬁlii
562 3797 971 3849 resurrectionis
1010 3810 1112 3845 non
1147 3796 1538 3860 nubentneque
1575 3793 1785 3844 nuben—

210 3877 320 3933 ιω,
354 3868 446 3920 sed
476 3870 791 3931 angelorum
824 3864 1028 3917 similes
1048 3871 1233 3933 erunt.

287 3936 352 3989 In
385 3930 761 3988 resurrectione
796 3935 986 4001 primu.
1018 3932 1191 3986 Verba
1243 3932 1344 3983 ista
1392 3930 1791 3998 Apocalypsi-os

208 4021 321 4067 sua
360 4005 696 4059 obscuritate
743 4003 941 4061 Irenaeo
986 4013 1039 4055 et
1072 4001 1195 4053 aliis
1244 4001 1428 4051 multis
1472 4003 1789 4067 magnisque

208 4076 350 4130 viris
383 4088 631 4143 magnam
668 4074 882 4143 errandi
918 4074 1211 4143 fenestram
1245 4072 1638 4143 patefecerunt.
1667 4069 1786 4121 Itati

209 4146 360 4198 enim
403 4139 531 4197 sunt
560 4142 694 4195 duas
718 4141 834 4196 fore
861 4141 1045 4195 carnis
1080 4139 1529 4203 resurrectiOucs,
1561 4140 1789 4206 primam

210 4217 521 4275 bonorum,
568 4212 860 4264 secundam
910 4208 1172 4263 malorum
1228 4219 1347 4276 post
1391 4208 1535 4265 mille
1579 4222 1797 4275 annos;

208 4283 708 4339 Christumautem
737 4298 764 4332 a
803 4282 970 4349 prima
1013 4282 1077 4332 ad
1117 4281 1409 4332 secundam
1446 4291 1611 4349 usque
1634 4292 1795 4349 uian-

212 4368 406 4406 surum
444 4352 495 4404 in
545 4352 738 4413 terris,
784 4347 964 4416 ibique
1003 4365 1123 4401 cum
1166 4350 1370 4400 sanctis
1398 4358 1451 4400 et
1490 4347 1675 4399 electis
1713 4362 1796 4399 re-

214 4432 536 4490 gnaturum,
568 4420 867 4490 incredibili
900 4420 1139 4490 omnium
1161 4420 1421 4471 bonorum
1452 4418 1792 4490 terrestrium

212 4487 501 4545 felicitate.
576 4488 769 4542 Verum
828 4489 1229 4542 observandum
1299 4487 1792 4545 resurrectionem,

214 4575 341 4632 quae
381 4560 468 4613 hic
504 4558 676 4632 prima
700 4568 936 4632 vocatur
981 4572 1008 4609 a
1046 4557 1287 4632 Joanne,
1320 4571 1423 4608 non
1466 4557 1682 4622 proprie
1728 4556 1793 4608 ad

215 4626 450 4697 corpora
474 4670 486 4689 ,
511 4626 610 4682 sed
644 4630 710 4680 ad
737 4629 950 4692 animas
982 4626 1252 4695 pertinere
1279 4643 1291 4689 ;
1328 4641 1446 4691 qua:
1476 4636 1585 4697 tum
1619 4639 1795 4697 resus—_

213 4694 383 4760 citari
423 4700 694 4759 dicuntur,
730 4712 851 4758 cum
899 4694 1179 4759 transeunt
1220 4710 1247 4747 a
1283 4694 1490 4763 peccati
1526 4704 1697 4747 morte
1730 4695 1796 4747 ad

215 4770 388 4821 vitam
432 4767 621 4835 gratiae
648 4805 662 4827 ,
690 4774 744 4818 et
771 4782 798 4818 a
831 4768 938 4818 vita
968 4766 1159 4833 gratia:
1194 4768 1258 4815 ad
1294 4768 1461 4835 vitam
1490 4764 1645 4835 illius
1684 4765 1795 4835 glo-

218 4839 317 4892 ria:
338 4875 354 4898 ,
383 4833 489 4903 qua
517 4836 832 4902 corporilms
860 4838 1094 4887 nondmn
1128 4834 1416 4901 assumptis
1441 4874 1455 4897 ,
1489 4833 1703 4885 interim
1742 4834 1795 4885 iu

217 4908 370 4970 ctrlo
421 4906 483 4957 ad
541 4907 680 4957 diem
734 4904 922 4970 judicii
976 4918 1146 4971 usque
1205 4906 1503 4971 potiuntur,
1562 4910 1614 4954 et
1673 4917 1794 4954 cum

216 4976 446 5033 Christo
476 4982 721 5040 regnant.
751 4972 861 5025 Hoc
896 4983 1073 5025 autem
1106 4985 1316 5038 tempus
1350 4972 1496 5024 mille
1530 4986 1795 5024 annorum

218 5057 454 5113 ῃιιιιιθνο
478 5081 492 5103 ,
522 5045 610 5110 qui
655 5046 969 5113 tri-quenter
1012 5044 1062 5093 in
1116 5044 1289 5094 sacris
1327 5042 1567 5113 Litteris
1598 5056 1692 5108 pro
1723 5040 1802 5093 itt—

219 5111 448 5173 dclinita
483 5112 692 5165 muneri
724 5112 1067 5163 multitudine
1094 5122 1402 5178 usurpatur,
1435 5111 1796 5179 signiﬁcatum

219 5193 279 5241 et
320 5181 693 5250 priescriptum
735 5192 838 5234 εει.
874 5180 1223 5233 Resurrectio
1261 5181 1493 5233 secunda
1533 5179 1801 5250 generalis

222 5249 331 5306 illa
370 5254 630 5303 bonorum
674 5260 728 5303 et
764 5251 1025 5315 malorum
1075 5264 1104 5302 e
1147 5250 1366 5301 tumulis
1414 5249 1669 5302 excitatio
1720 5249 1801 5300 di-

220 5320 395 5381 citur,
425 5318 607 5387 inqua
648 5320 857 5390 piorum
894 5321 1089 5390 aniuue
1115 5334 1234 5372 cum
1271 5320 1589 5390 corporibus
1631 5320 1803 5387 gemi-

225 5397 357 5443 nato
380 5402 492 5441 sua:
522 5389 797 5442 beatitatis
820 5389 1016 5457 gaudio
1046 5389 1096 5440 iu
1130 5388 1385 5441 aeternum
1414 5388 1798 5455 perfruentur;

218 5468 398 5526 atque
433 5459 505 5511 ita
554 5458 860 5510 declaratur
890 5458 1040 5511 locus
1072 5459 1141 5511 ab
1183 5458 1483 5526 Augustino
1517 5471 1609 5509 seu
1638 5457 1801 5511 Tico—

221 5529 354 5588 nio,
389 5525 573 5579 homil.
614 5526 678 5579 l7
717 5526 769 5596 in
801 5526 1178 5596 Apocalypsim
1206 5566 1221 5589 ,
1247 5525 1531 5596 Ambrosio
1558 5564 1572 5587 ,
1599 5526 1803 5596 Pruna-

221 5597 314 5651 sio
334 5634 351 5659 ,
376 5597 592 5665 Andrea
615 5607 669 5649 et
699 5595 859 5650 Areta
892 5595 1296 5665 Cappadocibus
1314 5636 1328 5657 ,
1354 5595 1625 5648 Ausberto
1646 5636 1659 5658 ,
1692 5595 1803 5647 Ru-

226 5673 388 5734 perto
413 5704 427 5726 ,
462 5664 676 5733 Lyrano
700 5704 713 5727 ,
751 5664 1156 5719 commentariis
1194 5667 1247 5718 in
1290 5666 1609 5719 vicesimum
1644 5674 1804 5734 caput

222 5734 653 5858 A'p‘thi‘lypfeus.
712 5734 847 5803 Ergo
904 5748 1000 5802 pro
1054 5734 1476 5788 Hillenariorum
1536 5736 1801 5790 sententia

224 5818 281 5856 Ill
332 5820 345 5857 Ι
420 5821 503 5857 Ἀρι
537 5841 548 5855 ο

224 5818 368 5857 ειηιι
399 5818 548 5857 lactt.

1856 594 2122 659 Jeremim,
2159 598 2275 649 illos
2307 598 2525 651 omnino
2552 597 2783 650 delirare
2818 594 3040 655 indicat,
3087 598 3175 661 qui
3210 596 3278 646 ob
3314 594 3430 647 ha'c

1858 680 2077 718 auream
2120 675 2172 719 et
2209 673 2532 735 gemmatam
2576 668 2853 732 suspirant
2893 666 3235 728 Jerusalem,
3269 679 3427 718 suam

1859 736 2144 806 avaritiam
2180 736 2230 786 iu
2262 737 2520 806 mysterio
2554 736 2733 789 verbis
2768 737 2975 789 Domini
3005 745 3426 806 consecrantes;

1860 805 2124 870 siquidem
2152 806 2239 857 hic
2268 804 2527 872 promissa
2554 807 2689 858 bona
2710 846 2723 868 ,
2753 821 2859 860 non
2903 809 2953 859 in
2987 804 3231 872 frugibus
3262 813 3314 856 et
3346 806 3431 857 civ

1860 874 2255 953 bismundanaz
2285 877 2485 953 carnis,
2510 876 2602 928 sed
2638 875 2689 926 in
2725 877 2987 929 varietate
3025 878 3287 929 virtutum
3317 888 3434 942 per-

1863 944 2132 1010 cipiantur
2164 953 2216 997 et
2244 947 2566 999 sentiantur.

1935 1014 2269 1067 Ostendimus
2325 1026 2493 1066 autem
2521 1015 2579 1067 in
2638 1014 2895 1083 superiori
2949 1014 3105 1066 libro.
3173 1011 3288 1066 Lib.
3332 1027 3430 1083 VIV,

1864 1100 1981 1152 cap.
2012 1084 2113 1146 2t),
2143 1085 2332 1136 scribit
2365 1084 2636 1151 apostolos
2674 1082 2727 1140 et
2771 1098 2959 1138 omnes
2990 1083 3285 1151 discipulos
3330 1082 3432 1135 Do-

1866 1154 1995 1209 mini
2017 1194 2032 1215 ,
2060 1155 2152 1222 qui
2186 1153 2293 1205 Deo
2328 1164 2381 1206 et
2418 1154 2571 1205 altari
2608 1158 2882 1213 serviunt.
2928 1159 3241 1208 sacerdotes
3269 1168 3430 1211 esse;

1864 1235 1919 1279 et
1959 1240 2078 1293 cap.
2111 1239 2294 1283 xxx",
2325 1222 2526 1282 xitxrtt.
2569 1240 2753 1286 sum,
2796 1239 2991 1276 Inuuns
3034 1237 3224 1275 eorum
3274 1223 3437 1274 tradit

1865 1309 1983 1348 esse
2025 1294 2446 1355 eucharistiam,
2505 1294 2555 1346 id
2608 1305 2691 1349 est
2746 1308 2940 1359 corpus
3006 1302 3059 1345 et
3114 1293 3435 1359 sanguinem

1866 1362 2102 1427 Christi,
2157 1361 2265 1416 Deo
2314 1362 2458 1415 Patri
2502 1362 2731 1424 olTerre;
2782 1363 3044 1427 indeque,
3090 1373 3284 1428 prmter
3334 1361 3438 1414 alia

1867 1435 2032 1486 multa
2059 1475 2071 1495 ,
2096 1433 2367 1499 colligitur
2392 1434 2502 1485 ha-c
2533 1432 2833 1497 fragmenta
2868 1432 2934 1485 ab
2968 1429 3168 1484 lienam
3197 1431 3439 1485 abscissa

1866 1513 1921 1559 et
1947 1504 2263 1557 detruncata
2290 1504 2560 1569 quondam
2592 1503 2785 1557 Fuisse.

1938 1571 2307 1639 Epulationem
2353 1571 2670 1638 signiﬁcant.
2712 1572 2787 1626 Ita
2840 1572 3067 1624 aliormn
3104 1570 3324 1636 judicio.
3358 1586 3444 1639 rc-

1868 1652 2081 1695 servato
2110 1640 2390 1707 legendum
2416 1644 2800 1708 proponimus;
2850 1641 3020 1695 codex
3070 1651 3219 1694 vetns
3253 1642 3441 1704 habet,

1876 1727 1895 1761 ί
1929 1711 2237 1775 epulatione
2269 1709 2596 1775 signiﬁcant.
2642 1730 2658 1761 ι

1940 1778 2070 1846 Pag.
2120 1778 2241 1837 555.
2276 1778 2468 1831 Beatus
2522 1782 2609 1848 qui
2644 1781 2792 1832 habet
2835 1781 2887 1831 in
2930 1778 3058 1833 Sion
3099 1794 3293 1833 semen.
3354 1778 3446 1832 Sc-

1869 1851 2150 1972 plluaginta
2198 1850 2550 1916 interpretum
2601 1851 2765 1902 verba
2790 1849 3053 1914 sequitur,
3090 1866 3209 1902 nam
3245 1851 3445 1902 veritas

1920 1919 2168 1972 ebraica.
2215 1925 2268 1970 et
2310 1920 2518 1972 vulgata
2570 1920 2759 1972 Latina
2805 1919 2970 1971 editio
3011 1934 3171 1971 secus
3220 1920 3444 1972 leuant.

1920 1919 2168 1979 ebraica,
2215 1925 2268 1970 et
2310 1920 2518 1985 vulgata
2570 1920 2759 1972 Latina
2805 1919 2970 1971 editio
3011 1934 3171 1971 secus
3220 1920 3444 1984 legunt,

1870 1991 2010 2057 quod
2054 1997 2107 2041 ct
2160 1988 2505 2056 .iicronymus
2536 1991 2641 2041 illic
2667 1998 2811 2041 notat
2843 2006 2853 2039 :
2892 1990 3111 2056 vultque
3146 1989 3288 2041 hunc
3329 2004 3446 2041 ser-

1872 2073 2081 2111 monem
2113 2058 2389 2125 diviuum',
2421 2057 2637 2111 Judacos
2673 2060 2938 2125 fugientes
2970 2061 3019 2111 in
3042 2057 3333 2125 Egytitttttt
3365 2072 3449 2108 re-

1877 2142 2069 2183 vocare
2099 2127 2151 2179 in
2177 2122 2500 2187 Jerusalem,
2529 2129 2709 2196 ibique
2736 2122 2879 2180 iilios
2909 2122 3222 2192 procreare,
3250 2126 3449 2192 quibus

1876 2204 2021 2250 tanta
2065 2196 2329 2249 seetlritas
2364 2206 2412 2248 et
2454 2198 2684 2250 felicitas
2732 2199 3093 2262 promittitur,
3133 2208 3188 2249 ut
3235 2197 3447 2250 Domini

1876 2265 2231 2320 defenduntur
2262 2275 2315 2316 et
2343 2275 2597 2331 regantur
2628 2267 2851 2319 auxilio.

1950 2334 2100 2389 Ecce.
2129 2351 2218 2400 ego
2246 2335 2337 2408 tibi
2362 2338 2668 2408 pm'parabo
2703 2336 3447 2408 carbunculum._|lierouym.

1877 2404 2233 2458 Commentur.
2264 2405 2317 2456 in
2362 2405 2731 2476 ltunc_lo_t_:um
2778 2406 3049 2476 ostendit,
3093 2404 3452 2476 Septuaginta

1878 2475 2167 2529 lectionem
2212 2472 2454 2525 nonnihil
2489 2474 2557 2526 ab
2593 2473 2857 2527 llebraica
2906 2472 3247 2539 Variantem,
3289 2472 3451 2543 quam

1882 2554 2059 2598 tamen
2092 2543 2325 2599 Irenaeus
2356 2545 2552 2608 passim
2581 2545 2846 2610 sequitur,
2882 2554 3045 2612 atque
3076 2548 3141 2598 de
3174 2557 3365 2598 natura
3400 2558 3456 2599 et.

1880 2614 2301 2684 proprietatibus
2340 2614 2553 2684 borum
2609 2613 2847 2684 lapidum
2894 2615 3055 2684 anxie
3116 2616 3454 2681 inquit-entes

1880 2679 2093 2749 ablegat
2138 2683 2202 2734 ad
2258 2679 2547 2750 Epiphanii
2608 2683 2891 2753 volunu-u.
2943 2679 3266 2753 inscriptum
3314 2686 3453 2752 Περὶ

1880 2753 2106 2810 λίθων.
2167 2760 2220 2804 et
2283 2756 2348 2803 ad
2416 2766 2594 2805 xxxv"
2651 2751 2931 2805 Natura/is
2983 2751 3218 2807 historia:
3273 2751 3452 2808 Plinii.

1883 2824 2095 2876 Acriter
2126 2822 2286 2874 etiam
2331 2824 2602 2874 invehitur
2638 2822 2687 2873 in
2725 2821 2969 2886 Judzeos,
3003 2833 3055 2875 et
3078 2823 3456 2879 semi-Judaeos

1886 2896 1981 2960 (ita
2012 2901 2167 2943 vocat
2201 2890 2508 2955 Chiliastas)
2530 2929 2544 2951 ,
2575 2892 2661 2957 qui
2693 2894 2989 2944 occidentis
3024 2895 3217 2946 litterae
3249 2906 3459 2946 amato-

1886 2978 2007 3019 rei,
2058 2976 2152 3028 pro
2202 2960 2345 3029 mille
2396 2964 2578 3023 annis,
2620 2960 2794 3012 lautos
2846 2971 2899 3013 et
2949 2964 3248 3029 exquisitos
3304 2964 3457 3016 cibos

1884 3032 2019 3097 gulae
2046 3028 2349 3097 provident,
2376 3040 2429 3082 ct
2458 3040 2576 3096 post
2598 3031 2893 3082 seCundom
2928 3028 3228 3085 Salvatoris
3259 3034 3459 3089 adsen-

1888 3110 1996 3152 tum
2033 3108 2252 3165 sperant
2283 3101 2492 3163 nuptias
2512 3142 2525 3163 ,
2556 3108 2607 3150 et
2640 3101 2891 3167 parvulos
2921 3112 3138 3162 centum
3164 3117 3459 3161 annorum,

1810 3196 1851 3251 α
1886 3179 1938 3223 et
1976 3168 2408 3251 circmucisionis
2447 3169 2697 3251 iniuriam
2720 3209 2740 3248 ,.
2770 3178 2825 3249 et
2865 3171 3205 3251 victimarum
3235 3173 3462 3251 sangui-

1887 3253 2008 3291 nem
2031 3280 2044 3302 ,
2072 3248 2177 3289 etc.
2200 3275 2216 3300 ,
2249 3252 2367 3315 cum
2419 3240 2605 3290 urbem
2650 3236 2887 3315 Spiritus
2915 3241 3089 3292 sancti
3124 3242 3279 3293 donis
3325 3236 3458 3294 con-

1886 3315 2185 3366 structam,
2223 3315 2276 3357 et
2306 3310 2587 3376 virtutum,
2624 3310 2960 3373 meritorum,
3007 3311 3462 3376 przetniorumqno

1886 3376 2264 3444 Splettdoribus
2305 3374 2571 3431 lucentem
2598 3415 2613 3439 ,
2663 3376 2714 3428 in
2772 3377 2922 3432 cmlis
2966 3374 3210 3445 quietem
3247 3374 3464 3433 debuiso

1886 3453 2024 3501 sent.

1960 3513 2124 3579 Ecce,
2183 3528 2274 3581 ego
2320 3512 2461 3580 {acia
2520 3514 2833 3569 Jerusalem.
2879 3518 3087 3571 Rursus
3134 3518 3348 3572 Judatos
3406 3529 3463 3571 et

1891 3586 2039 3654 regni
2083 3585 2285 3637 terreni
2322 3584 2465 3635 mille
2506 3600 2769 3639 annorum
2818 3589 3208 3654 approbatores
3249 3588 3464 3639 vellicat

1890 3654 2280 3724 Hieronymus,
2322 3654 2540 3722 vultque
2588 3656 2651 3706 de
2691 3657 2899 3710 etelesti
2946 3656 3285 3717 Jerusalem,
3340 3672 3465 3725 qua

1891 3739 2101 3775 Sursum
2141 3734 2260 3781 est.
2298 3733 2349 3774 et
2398 3725 2562 3783 Variis
2616 3728 2988 3778 mansionibus
3044 3742 3141 3793 pro
3190 3727 3462 3780 Variorum

1894 3795 2132 3845 laborum
2164 3794 2601 3857 cmupcnsatioue
2627 3834 2640 3856 ,
2672 3799 2811 3861 apud
2846 3796 3063 3849 Pan-em
3095 3796 3337 3849 divinum
3374 3812 3463 3849 re-

1892 3862 2063 3931 posita
2098 3863 2208 3913 lucc
2243 3861 2486 3930 intelligi.

1965 3930 2079 3982 Erit
2104 3932 2179 4003 ibi
2205 3931 2415 3998 juvenis
2453 3947 2708 4003 annorum
2742 3944 2969 3988 centum.
3006 3935 3177 3999 llicr.,
3200 3937 3466 4003 prommio

1892 4001 2101 4071 Corum.
2151 4001 2203 4053 i’u
2268 4015 2399 4053 svnt
2446 4016 2569 4069 cap.
2625 4002 2815 4065 Isaiae,
2866 4007 3009 4057 hunc
3053 4001 3237 4058 lrcnaéi
3292 4008 3466 4071 locum

1893 4069 2274 4143 subiudica-us,
2312 4085 2432 4143 eum
2494 4071 2660 4124 refert
2723 4076 3032 4143 Dionysiqu
3081 4069 3470 4137 Alexamlrimu

1896 4139 2151 4210 Ecclesia!
2188 4140 2491 4206 pontiﬁcem
2514 4182 2527 4204 ,
2566 4142 2740 4195 virum
2779 4139 3323 4210 eloquentissimum,
3355 4148 3469 4199 elev-

1894 4210 2039 4278 gauti
2074 4208 2209 4261 libro
2244 4212 2589 4277 impugnasse
2610 4252 2624 4275 ,
2654 4208 3060 4279 insuper‘mille
3096 4229 3360 4269 annorum
3391 4213 3471 4267 fa-

1897 4279 2358 4353 ltula_tn_irrisisse
2387 4319 2400 4342 ,
2438 4289 2492 4353 et
2541 4296 2762 4334 auream
2816 4294 2978 4351 atque
3027 4296 3352 4353 geuunatam
3413 4286 3467 4337 in

1896 4346 2409 4423 terris_Jerusale_m,
2442 4346 2905 4423 instaurationem
2927 4346 3133 4423 tem'pli,
3168 4354 3469 4405 hostiarum

1897 4418 2238 4486 sanguinem,
2262 4419 2441 4489 otium,
2458 4418 2704 4478 Salthati.
2730 4418 3168 4483 circumcisionis
3193 4422 3470 4489 injunatn,

1900 4488 2136 4560 nuptias,
2166 4497 2373 4554 partus,
2411 4488 2702 4542 liberormn
2738 4492 3152 4557 educationem,
3188 4494 3469 4560 epularum

1899 4558 2146 4630 delicias,
2176 4567 2492 4630 cunctarum
2525 4562 2761 4630 gentium
2794 4561 3145 4625 servitutem,
3176 4558 3474 4630 rursusque

1898 4628 2077 4689 bella,
2126 4628 2399 4679 exercitus
2452 4642 2518 4681 ac
2576 4628 2914 4694 triumphos,
2974 4641 3030 4683 et
3089 4628 3469 4699 superatorum

1899 4711 2061 4779 neces
2080 4705 2467 4779 ,"rnortemque
2486 4700 2817 4779 "centenarii
2846 4703 3193 4779 peccatoris,
3237 4700 3477 4779 subiicit

1902 4768 2039 4838 idem
2093 4764 2313 4818 Hieron.
2363 4766 2756 4838 Apollinarium
2826 4764 3036 4833 duobus
3106 4764 3474 4827 voluminibus

1903 4837 2156 4904 Dionysio
2182 4837 2525 4915 respondisse
2552 4851 2648 4918 pro
2680 4838 2882 4891 Irenaio
2916 4840 3141 4918 ejusque
3179 4841 3470 4918 opinione,

1902 4918 2063 4975 atque
2087 4921 2208 4957 cum
2245 4916 2471 4974 utroque
2502 4906 2555 4958 in
2598 4909 2698 4961 hac
2730 4920 2881 4973 parte
2927 4906 3214 4975 plurimam
3244 4909 3474 4962 catholi-

1901 4991 2089 5036 corum
2144 4976 2546 5030 multitudinem
2597 4979 3231 5043 'sensisse.-AuguStinus
3281 4978 3473 5033 lib.xx

1904 5045 2159 5115 Decivit.
2200 5045 2331 5107 Dei,
2364 5060 2483 5112 cap.
2518 5047 2569 5109 7,
2596 5050 2840 5100 eamdem
2888 5048 3196 5115 opinionem
3222 5048 3352 5099 dicit
3398 5062 3476 5100 ut-

1903 5130 2113 5185 cunque
2145 5115 2477 5169 tolerabilem
2502 5131 2641 5180 esse,
2677 5117 2720 5169 si
2748 5115 2953 5169 deliciae
2981 5119 3176 5185 aliqua:
3203 5117 3475 5185 spiritales

1904 5183 1955 5255 in
1986 5185 2075 5252 illo
2102 5186 2329 5238 sabbato
2365 5185 2511 5238 mille
2544 5202 2808 5239 annorum
2851 5202 2947 5253 per
2977 5183 3184 5241 Domini
3235 5183 3475 5255 prteseu-

1907 5254 2030 5304 tiatu
2055 5255 2303 5309 alluturae
2333 5257 2661 5318 credantur;
2702 5270 2868 5322 seque
2900 5256 3001 5310 hoc
3037 5254 3327 5324 aliquando
3355 5259 3472 5321 opi-

1905 5338 1989 5376 llu‘.
2004 5339 2111 5379 ttllt.

1978 5391 2080 5447 Ex.
2120 5394 2175 5447 Ι.
2231 5391 2362 5447 Ern.
2404 5394 2584 5450 Grabii
2622 5395 3045 5450 adnotationibus
3087 5397 3139 5449 in
3178 5414 3291 5461 cap.
3336 5398 3424 5451 54.

1978 5465 2105 5532 Pag.
2294 5464 2550 5537 Omnibus
2579 5466 2857 5537 gentibus._
2878 5464 3010 5531 Nota
3046 5467 3478 5523 universalitatis

1906 5533 2045 5586 forte
2088 5535 2469 5605 explicationis
2514 5533 2685 5605 gratia
2732 5536 2800 5587 ab
2846 5535 3046 5588 lremco
3104 5537 3283 5589 addita
3330 5547 3412 5590 εει

1906 5617 2083 5725 neque
2116 5606 2259 5656 enim
2290 5606 2343 5656 in
2375 5604 2773 5665 LXX’habelur
2806 5620 2905 5657 vos
2936 5607 3171 5661 πάντων.

2013 5687 2045 5723 η
2102 5686 2377 5725 conspectu
2438 5675 2666 5725 ﬁliorum
2726 5676 2978 5725 aentium.
3028 5677 3171 5725 ll‘elttl

2013 5687 2045 5723 η
2102 5686 2377 5738 conspectu
2436 5675 2666 5741 ﬁliorum
2726 5676 2978 5741 gentium.
3028 5677 3260 5728 tinnitus
3311 5674 3480 5738 legit,

1906 5740 2263 5812 ἐνώπιονςτῶν
2288 5743 2417 5796 υἱῶν
2438 5740 2555 5796 τῶν
2586 5740 2752 5796 sevth
2774 5782 2788 5806 ,
2817 5760 2913 5812 pro
2949 5745 3178 5799 ὲνώπιςν
3215 5745 3321 5800 τῶν
3340 5744 3480 5798 λαῶν

1906 5811 2011 5864 τῶν
2038 5810 2227 5879 ἐθνῶν,
2260 5816 2331 5867 Illi
2368 5817 2523 5869 modo
2546 5813 2688 5867 LXX
2722 5810 2940 5869 habent.
