4176 6304
218 371 343 427 1861

290 486 429 540 ΡΑ».
459 486 516 537 in
566 485 749 539 Deum.
783 484 955 540 Graec.
1003 484 1081 546 sic;
1119 484 1252 553 Χρι-

216 556 366 618 στόν,
416 573 466 606 in
498 554 787 609 Christum.

290 624 617 677 Flosculum.
654 623 819 675 Editt.
854 622 1129 689 flosculus.

286 692 656 746 Ostendenttts.
697 688 863 743 Eras.’
890 700 945 743 et
978 688 1119 746 Gall.
1159 707 1244 743 os-

210 765 494 815 tendimus.

287 829 756 883 Evcrtendum.Cla
768 843 904 882 rom.
922 828 1243 891 vertendum,

210 898 375 951 Voss.
402 909 454 950 et
486 899 633 951 Pass.
677 898 1078 949 devastandum.

282 968 336 1019 4.
353 966 686 1033 Coopertum.
716 967 854 1018 Fena
866 967 945 1021 rd.
985 978 1241 1032 opertum.

282 1035 732 1103 Mani/estabitur.
774 1035 1031 1088 Ottobon.
1069 1037 1245 1087 mani-

204 1104 446 1172 fesletur.

278 1173 331 1227 5.
396 1173 667 1227 Ennmam.
701 1173 935 1225 Clarom.
973 1174 1236 1226 ennoiam.

281 1243 347 1295 Et
403 1242 759 1313 Unigenitunt.
839 1242 1008 1295 Editt.
1086 1244 1237 1295 οιιιίι-

206 1321 328 1365 Iunt
366 1322 435 1365 et.

276 1384 328 1435 8.
360 1380 538 1432 Voluit
563 1381 721 1433 enim.
750 1378 983 1433 Clarom.
1004 1393 1056 1435 et
1088 1380 1234 1435 Pass.

201 1451 369 1503 voluit
403 1460 597 1502 autem.

276 1521 331 1575 9.
362 1518 667 1572 Dulcedine.
722 1517 961 1572 Clarom.
1007 1521 1229 1573 dulcilu.

199 1589 341 1642 dine.

272 1658 583 1724 Conﬁrmat.

195 1728 490 1793 conﬁrmet.

272 1796 342 1848 Et
394 1794 599 1849 Horon.
641 1797 807 1851 Editt.
859 1798 1119 1851 omittunt
1155 1809 1225 1852 et.

667 1655 903 1710 Clarom.
961 1667 1015 1711 et
1081 1660 1232 1713 Dom.

272 1866 361 1918 14.
404 1865 505 1917 Per
548 1870 851 1932 parabolas.
891 1867 1024 1921 Cod.
1077 1868 1231 1924 Pass.

192 1952 289 2002 per
310 1937 637 1999 parabo/am.

269 2003 337 2056 Et
369 2002 620 2057 Paulum.
670 2004 820 2058 Pass.
871 2003 937 2055 Et
1002 2004 1226 2058 Paulum

190 2086 390 2127 autem.

267 2144 386 2196 Iota
412 2154 459 2197 et
491 2142 617 2197 Ela.
643 2142 940 2197 Clarom.et
964 2144 1225 2200 Ottobon.

192 2215 355 2265 iolant
389 2225 433 2283 et
468 2224 636 2272 elmn.
662 2222 714 2265 et
750 2213 830 2283 sic
860 2212 986 2267 alibi
1023 2217 1226 2283 passim

189 2282 455 2351 ejusmodi
494 2283 752 2336 vocabula
789 2282 1080 2337 declinant.

264 2351 354 2403 17.
390 2351 453 2402 Et
489 2367 589 2402 non
627 2352 820 2404 solum.
871 2352 1036 2407 Editt.
1071 2356 1222 2409 Eras.

187 2418 334 2477 Gall.
365 2430 418 2473 et
446 2420 679 2473 Feuard.
721 2422 979 2473 omittunt
1010 2434 1081 2475 et.

264 2490 395 2542 Cum
436 2490 637 2542 mutue.
668 2489 800 2544 Cod.
830 2491 1067 2544 Clarotn.
1101 2509 1223 2548 cum

186 2558 344 2611 Eras.
377 2569 429 2611 et
461 2558 595 2613 Gali.
633 2576 749 2611 cum
788 2561 995 2623 quando
1024 2563 1221 2622 multa.

263 2630 351 2681 18.
389 2627 513 2681 Ideo
569 2630 712 2697 quia.
761 2626 1004 2682 Clarout.
1060 2632 1113 2685 id
1160 2649 1220 2685 eo

220 2698 325 2749 uad
334 2737 346 2750 .

181 2712 347 2819 θηξῧῖ
377 2764 527 2829 Quod
568 2766 937 2833 άειοειείμιενηί·
981 2768 1217 2824 ⁰¹³ν⁰¹¹¹⁹

178 2837 325 2902 quod
378 2835 687 2900 reliquerat.

260 2904 458 2956 Rursus
494 2904 723 2957 timebat.
754 2905 992 2960 Clarom.
1031 2924 1216 2961 rursus

178 2983 227 3025 et
254 2974 490 3025 timebat.

258 3043 514 3094 Dominus
544 3052 735 3096 noster.
783 3046 839 3098 In
873 3045 1026 3099 editt.
1059 3045 1214 3100 Eras.

176 3122 236 3166 et
265 3111 406 3163 Gall.
447 3113 597 3164 deost
633 3128 826 3167 noster.

250 3180 343 3235 25.
382 3178 504 3233 Non
547 3182 812 3238 scientem.
847 3183 1085 3238 Clarom.
1125 3202 1217 3238 ne-

176 3253 453 3303 scientem.

247 3320 340 3371 27.
384 3319 799 3388 Amptiﬁcatum.
854 3320 1009 3375 Voss.
1042 3324 1208 3376 inant-

172 3391 492 3455 pli/icatum.

249 3460 339 3512 28.
371 3458 619 3511 Dextrum
646 3459 935 3527 appellant.
962 3463 1209 3519 Clarotn.

175 3528 337 3582 Pass.
368 3528 624 3581 Ottobon.
647 3540 700 3581 et.
725 3531 856 3583 edit.
890 3530 1042 3584 Erus.
1082 3536 1210 3586 dex-

172 3607 334 3650 (tam.

250 3666 595 3719 Fabricatum
640 3683 770 3720 esse.
820 3664 949 3719 Esse
977 3670 1125 3724 deest
1157 3674 1207 3725 in

172 3751 308 3791 mss.
334 3738 543 3803 Anglic.
576 3750 625 3790 et
661 3738 889 3790 ClarOtn.

249 3807 319 3859 Et
346 3806 692 3858 Satratorem.
721 3806 956 3863 Clarom.
988 3809 1211 3864 Voss.et

168 3878 306 3929 edit.
348 3874 522 3929 Oxon.
561 3874 624 3925 Et
653 3876 979 3929 Salvatorem
1013 3888 1207 3932 autem.

242 3947 337 3998 29.
371 3945 449 3996 Eo
472 3947 609 4011 quod
632 3948 757 3999 sint.
790 3943 957 3999 Editt.
990 3965 1047 4000 eo
1068 3950 1207 4017 quod

166 4025 315 4070 εωιῑ.

245 4083 585 4148 Omnimodo.
616 4083 780 4139 Editt.
814 4086 1046 4139 omnino.

236 4158 330 4208 50.
359 4152 449 4207 Uti
480 4154 535 4205 itt
557 4153 740 4205 nihilo.
774 4154 826 4207 In
861 4155 1015 4210 Pass.
1053 4159 1205 4213 deest

165 4243 245 4279 ιη.

238 4297 330 4350 46.
387 4295 623 4364 Auferet.
674 4293 886 4347 Clarom
941 4305 995 4348 et
1049 4295 1203 4352 Pass.

164 4379 362 4419 uulert.

237 4370 637 4503 .Ite'zrfnguoscet.
676 4433 910 4488 Claro‘ln.
955 4442 1009 4487 et
1042 4433 1198 4491 Voss.

162 4516 459 4575 cognoscet.

235 4574 580 4642 Cognoscere.
620 4574 857 4629 Clarom.
890 4591 1192 4643 agnoscere.

236 4644 509 4714 Fiugilur.
536 4643 790 4714 Clarum.
816 4645 1157 4712 conﬁngitur.

238 4713 411 4767 18.“Α
445 4714 736 4778 discipulis.
778 4713 831 4766 In
870 4714 999 4767 Cod.
1041 4715 1191 4774 Voss.

158 4795 217 4837 et
248 4786 379 4836 edit.
412 4784 584 4837 Oxon.
615 4786 766 4836 deest
798 4800 851 4835 a.

237 4853 306 4905 Et
352 4854 697 4905 terrestrium.
754 4853 910 4906 Erus.
957 4852 1094 4909 Call.
1138 4865 1194 4911 et

156 4923 399 4977 Fenard.
437 4922 693 4974 omittunt
722 4932 792 4975 et.

232 4993 321 5045 51.
351 4993 687 5061 Apparuerit.
727 4993 970 5045 Clarom.
1023 5009 1189 5060 appa-

153 5063 292 5115 ruit.

230 5131 507 5184 Similibus
564 5132 659 5184 eis.
713 5129 863 5184 Eras.
929 5141 984 5186 et
1044 5134 1191 5189 Call.

154 5204 423 5255 mnittunt
452 5204 547 5255 eis.

228 5272 320 5323 55.
371 5269 718 5324 Evacuatam.
777 5269 947 5327 Editt.
1001 5291 1191 5328 vacuu-

150 5353 283 5393 tuin,

232 5411 561 5463 lieenturril.
591 5410 752 5463 Editt.
788 5414 1030 5467 recurrit.

224 5481 314 5535 55.
350 5477 634 5532 Cucurbita
681 5490 875 5532 autem.
928 5484 981 5535 ln
1027 5481 1185 5539 Voss.

145 5557 304 5610 deest
325 5564 519 5601 autem.

222 5620 493 5675 Cucumis.
540 5618 772 5673 (Ἀθη-01η.
810 5630 861 5673 ct
914 5620 1078 5675 Mch.
1128 5624 1181 5679 2.

144 5690 462 5747 cucumeris.

220 5760 713 5825 Quulernulionem.
804 5761 953 5816 liras.
1036 5761 1178 5817 Gall.

804 5761 953 5816 κως.

1482 371 1715 429 VARUE
1752 369 2157 428 LECTlONES.

1337 481 1547 538 Arnnd.
1576 490 2009 551 qualernionetn.

1402 553 1490 606 56.
1544 554 1622 607 De
1689 558 1884 608 Aorato
1944 568 2141 609 autent.
2198 552 2363 607 Editt.

1328 623 1588 676 omittunt
1620 636 1817 677 autem.

1396 688 1530 743 Eum
1558 695 1808 745 dicentes.
1850 690 1904 745 ln
1950 693 2105 748 Eras.
2131 691 2271 745 Gall.
2310 701 2363 745 et

1324 756 1557 816 Fenard.
1592 764 1741 814 deest
1766 779 1904 815 eum.

1394 827 1531 891 Eum
1590 829 1816 898 Bython.
1880 832 2030 884 Eras.
2089 828 2232 884 Gali.
2308 838 2363 883 et

1324 895 1552 950 Fcnard.
1596 895 1853 952 omittunt
1884 916 2025 951 eum.

1391 966 1480 1019 59.
1544 965 1614 1020 Se
1645 971 1837 1021 dicere.
1904 969 2057 1021 Eras.
2109 976 2163 1021 et
2219 967 2357 1022 Gali.

1320 1036 1575 1087 omittunt
1607 1054 1677 1087 se.

1391 1103 1479 1156 62.
1517 1104 1817 1159 Dationem.
1860 1107 2068 1159 Arund.
2102 1107 2351 1159 donatio~

1320 1186 1453 1226 ηευι.

1385 1236 1476 1293 61.
1513 1243 1714 1296 Dicent.
1757 1244 1908 1297 Pass.
1947 1248 2199 1297 dicerent.

1389 1310 1475 1363 67.
1509 1311 1619 1364 Nec
1645 1329 1973 1381 cognoscere.
2010 1314 2250 1367 Fenard.
2290 1330 2353 1367 ne

1316 1394 1641 1446 cognoscere.

1389 1448 1492 1520 Sed
1517 1467 1578 1520 ne
1607 1452 1837 1519 quidem.
1864 1450 2012 1504 Pass.
2040 1453 2131 1504 sed
2168 1465 2348 1520 neque.

1386 1518 1474 1569 68.
1529 1518 1885 1586 Etipsum...
1940 1531 1986 1572 et
2032 1520 2061 1572 λ
2112 1518 2347 1575 Feuartl.

1313 1584 1451 1639 Gall.
1493 1596 1547 1640 et
1584 1584 1733 1641 Eras.
1775 1590 2030 1643 omittunt
2063 1599 2138 1642 et.

1384 1655 1528 1707 Illud
1556 1661 1694 1724 quod
1725 1668 1819 1710 est.
1857 1659 2253 1714 Arnnd.Merc.
2287 1662 2345 1714 2.

1312 1739 1433 1777 cum
1484 1728 1641 1779 edilt.
1699 1728 1854 1782 Eras.
1912 1739 1965 1781 et
2000 1727 2140 1783 Gall.
2193 1730 2344 1783 illum

1309 1795 1445 1860 quod
1475 1808 1570 1847 est.

1380 1862 1465 1917 7|.
1522 1863 1588 1916 Et
1636 1865 2057 1927 dispositionem.
2097 1867 2151 1918 In
2185 1866 2338 1922 Eras.

1306 1930 1447 1985 Call.
1474 1931 1683 1985 Fenartl
1735 1944 1937 1987 ettnss.
1974 1933 2121 1988 Pass.
2160 1936 2340 1991 Ottub.

1305 2002 1513 2053 Arund.
1556 2013 1608 2054 et
1648 2002 1813 2056 Merc.
1852 2004 1906 2057 2.
1935 2006 2085 2057 deest
2112 2016 2181 2058 el.

1378 2071 1445 2122 72
1491 2069 1629 2123 Hinc
1677 2075 1855 2128 etiam.
1913 2073 2064 2127 Voss.
2102 2084 2155 2127 et
2189 2074 2339 2129 Dom.

1304 2142 1425 2192 Itiuc
1451 2143 1609 2193 enim.

1376 2209 1912 2279 71.Adimpleverunt.
1933 2212 2134 2266 Arnnll.
2160 2212 2341 2281 imple—

1304 2290 1509 2335 verunt.

1373 2349 1458 2401 75.
1521 2346 1670 2401 Fecit
1741 2360 2033 2404 numerum.
2091 2352 2333 2407 Clarom.

1298 2418 1515 2482 confecit
1544 2434 1687 2472 num.

1375 2487 1459 2539 77.
1492 2485 1746 2545 Recurril.
1794 2489 1961 2542 Editt.
2014 2494 2329 2546 recucurrit.

1373 2556 1459 2609 78.
1505 2554 1927 2624 Figuralionem.
1981 2558 2235 2615 Ottobon.
2269 2562 2332 2627 ﬁ-

1294 2641 1501 2692 guram.

1370 2694 1499 2768 Quis
1550 2695 1710 2748 enim.
1758 2694 1910 2749 Pass.
1959 2706 2009 2749 et
2061 2696 2212 2753 Voss.
2243 2702 2333 2768 qui

1297 2778 1459 2815 enim.

1366 2831 1453 2885 81.
1495 2832 1797 2888 Aberrasse.
1824 2832 2127 2890 Clarom.et
2171 2836 2326 2892 Pass.

1294 2906 1585 2954 oberrasse.

1361 2969 1557 3022 Novies
1601 2971 1862 3023 undecim.
1928 2972 2079 3027 Pass.
2158 2980 2327 3030 novies

1291 3040 1505 3090 undeuh

1361 3108 1449 3159 85.
1482 3106 1808 3163 lnciderunt.
1843 3107 1992 3163 Pass.
2023 3112 2322 3165 inciderint.

1363 3175 1451 3227 86.
1512 3174 1585 3228 De
1631 3178 1947 3243 propheticis
2000 3189 2197 3234 autem.
2269 3181 2323 3235 ln

1291 3246 1529 3299 Clarom.
1553 3250 1689 3297 enim
1722 3261 1819 3312 pro
1842 3259 2037 3300 autem.
2076 3250 2130 3302 In
2170 3252 2326 3306 Otto-

1292 3317 1419 3368 bon.
1454 3316 1724 3381 prophetis
1755 3330 1853 3381 pro
1880 3320 2215 3381 propheticis.

1365 3382 1428 3433 Et
1463 3384 1884 3435 similitudinem.
1914 3387 2063 3439 Dom.
2101 3400 2144 3439 et
2172 3391 2222 3440 in
2252 3392 2324 3441 si-

1290 3454 1661 3505 tnilitudinetn.

1361 3522 1449 3577 90,
1491 3520 1665 3572 Israel
1690 3531 1863 3574 autent
1890 3540 1989 3576 me.
2028 3524 2195 3579 Editt.
2234 3527 2322 3580 ls-

1292 3594 1399 3642 rael
1426 3607 1505 3641 me
1536 3602 1730 3642 autem.

1358 3660 1445 3714 9|.
1476 3659 1538 3711 Et
1567 3668 1708 3712 tunc.
1742 3660 1894 3714 Eras.
1937 3661 2075 3716 Call.
2099 3674 2153 3716 et
2182 3662 2322 3718 Fou-

1288 3732 1401 3782 ard.
1427 3731 1690 3782 omittunt
1723 3739 1796 3781 et.

1358 3799 1446 3852 92.
1482 3797 1545 3849 Et
1581 3801 1785 3851 discite.
1811 3799 1862 3851 In
1882 3801 2039 3854 editt.
2070 3804 2221 3857 deest
2247 3817 2316 3859 et.

1361 3868 1695 3922 Nesciebanl.
1729 3870 1932 3923 Arund.
1960 3882 2012 3924 et
2035 3872 2186 3926 Voss.
2215 3891 2315 3927 non

1281 3940 1529 3992 sciebant.

1354 4008 1443 4061 94.
1492 4006 1850 4059 Descenderit.
1901 4006 2055 4063 Voss.
2096 4011 2315 4067 descen-

1280 4081 1377 4133 dit.

1354 4148 1581 4213 Quidam
1619 4147 1778 4200 enim.
1808 4143 2066 4202 Ottobon.
2096 4153 2313 4220 quidam

1279 4230 1454 4272 ellum.

1350 4288 1437 4355 96.
1471 4290 1599 4352 Qua:
1628 4285 1714 4338 sit.
1744 4286 1895 4340 Pass.
1925 4304 2043 4355 quin
2070 4299 2165 4340 est.

1350 4354 1416 4408 Et
1448 4360 1643 4409 anima.
1671 4358 1823 4411 liras.
1844 4354 1980 4410 Gali.
1998 4369 2050 4411 et
2070 4356 2303 4415 Fenard.

1277 4431 1533 4481 omittunt
1564 4438 1632 4478 et.

1342 4498 1428 4552 98.
1466 4493 1533 4547 Et
1568 4495 1706 4549 Deus
1729 4496 1909 4552 Isaac.
1944 4496 2109 4551 Editt.
2138 4501 2303 4553 omit-

1275 4576 1387 4619 tunt
1422 4579 1492 4621 et.

1342 4637 1684 4689 Charactera.
1719 4636 1881 4691 Editt.
1926 4635 2298 4690 characterem.

1342 4707 1428 4762 U9.
1461 4706 1564 4757 Per
1588 4707 1993 4772 impositionent.
2020 4706 2175 4761 Voss.
2204 4711 2301 4761 int-

1267 4778 1541 4843 positione,
1576 4776 1694 4827 sine
1726 4792 1834 4842 per.

1338 4846 1617 4898 Scrutans.
1658 4844 1820 4897 Editt.
1860 4846 2176 4901 iuscrulans.

1340 4916 1405 4969 In
1441 4915 1675 4983 reliquis.
1706 4915 1860 4970 Eros.
1905 4913 2042 4968 Galt.
2074 4929 2126 4970 et
2156 4918 2295 4973 Fen-

1265 4988 1384 5038 ard.
1410 4993 1465 5038 et
1492 4986 1546 5037 in
1578 4987 1809 5055 reliquis.

1340 5055 1520 5107 Initio.
1553 5053 1760 5109 Arnnd.
1792 5066 1845 5109 et
1876 5055 2006 5109 edit.
2035 5053 2209 5113 Oxon.
2238 5059 2293 5110 in

1266 5126 1437 5178 initio.

1342 5195 1641 5251 Generavit.
1669 5194 1909 5248 Clarom.
1947 5200 2288 5263 generaverit.

1341 5266 1403 5319 In
1418 5272 1624 5334 quibus.
1651 5266 1803 5319 liras.
1826 5264 1965 5318 Gali.
1987 5278 2033 5317 et
2056 5265 2287 5319 Feuard.

1262 5351 1310 5392 et
1338 5338 1619 5405 inquibus.

1332 5408 1451 5461 100.
1522 5407 1719 5475 Operas
1786 5404 1983 5474 justas.
2078 5404 2287 5459 Arund.

1264 5494 1417 5541 opera
1438 5478 1613 5545 justo.

1332 5543 1663 5611 Reproneisit.
1726 5545 1963 5600 Clarom.
1997 5553 2051 5599 et
2132 5543 2287 5598 Pass.

1258 5620 1520 5687 promisit.

1336 5687 1561 5754 Magius.
1590 5684 1794 5737 Arnnd.
1828 5685 2078 5749 magicas.

1333 5759 1539 5823 Magne.
1580 5757 1782 5807 Arnnll.
1819 5757 2045 5821 νωθῆ-(ι’.

3336 387 3481 441 1802

2498 481 2824 553 liecurrerit.
2853 488 3059 541 Arund.
3099 502 3477 553 recucurrerit.

2606 555 2725 607 101.
2782 554 2951 609 Dixit.
2982 559 3217 618 Claram.
3251 575 3304 616 et
3328 564 3478 620 Pass.

2491 639 2497 673 ι
2534 660 2545 672 .

2445 636 2545 674 ατε.

2509 691 2847 745 οωηιοηίονα
2859 712 2924 746 m.
2954 694 3119 749 Editt.
3153 699 3476 760 da'monum.

2505 760 2799 814 Invenisse.
2834 763 3001 817 Editt.
3043 770 3398 825 adinvenisse.

2514 826 2713 883 Primo.
2764 830 3001 885 Clarum.
3043 846 3097 889 et
3148 836 3302 892 Pass.
3364 843 3476 909 pri-

2437 914 2599 950 mum.

2515 968 2917 1034 DispOsilionent
2977 972 3134 1029 hanc.
3191 976 3248 1030 In
3316 976 3471 1035 Pass.

2436 1036 2585 1089 deost
2619 1039 2774 1089 hanc.

2506 1104 2836 1224 Dissolveret.
2872 1107 3024 1163 Pass.
3072 1122 3128 1167 et
3162 1112 3318 1171 Voss.
3355 1118 3473 1173 sot-

2506 1190 2547 1224 “O
2577 1214 2589 1224 .

2432 1190 2589 1226 veret.

2504 1243 2626 1295 102.
2690 1244 3037 1312 Afﬁngenles.
3126 1253 3334 1309 Arond.
3416 1267 3471 1311 et

2430 1311 2596 1382 Mere.
2625 1314 2680 1365 2.
2717 1315 3015 1382 afﬁgenles.

2500 1381 2615 1433 Ima
2693 1381 2880 1451 magis.
2960 1386 3124 1442 Editt.
3215 1392 3319 1446 into
3415 1405 3467 1449 et

2428 1455 2613 1515 magis.

2427 1520 2624 1638 0105.
2680 1519 2756 1571 Ab
2813 1537 2894 1574 eo.
2947 1522 3177 1588 Quidam
3241 1545 3371 1585 mss.
3431 1552 3463 1587 α

2472 1604 2551 1638 eo.

2472 1604 2551 1641 εο.

2494 1660 2571 1708 Ad
2604 1674 2719 1710 eum
2774 1658 2938 1715 Elii“.
2970 1664 3041 1713 ad
3060 1662 3248 1717 Deum.

2487 1727 2515 1777 ’1
2528 1727 2617 1780 04.
2688 1730 3127 1784 Assentientibus.
3219 1735 3458 1791 Clarom.

2417 1797 2879 1853 consentientibus.

2488 1864 2609 1935 105.
2642 1863 2749 1935 Qui
2814 1866 2935 1919 sint.
2973 1866 3387 1935 Voss.quisunl.

2489 1931 2603 1985 Iloc
2630 1934 2808 1987 habes.
2851 1936 2905 1987 In
2949 1936 3107 1992 Pass.
3156 1931 3312 1995 deest
3335 1944 3457 1998 hoc.

2491 1999 2685 2054 Odisti.
2726 2004 2887 2057 Merc.
2914 2005 2968 2056 2.
3000 2009 3135 2060 odis.

2491 2068 2614 2122 Odi.
2676 2072 2829 2124 Erus.
2894 2073 3035 2130 Gall.

2414 2137 2576 2192 Merc.
2606 2140 2661 2194 2.
2694 2142 2834 2194 odio.

2648 2208 2864 2285 Rnguel.
2912 2212 3153 2285 Claram.
3189 2214 3452 2285 Rngultel.

2410 2276 2713 2398 Elﬁileletu.
2742 2279 2898 2334 Eras.
2928 2282 3067 2336 Gall.
3107 2296 3163 2337 ct
3206 2276 3446 2341 ἰτέαν-ιι.

2482 2365 2507 2398 e
2530 2365 2556 2398 e
2583 2385 2598 2398 ο

2482 2358 2598 2400 etel.

2481 2418 2601 2469 100.
2632 2416 3002 2482 Nonrotuisse
3030 2436 3166 2475 eam.
3202 2421 3257 2475 In
3290 2424 3445 2479 Eras.

2406 2484 2545 2540 Gali.
2575 2497 2629 2539 et
2652 2486 2889 2540 Fenard.
2919 2490 3069 2542 deest
3094 2507 3230 2544 eam.

2483 2553 2625 2608 Sicut
2652 2557 2855 2607 dicunt.
2892 2558 3058 2611 Editt.
3088 2573 3138 2611 ut
3166 2562 3372 2618 dicunt.

2444 2622 2811 2705 .Cognovisse.
2848 2626 2997 2681 Pass.
3038 2639 3091 2682 et
3112 2627 3265 2685 Voss.
3288 2648 3447 2701 agno-

2408 2710 2559 2746 01888.

2478 2761 2543 2814 Et
2576 2766 2700 2831 ipse.
2738 2763 2805 2817 Et
2836 2766 2989 2820 dnest
3021 2761 3072 2820 in
3114 2767 3266 2821 Eras.
3301 2768 3441 2823 Gall.

2404 2832 2635 2885 Feuard.
2668 2833 2816 2887 Pass.
2852 2836 3057 2889 Arund.
3100 2847 3147 2889 et
3185 2838 3350 2892 Merc.
3385 2839 3439 2893 2.

2472 2901 2750 2954 Generat-il
2774 2905 2969 2969 ﬁlium.
3010 2907 3061 2957 In
3093 2905 3243 2961 Pass.
3278 2909 3432 2963 deest

2400 2982 2685 3037 generavit.

2476 3040 2598 3093 110.
2620 3039 3008 3095 Exsultantem.
3027 3043 3181 3099 Pass.
3208 3054 3260 3098 et
3278 3045 3434 3103 Voss.

2399 3110 2741 3160 era/tantem.

2467 3175 2533 3243 Et
2583 3180 2813 3243 angelos.
2867 3180 3031 3234 Editt.
3076 3183 3333 3236 omittunt
3363 3194 3433 3241 et.

2470 3242 2847 3317 Participaret.
2888 3248 3040 3302 Pass.
3076 3254 3433 3317 participarit.

2466 3310 2534 3365 Et
2570 3310 2837 3381 pinguius.
2882 3318 2936 3371 In
2983 3310 3151 3372 Editt.
3188 3330 3241 3373 et
3267 3310 3432 3378 Voss.

2396 3384 2603 3436 Arnnd.
2648 3395 2701 3437 et
2730 3386 2894 3444 Merc.
2921 3389 2975 3441 2.
3012 3390 3166 3442 deest
3199 3400 3271 3444 et.

2469 3453 2805 3518 Semetipsos.
2854 3456 3019 3510 Editt.
3061 3473 3185 3511 cum
3215 3462 3427 3517 Arund.

2396 3531 2446 3575 et
2480 3522 2646 3591 Merc.
2671 3522 2723 3575 2.
2758 3528 2975 3591 seipsos.

2470 3590 2625 3644 Filiis
2671 3590 2849 3651 suis...
2875 3597 3073 3647 evertit.
3097 3594 3155 3648 In
3189 3595 3343 3651 Eras.
3374 3609 3429 3655 et

2395 3659 2535 3715 Gall.
2573 3662 2773 3714 omisso
2800 3665 2931 3727 suis,
2955 3666 3126 3717 vertit.

2398 3799 2434 3852 ν
2468 3730 2589 3782 112.
2627 3730 2738 3783 Nec
2776 3734 2934 3785 enim.
2971 3732 3128 3787 Enim
3171 3734 3323 3790 deest
3373 3738 3424 3792 in

2440 3816 2550 3852 oss.

2420 3801 2550 3854 loss.

2458 3872 2579 3924 115.
2620 3869 2843 3924 Timore.
2883 3871 3048 3925 Editt.
3076 3885 3321 3933 tremore.

2464 3938 2658 3992 Sumus
2698 3956 2809 3993 nos.
2845 3939 2960 3993 Nos
2988 3944 3140 3995 deest
3178 3946 3227 3998 in
3263 3948 3418 4003 Eras.

2388 4008 2525 4063 Call.
2557 4012 2763 4062 Arund.
2796 4021 2846 4063 et
2872 4012 3042 4063 altero
3073 4010 3240 4068 Merc.
3326 4028 3329 4031 '

2458 4080 2712 4154 Adduxit.
2745 4080 2985 4133 Claram.
3027 4092 3080 4134 et
3119 4082 3271 4140 Pass.
3303 4104 3422 4154 per-

2384 4150 2557 4202 duxit.

2456 4218 2575 4271 116.
2602 4216 2699 4269 Est
2728 4217 2948 4286 aliquid.
2974 4218 3029 4272 In
3065 4221 3221 4275 editt.
3258 4224 3415 4280 Eras.

2380 4287 2519 4341 Gall.
2561 4297 2615 4341 et
2650 4301 2780 4340 mss.
2820 4289 3029 4343 Arund.
3064 4300 3120 4344 et
3168 4292 3331 4349 Merc.
3381 4298 3417 4349 2

2380 4359 2639 4411 Omissnm
2672 4366 2767 4408 est.

2452 4426 2564 4478 Hoc
2592 4442 2713 4477 non.
2746 4427 2805 4487 In.
2826 4425 3017 4479 iisdem
3043 4429 3192 4484 deest
3219 4431 3339 4486 hoc.

2454 4495 2618 4549 Extra
2642 4496 2879 4562 pleroma
2918 4513 3047 4551 esse.
3083 4499 3139 4552 In
3168 4502 3409 4561 Clarom.

2376 4566 2528 4620 deest
2558 4582 2686 4618 esse.

2445 4634 2513 4688 Et
2546 4635 3405 4701 pleromata.Eras.Gall.Fcuard.

2372 4704 2524 4759 Pass.
2567 4716 2620 4757 et
2665 4706 2801 4758 alter
2828 4706 2995 4762 Merc.
3036 4711 3301 4761 omittunt
3328 4720 3403 4765 et.

2443 4776 2566 4847 117.
2599 4774 2702 4839 Qui
2728 4791 2827 4827 non
2856 4787 3146 4847 possunt...
3176 4778 3398 4847 aliquid.

2370 4843 2421 4896 In
2452 4846 2691 4898 Clarotn.
2724 4847 2951 4910 possint.
2976 4845 3031 4898 In
3069 4845 3222 4901 Voss.
3252 4843 3404 4903 deest

2368 4916 2587 4981 aliquid.

2439 4986 2558 5037 ttS.
2606 4981 2911 5037 Enatravil.
2957 4984 3113 5037 Eras.
3154 4985 3292 5040 Gall.
3346 4997 3401 5042 et

2366 5054 2595 5107 Feuard.
2613 5056 2867 5105 narraril.

2438 5126 2559 5179 “9.
2598 5123 2724 5175 ch
2747 5132 2793 5174 et
2820 5122 2960 5182 facta
2986 5132 3129 5177 sunt.
3166 5125 3219 5178 in
3240 5128 3393 5181 cditt.

2366 5194 2516 5247 deest
2545 5204 2615 5245 et.

2426 5265 2611 5317 Alteri.
2640 5262 2795 5315 Eras.
2827 5258 2966 5314 Gall.
3000 5275 3122 5317 cum
3150 5262 3392 5321 Clarom.

2360 5332 2646 5387 Arund.‘ct
2678 5332 2839 5384 Herc.
2866 5330 2919 5383 2.
2952 5330 3141 5387 altera.

2438 5405 2553 5458 I20.
2604 5400 2942 5455 Abscindere.
2978 5400 3143 5456 Merc.
3178 5405 3213 5457 2
3268 5404 3391 5458 abs-

2362 5474 2555 5528 cidere.
2592 5474 2747 5526 Eras.
2777 5482 2829 5523 et
2853 5468 2993 5523 Gall.
3025 5472 3288 5525 abcidere.

2434 5543 2503 5596 Et
2556 5549 2620 5598 si.
2685 5542 2837 5594 Eras.
2871 5538 3010 5592 Gall.
3045 5550 3098 5592 et
3150 5541 3385 5596 Fenard.

3113 2078 3324 2134 Arund.
3398 2093 3457 2136 et

2356 5616 2614 5669 Otnitluttt
2640 5623 2707 5665 et.

2423 5683 2613 5739 Locum
2647 5692 2787 5735 oslen
2808 5683 2929 5734 lere.
2964 5679 3127 5735 Editt.
3146 5691 3191 5734 et
3214 5680 3387 5732 locum

2352 5764 2443 5808 est.
