4176 6304
238 324 380 383 1865

312 438 374 493 P.
398 438 521 494 155.
546 438 616 494 Se
634 449 801 508 putat.
822 437 889 493 Se
914 436 1131 496 decstln
1152 435 1277 494 Cla-

237 524 385 564 ram.
425 509 579 563 Voss.
614 520 667 562 et
692 509 854 563 Merc.
896 509 950 561 1.

312 598 556 655 Mutat...
604 599 900 668 jaculatur.
967 597 1113 653 Clar.
1176 599 1275 652 Ar.

234 664 403 722 Voss.
439 679 493 723 et
521 664 683 723 Merc.
720 668 775 720 2.
800 676 1044 721 mutet...
1066 667 1279 736 jacule-

237 748 352 790 tur.

311 838 605 892 Aspectum.
638 827 885 883 Er.Call.
910 836 965 883 et
992 828 1126 885 Faa.
1152 845 1279 885 con-

235 912 374 968 spect
383 918 410 949 tt
420 914 466 948 tn
474 937 489 949 .

313 989 700 1058 Relinquentes.
718 991 883 1046 Editt.
909 992 1276 1063 derelinquen-

236 1070 335 1113 tes.

313 1129 523 1201 156.Ιη
557 1129 975 1201 cliaritate.Feu.
1012 1130 1067 1184 in
1101 1146 1275 1201 marg.

234 1206 293 1252 et
324 1200 466 1251 Clar.
504 1201 559 1252 in
591 1200 919 1252 chttritatcm.

316 1265 462 1320 Ferit
492 1278 539 1320 et
570 1268 695 1331 facit
746 1268 913 1321 Eclitt.
944 1266 1097 1323 Eros.
1131 1267 1274 1325 Call.

235 1345 295 1389 et
326 1336 453 1391 Fort.
490 1338 610 1400 facit
637 1349 683 1388 et
711 1337 850 1402 fecit.

312 1402 591 1459 Excutere.
628 1406 771 1457 tllar.
797 1406 1063 1461 excedere.

311 1474 382 1527 Et
410 1478 566 1528 idem.
606 1472 673 1525 Et
715 1476 863 1528 deest
910 1477 965 1527 in
1011 1476 1102 1530 Er.
1135 1474 1275 1535 Call.

235 1553 295 1597 et
324 1544 454 1596 Fc-u.

319 1612 649 1665 Votatitium.
709 1609 800 1666 Er.
854 1611 996 1668 Gall.
1048 1622 1102 1667 et
1138 1612 1275 1669 Feu.

237 1682 552 1734 volantium.

311 1750 587 1803 Autumni.
638 1750 950 1806 Arund._et
996 1749 1165 1807 Merc.
1221 1750 1274 1805 2.

234 1820 531 1873 Autumno.

314 1887 536 1939 Plurim.
605 1887 693 1941 Er.

235 1956 406 2013 Merc.
433 1957 468 2008 2
516 1959 710 2023 pluvia.

316 2027 657 2081 limissiones.
688 2029 925 2082 Claram.
966 2038 1021 2082 et
1062 2028 1270 2083 Arltnd.

244 2097 620 2149 immissiones.

310 2166 713 2219 Absolvimus...
823 2168 1269 2223 commendamus.

235 2233 393 2288 Eras.
426 2231 568 2293 Gill.
632 2244 687 2287 ct
745 2235 986 2289 Feuard.
1028 2236 1272 2292 absolva-

237 2319 425 2358 mus...
459 2306 897 2357 commendemus.

311 2371 377 2441 In
424 2371 623 2441 futuro.
658 2373 891 2426 Clarum.
924 2372 977 2424 in
1012 2373 1273 2441 futurum.

308 2440 432 2493 157.
464 2439 759 2508 Diligamus
780 2458 919 2499 eum.
949 2442 990 2495 E
1013 2439 1116 2495 till.
1148 2459 1273 2497 eum

233 2507 448 2563 Arlmd.
510 2507 785 2564 et’Merc.
862 2516 917 2565 2.
989 2512 1273 2581 diligamus

233 2575 425 2630 Deum.

287 2594 425 2630 eum.

322 2644 452 2699 Vere
495 2663 716 2717 semper.
762 2648 820 2703 In
874 2648 1084 2705 Arund.
1120 2652 1276 2707 deest

234 2730 375 2767 vere.

309 2785 351 2834 Α
388 2783 515 2838 Deo.
549 2787 757 2841 Arund.
796 2790 859 2840 ab
892 2804 974 2843 eo.

313 2850 421 2924 fer
444 2856 561 2906 hoc.
590 2858 829 2909 Claram.
860 2874 953 2924 pro
987 2858 1108 2912 hoc.

312 2919 505 2976 Putas.
536 2924 686 2977 liras.
735 2919 875 2981 Call.
936 2939 990 2981 et
1037 2927 1269 2982 Feuard.

234 3001 403 3059 putes.

310 3060 519 3115 Sciant.
568 3062 732 3117 Editt.
766 3078 888 3118 cum
927 3062 1169 3119 Claram.
1218 3076 1273 3122 et

238 3127 393 3181 Voss.
427 3133 619 3183 sciunt.

234 3197 537 3319 EDehinc.
600 3200 810 3256 Arund.
857 3211 911 3256 et
971 3200 1137 3257 Merc.
1212 3202 1269 3258 2.

275 3284 378 3319 tne.

275 3284 378 3320 tnc.

308 3336 377 3388 In
405 3354 578 3405 quem.
628 3339 685 3393 lu
716 3338 955 3395 Claram.
1005 3350 1060 3395 et
1110 3342 1267 3399 Voss.

234 3404 389 3459 deest
418 3404 499 3460 in.

304 3472 591 3532 Discimus.
618 3477 859 3533 Claram.
884 3482 1194 3535 didicimus.

310 3543 535 3616 Lingua;
570 3546 701 3616 Ejus
738 3550 885 3602 addit
918 3550 1127 3603 Arund.

306 3614 429 3667 158.
496 3615 570 3669 De
612 3614 766 3671 die...
833 3621 947 3673 illa.
1020 3618 1265 3674 Claram.

232 3684 442 3736 omittit
476 3683 590 3739 illa.

232 3750 428 3872 “£59.
466 3750 531 3805 Ut
556 3757 604 3807 ei
626 3754 709 3806 de.
751 3755 985 3812 Claram.
1020 3768 1078 3813 ut
1103 3760 1269 3815 eidem

308 3889 376 3942 Et
410 3899 573 3944 tanta.
612 3890 775 3947 Etlitt.
800 3905 845 3948 et
866 3906 1090 3951 tantum.

300 3958 615 4033 ~Ennianum:
674 3962 840 4019 Etlitt.
911 3981 1036 4019 cum
1109 3969 1261 4024 Voss.

229 4026 445 4103 Arund.
471 4038 525 4103 et
550 4029 721 4084 Merc.
748 4033 801 4087 2.
831 4048 1118 4103 expontnt.

308 4096 575 4160 Quoniam
633 4112 774 4155 sunt.
826 4096 907 4157 In.
935 4105 1175 4162 Claram.
1212 4116 1267 4163 et

230 4163 391 4221 Voss.
424 4171 550 4221 sint.

316 4235 440 4287 Non
465 4238 651 4292 solvet.
678 4239 915 4296 Claram.
948 4259 1050 4297 non
1071 4247 1260 4300 salvat.

306 4305 412 4358 160
444 4304 768 4362 Necessarie.
794 4311 952 4365 Deest
981 4313 1032 4366 in
1052 4320 1258 4370 Arund.

268 4445 281 4458 ο
306 4373 770 4444 Purttcipaverunt
796 4382 863 4434 ei.
918 4382 978 4436 In
1022 4385 1257 4440 Clarum.

240 4459 368 4513 slus.

301 4515 579 4571 Credimus
623 4534 738 4573 nos.
796 4517 1003 4577 Arund.
1066 4523 1265 4576 omittit

231 4599 351 4637 κω.

304 4652 666 4710 Resuscitans.
695 4656 769 4713 Id.
790 4668 1071 4713 suscitans.

300 4722 651 4791 Reiuquitur.
682 4727 843 4780 Editt.
876 4738 998 4782 cum
1026 4731 1175 4787 Voss.
1209 4740 1263 4786 et

230 4790 314 4845 He
323 4808 401 4865 rc.
434 4790 485 4850 2’.
527 4797 869 4865 relinquetur.

299 4863 504 4914 Aninue
526 4863 841 4921 sunt.'l‘.'r:ns.
860 4866 997 4923 Gall.
1025 4868 1257 4923 Feuaril.

229 4944 355 4983 cum
409 4936 614 4987 Aroud.
663 4946 718 4988 οι
756 4934 923 4992 Merc.
980 4939 1038 4995 2.
1081 4941 1258 4992 auiam

225 5012 374 5053 sunt.

299 5067 519 5141 Reliqua
554 5075 795 5131 materia.
821 5074 878 5129 In
905 5071 1067 5131 Voss.
1096 5077 1256 5131 unica

226 5152 357 5211 vos,
399 5146 618 5211 reliquo.

302 5207 368 5261 Et
403 5207 586 5269 Deum.
616 5211 668 5265 In
698 5214 854 5270 editi.
882 5224 933 5269 et
958 5215 1164 5271 Arund.
1191 5232 1256 5272 ac

222 5273 396 5333 Herc.
429 5282 481 5331 2.
512 5292 559 5333 et
587 5282 889 5337 Dominum.

301 5346 618 5403 Sententiae.
651 5352 744 5405 Iul.
777 5355 1111 5408 sententiam.

303 5418 425 5470 161.
473 5416 583 5472 Per
620 5424 949 5485 sapientiam.
993 5424 1157 5479 Editl.
1197 5434 1253 5481 et

218 5486 437 5558 Arum].
469 5493 748 5558 sapientia.

296 5554 409 5625 Ipsi
455 5554 637 5625 hujus.
689 5562 924 5616 Claram.
985 5572 1041 5618 et
1102 5562 1252 5621 Voss.

221 5624 328 5693 ipsi
354 5624 411 5679 hi
433 5624 615 5693 hujus.

298 5692 444 5751 Sint.
474 5692 641 5751 Editt.
669 5714 791 5752 cum
817 5699 973 5758 Voss.
1001 5714 1054 5758 et
1087 5704 1250 5759 Merc.

548 5789 821 5852 Ρλτιοι..
856 5794 971 5857 Gn.
1013 5794 1093 5855 Vl
1102 5797 1145 5857 1.

752 1888 892 1944 Gull.
952 1890 1159 1944 Arund.
1220 1902 1277 1945 et

1504 318 1738 374 VARIE
1780 313 2184 375 LECTIONES.

1348 434 1401 487 2.
1432 445 1574 490 sunt.

1418 504 1763 560 Faciendum.
1815 506 1979 561 Editt.
2030 518 2155 560 cum
2213 501 2371 558 Voss.

1346 574 1666 641 faciendum.

1418 644 1617 713 Eorum
1643 644 2022 713 qum.Clarom.
2046 654 2372 713 rerumque.

1418 708 1916 768 liabeathlaram.
1946 710 2099 768 Voss.
2123 722 2177 764 et
2207 708 2374 765 Merc.

1344 780 1400 834 2.
1434 782 1611 834 Itttbet.

1385 821 1400 835 .
1434 782 1611 835 habet.

1430 850 1581 906 Velit.
1611 852 1763 909 Eras.
1805 849 1943 906 Call.
1996 858 2051 905 et
2096 848 2267 905 Merc.
2316 849 2371 905 2.

1347 921 1519 973 vellet.

1410 990 1533 1043 162.
1577 989 2006 1047 Principatuum.
2052 988 2289 1046 Claram.
2321 998 2377 1043 et

1346 1057 1509 1111 Merc.
1538 1060 1591 1113 2.
1624 1058 1943 1124 Principum.

1418 1125 1669 1196 Perfecit.
1710 1130 1863 1181 liras.
1894 1127 2032 1183 Call.
2060 1126 2295 1181 Feuard.
2322 1137 2377 1183 et

1349 1196 1513 1267 Mere.
1545 1198 1599 1250 2.
1625 1197 1852 1266 per/icit.

1418 1266 1491 1318 Et
1523 1266 1902 1332 prohibuisset,
1944 1266 2096 1321 nihil.
2137 1266 2373 1321 Feuard.

1345 1334 1711 1400 prohibuisset,
1736 1346 1781 1387 et
1814 1337 1969 1391 nihil.
2000 1337 2057 1389 lu
2089 1336 2299 1390 Aruud.
2324 1345 2379 1391 et

1346 1403 1510 1458 Merc.
1548 1404 1600 1456 2.
1632 1405 1783 1456 tlt'esl
1808 1411 1879 1457 et.

1419 1472 1549 1526 Sunt
1605 1472 1841 1538 perfecti.
1910 1473 1966 1528 In
2022 1471 2266 1528 Claram.
2322 1481 2376 1528 et

1347 1542 1516 1599 Merc.
1551 1542 1605 1596 2.
1642 1545 1769 1595 sint.

1421 1612 1543 1665 1ιι5.
1577 1609 1891 1678 Semetipsos
1938 1629 2067 1666 esse.
2114 1612 2168 1665 In
2221 1612 2378 1668 Eras.

1347 1680 1485 1736 Gall.
1513 1680 1808 1734 Feuanl.et
1837 1682 2043 1734 Arund.
2071 1682 2219 1735 deest
2246 1698 2375 1736 esse.

1418 1748 1773 1803 Concludetur
1817 1761 1861 1802 et
1896 1752 2373 1804 circumscribetur.

1346 1818 1503 1873 Voss.
1536 1819 1871 1872 concluditur
1906 1829 1955 1873 et
1989 1821 2381 1874 circumscribi-

1344 1900 1452 1942 tur.

1422 1958 1546 2012 164.
1597 1955 1669 2012 Et
1697 1957 1911 2011 Simone
1949 1969 1996 2011 et
2056 1958 2369 2014 Menandro.

1341 2028 1548 2081 Arund.
1584 2040 1630 2081 et
1650 2046 1679 2080 a
1696 2026 1906 2081 Simone
1925 2038 1970 2081 et
1992 2043 2026 2079 (ι
2053 2028 2375 2082 Menandro.

1413 2098 1684 2161 Aplatum.
1728 2097 1937 2151 Arund.
1987 2094 2153 2151 Merc.
2207 2098 2263 2153 2.
2319 2109 2374 2153 et

1341 2164 1496 2221 editi.
1529 2167 1861 2229 adoptatum.

1413 2234 1481 2288 Et
1512 2234 1761 2305 Basilitle.
1797 2235 1960 2287 Editt.
1980 2250 2101 2289 cum
2126 2235 2371 2305 pluribus

1342 2319 1477 2360 mss.
1510 2318 1554 2357 et
1596 2322 1627 2355 a
1664 2304 1915 2357 Basilide.
2015 2364 2021 2371 ,

1416 2374 1868 2429 Demiuoratione.
1977 2373 2145 2428 Ειιίιι.
2245 2392 2369 2431 cum

1342 2442 1551 2499 Arund.
1584 2453 1639 2497 et
1661 2441 1828 2498 Merc.
1869 2442 1918 2496 2.
1932 2443 2371 2499 deminorationi-

1343 2513 1457 2565 bus.

1417 2579 1733 2637 Utilitatem.
1762 2578 1919 2635 Voss.
1968 2581 2022 2635 in
2065 2582 2371 2636 utilitatem.

1417 2649 1644 2702 Tantum
1671 2662 1865 2703 autem.
1892 2650 1945 2702 In
1971 2651 2126 2706 Eras.
2151 2651 2292 2707 Gall.
2322 2663 2374 2707 et

1342 2718 1557 2771 Feuard
1610 2722 1761 2773 deest
1788 2730 1983 2778 autem.

1415 2788 1538 2843 165.
1579 2787 1709 2840 Reus
1734 2793 1852 2842 erit.
1881 2790 2089 2844 Arund.
2128 2806 2249 2843 reus
2274 2799 2371 2844 est.

1413 2857 1721 2929 l’erjurare.
1761 2858 1995 2929 Feuard.
2029 2862 2082 2913 iu
2113 2874 2285 2929 marg.
2318 2870 2373 2915 et

1342 2926 1553 2997 Anglic.
1585 2929 1742 2981 codd.
1776 2928 2037 2997 peierare.

1416 2945 1421 2977 I
1469 2943 1553 2978 uc.
1585 2943 1742 2981 cauo.
1776 2943 2037 2994 pejerare.

1416 2943 1750 3047 fractantur.
1789 2990 1939 3050 Eras.
1972 2994 2112 3052 Gall.
2160 3004 2215 3051 et
2251 2998 2373 3052 Cla-

1341 3078 1481 3117 ῐοηι.
1516 3074 1823 3116 tractentur.

1413 3132 1749 3199 Magistrum.
1778 3133 1933 3187 Eras.
1969 3132 2107 3189 Call.
2135 3134 2373 3195 Feuard-

1341 3210 1394 3255 et
1424 3200 1589 3255 Mero.
1619 3204 1673 3254 2.
1699 3213 1745 3254 et
1773 3205 2106 3270 magistrum.

1413 3270 1842 3338 Confundantur.
1878 3272 2113 3329 Claram.
2163 3282 2219 3329 et
2262 3275 2374 3329 An-

1340 3339 1467 3410 glic.
1502 3342 2107 3410 caild._con[uuduntur.

1409 3408 1623 3461 Dicunt.
1648 3408 1815 3462 Ediu.
1839 3425 1961 3462 cum
1982 3409 2135 3465 Voss.
2162 3412 2371 3467 Aruud.

1338 3487 1393 3531 et
1423 3477 1589 3531 Merc.
1623 3481 1676 3529 2.
1711 3480 1913 3530 dicant.

1408 3546 1885 3601 LibidinemEras.
1909 3547 2047 3602 Call.
2065 3559 2118 3603 et
2134 3548 2367 3605 Feuard.

1340 3616 1601 3670 libidines.

1410 3684 1455 3735 Α
1496 3686 1810 3754 semetipsis.
1838 3685 2003 3743 lidem
2036 3690 2375 3758 praemittunt

1338 3765 1411 3809 ιι.

1412 3823 1767 3880 Firmitatem.
1800 3824 2037 3881 Claram.
2088 3838 2144 3882 et
2199 3828 2367 3884 Merc.

1336 3895 1719 3969 2.Aﬁrmitates,
1751 3911 1847 3967 pro
1877 3913 1985 3966 qua
2011 3898 2065 3953 in
2094 3897 2247 3954 Voss.
2272 3899 2374 3969 ﬁr-

1340 3966 1557 4019 mitatis.

1347 4102 1358 4112 ο
1404 4036 1533 4088 166.
1582 4033 1974 4103 Cujuscunque.
2008 4035 2244 4093 Claram.
2277 4055 2372 4092 cu-

1330 4118 1599 4173 nsquam.

1411 4176 1531 4227 167.
1587 4173 1718 4238 Qute
1766 4184 1885 4242 ante
1925 4174 2066 4242 facta
2114 4184 2258 4229 sunt.
2312 4176 2370 4230 In

1337 4240 1573 4314 Claram.
1602 4240 1853 4314 quoniam
1894 4240 1991 4314 pro
2018 4261 2154 4313 qute.

1404 4309 1747 4367 Laborarent.
1785 4309 1939 4369 om.
1968 4309 2187 4369 et'Gall.
2222 4314 2369 4369 labo-

1334 4394 1468 4433 rent.

1409 4448 1696 4523 temporis.
1723 4451 1957 4523 Claram.
1984 4461 2204 4523 tempus.

1408 4518 1869 4575 Remiuisceretur.
1916 4518 2096 4578 Erasf
2122 4523 2259 4577 Call.
2310 4534 2364 4579 et

1339 4588 1573 4643 Feuard.
1604 4604 1725 4644 cum
1757 4592 1922 4645 Merc.
1948 4593 2004 4648 2.
2040 4610 2095 4647 se
2122 4595 2362 4648 reminis-

1336 4673 1504 4711 ceretu
1515 4676 1559 4712 Γ.

1405 4729 1481 4849 Abh
1504 4745 1587 4781 ea.
1627 4728 1790 4783 Editt.
1826 4744 1949 4785 cum
1982 4745 2112 4786 mss.
2147 4731 2355 4803 Anglic.

1405 4814 1433 4847 α
1501 4814 1582 4849 ea.

1333 4807 1383 4851 et
1404 4807 1467 4849 ab
1501 4814 1582 4850 ea.

1401 4866 1465 4919 Et
1540 4884 1621 4921 ea.
1691 4869 1841 4925 Eros.
1921 4872 2063 4927 Gall.
2120 4871 2355 4926 Feuartl.

1332 4935 1539 4991 Arund.
1571 4950 1625 4991 et
1648 4937 1820 4993 Merc.
1854 4942 1907 4995 2.
1941 4947 2196 4997 omittunt
2227 4950 2300 4995 et.

1398 5006 1521 5061 168.
1546 5006 1793 5070 Corporis
1832 5014 2101 5065 tarditate.
2144 5013 2203 5064 lu
2237 5012 2359 5066 Cla-

1332 5090 1472 5129 ram.
1508 5092 1562 5131 et
1599 5079 1757 5133 Voss.
1786 5084 2117 5133 tarditatem.

1360 5216 1371 5227 .
1397 5142 1465 5199 Ei
1492 5151 1904 5203 communicans.
1930 5149 1985 5204 lu
2015 5151 2165 5205 Voss.
2188 5163 2241 5201 se
2262 5163 2358 5218 pro

1324 5231 1391 5270 ει.

1396 5283 1607 5352 Scripti.
1640 5287 1798 5342 Eras.
1834 5286 1981 5344 Call.
2020 5300 2079 5345 et
2118 5288 2356 5344 Feuard.

1326 5355 1589 5424 descripti.

1392 5424 1514 5481 109.
1545 5426 1675 5480 Esse
1724 5444 1798 5483 cat
1832 5429 1987 5483 eriut.
2038 5426 2168 5484 Esse
2211 5432 2355 5486 deest

1328 5496 1382 5549 in
1424 5498 1632 5553 Arum].

1400 5564 1589 5619 Omnia
1683 5578 2009 5621 ornamenta.
2120 5571 2354 5623 Claram.

1327 5650 1480 5688 omne
1528 5644 1937 5705 ornamentum;
1993 5654 2110 5705 qua:
2165 5640 2354 5695 ultima

1330 5712 1436 5759 vox‘
1456 5707 1619 5759 etiam
1657 5706 1709 5760 in
1750 5704 1902 5761 Voss.
1938 5704 2154 5774 legitur.

3344 317 3480 375 1866

2518 427 2577 482 Ρ.
2608 428 2728 484 169.
2764 429 3022 486 Peccnbit.
3048 433 3201 489 Eros.
3223 435 3360 491 Call.
3382 442 3477 493 Ar.

2451 506 2506 551 et
2536 497 2701 553 Merc.
2731 500 2788 553 2.
2812 504 3061 567 peccauit.

2514 568 2637 623 170.
2676 568 3102 625 Pra'dicaverint.
3138 572 3295 633 Erus.
3335 573 3475 633 Gali.

2444 646 2499 691 et
2519 637 2754 693 Feuard.
2786 643 3227 706 prmdicaverunt.

2515 708 2638 761 171,
2669 707 2808 760 Deus
2850 717 3193 773 omnipotens.
3235 712 3473 771 Claram.

2442 783 2497 830 et
2526 777 2698 846 Voss:
2722 777 2974 831 Dominus
2996 782 3192 846 omnip.

2515 846 2637 901 175.
2667 844 2929 903 Postulet.
2950 844 3189 901 Claram.
3223 854 3473 911 rostulat.

2516 914 2821 969 Distribuit.
2842 915 3079 974 Claram.
3100 928 3153 971 et
3180 918 3337 978 Voss.
3366 925 3477 981 dis-

2447 986 2659 1038 tribuet.

2511 1054 2682 1107 Dixit.
2715 1052 2953 1110 Clarnm.
2982 1057 3134 1112 dicit.

2518 1124 2642 1178 174.
2711 1122 2978 1178 Christum
3060 1126 3364 1188 Dominum.
3419 1131 3479 1190 In

2444 1193 2654 1246 Arund.
2687 1196 2837 1247 deest
2870 1192 3157 1249 Christum.

2508 1261 2875 1331 Unusquisque
2902 1279 3107 1317 eorum.
3150 1264 3206 1321 ln
3236 1267 3474 1328 Claram.

2446 1334 2589 1386 deest
2618 1349 2814 1385 eorum.

2517 1402 2873 1458 Adinvenerit.
2904 1401 3071 1456 Editt.
3113 1418 3236 1462 cum
3266 1406 3476 1468 Aruntl.

2446 1480 2499 1524 et
2523 1470 2769 1542 Merc._2.
2802 1472 3094 1542 adiuvenit.

2518 1541 2638 1592 175.
2684 1539 2870 1592 Postea
2897 1542 3101 1594 deinde.
3140 1542 3296 1601 Eros.
3336 1547 3477 1606 Call.

2446 1618 2499 1661 et
2524 1608 2755 1661 Fteuard.
2786 1610 3043 1663 omittunt
3066 1625 3265 1679 postea.

2520 1679 2586 1731 Et
2615 1696 2671 1731 se
2696 1694 2832 1731 νει-ο.
2880 1680 3042 1733 Εάίιι.
3072 1684 3333 1739 amittunt
3366 1696 3439 1742 et.

2514 1747 2637 1802 176.
2676 1746 2853 1813 liuius
2882 1747 3023 1802 Liui.
3061 1753 3268 1808 Arund.
3315 1756 3482 1812 inter-

2449 1819 2588 1870 serit
2612 1828 2807 1869 autem.

2518 1884 2585 1940 Et
2647 1902 2765 1938 cum
2815 1886 3009 1939 adhuc.
3068 1887 3222 1943 Eras.
3254 1890 3393 1949 Call.
3425 1905 3483 1949 et.

2449 1952 2591 2007 Feua
2603 1958 2681 2008 rd.
2712 1956 2969 2007 amittunt
2999 1961 3070 2012 ετ.

2514 2022 2927 2091 Cataclysmum.
2987 2024 3144 2083 Voss.
3190 2046 3306 2085 eum
3333 2045 3483 2090 cata-

2447 2092 2720 2162 clysmum.

2519 2162 2915 2229 Disposuerit...
2975 2166 3201 2221 miserit.
3268 2172 3478 2229 Arund.

2446 2230 2740 2309 Otthohou.
2790 2240 2843 2283 et
2895 2232 3059 2309 Merc.
3097 2236 3148 2289 2.
3200 2240 3485 2309 disposue-

2448 2312 2602 2357 rat...
2661 2302 2899 2353 miserat.
2960 2305 3247 2379 tlagsentit
3283 2302 3483 2379 'quoad

2447 2385 2776 2441 postremam
2808 2385 2996 2441 vocem
3027 2372 3267 2430 Claram.

2518 2440 2883 2515 Telesphorus.
2954 2439 3021 2515 la
3077 2460 3208 2498 mss.
3270 2446 3481 2515 Anglic.

2449 2510 2844 2583 Telesiphgrur.
2864 2507 2917 2583 In
2946 2511 3185 2566 Claram.
3219 2507 3481 2583 scrip‘ium

2446 2580 2620 2654 fuerat
2676 2576 3096 2654 Tel_es_iphoru_s,_
3144 2585 3236 2637 sed
3296 2576 3487 2654 super.

2444 2648 2702 2719 scriptum
2737 2647 2966 2719 videtur,
3005 2649 3337 2719 Telosporus.

2515 2716 2871 2771 Eleutherius.
2928 2716 3166 2775 Aruud.'
3207 2733 3263 2776 et
3323 2724 3482 2783 Voss.

2449 2782 2779 2839 Elentlterus.

2514 2854 2599 2909 Ex
2639 2857 2736 2909 eis.
2790 2852 2845 2906 In
2879 2855 3119 2912 Claram.
3171 2859 3382 2921 Aruud.
3429 2874 3486 2920 ct

2441 2924 2607 2980 Merc.
2642 2926 2698 2979 2.
2729 2928 2878 2977 deest
2906 2942 2987 2978 ex.

2514 2996 2633 3049 177.
2678 2993 3079 3063 Testimonium.
3130 2997 3285 3055 Eros.
3340 3000 3483 3063 Call.

2438 3063 2672 3119 Feuard.
2720 3062 2874 3122 Voss.
2907 3074 2960 3118 et
2989 3064 3197 3123 Arund.
3246 3079 3296 3124 et
3333 3062 3482 3127 testi;

2442 3136 2693 3188 moniunt.

2484 3205 2833 3324 .Ad‘cenisset.
2867 3205 3021 3262 Voss.
3073 3216 3129 3262 et
3160 3208 3369 3267 Arund.
3398 3230 3488 3268 se—

2484 3287 2579 3324 lue
2609 3311 2622 3324 .

2442 3287 2622 3325 uisset.

2513 3340 2632 3397 178.
2672 3341 2746 3395 lle
2779 3343 3057 3413 liquidum.
3096 3346 3170 3403 Re
3210 3350 3358 3407 deest
3430 3353 3483 3406 in

2442 3407 2607 3463 Merc.
2642 3411 2698 3463 1.

2496 3426 2607 3463 el't'.
2642 3426 2665 3463 ι
2684 3448 2698 3463 ο

2515 3479 2717 3547 Aliquis
2771 3483 3190 3542 annuntiaverit.
3243 3488 3482 3544 Claram.

2443 3560 2499 3630 et
2544 3548 2711 3604 Merc.
2782 3550 2837 3602 2.
2896 3551 3061 3619 aliqui
3130 3559 3482 3614 annuntiare-

2447 3630 2575 3673 rtnt.

2522 3687 2641 3742 179.
2668 3686 2771 3751 Qui
2790 3685 3151 3757 Evangelium.
3178 3692 3323 3749 Editt
3357 3713 3479 3753 cum

2447 3757 2652 3879 (Arund.
2688 3767 2739 3811 et
2774 3757 2938 3811 Merc.
2967 3758 3021 3812 2.
3058 3765 3221 3829 quiet
3256 3765 3485 3837 (frange.

2468 3844 2598 3879 tum.

2516 3896 3167 3965 Languorem.Eras.Gall.
3182 3911 3235 3956 ct
3251 3902 3484 3964 Feuard.

2446 3963 2744 4035 langtto'res.

2524 4033 2731 4108 Verior.
2766 4033 2930 4108 Mere.
2971 4036 3243 4108 iamajor.

2516 4104 2841 4158 Invenietur.
2858 4104 3153 4161 Eras.Gull.
3171 4120 3224 4163 et
3247 4110 3480 4172 Feuard.

2444 4174 2724 4227 invenitur.

2515 4241 2727 4300 Faciat.
2778 4242 2947 4297 Editt.
3002 4260 3125 4299 cum
3174 4247 3331 4306 Voss.
3394 4253 3483 4321 fa.

2441 4315 2557 4367 ciet.

2513 4382 2656 4437 Male
2714 4382 2921 4435 habent.
2989 4383 3143 4440 Eros.
3218 4387 3357 4446 Call.
3421 4405 3478 4451 et

2441 4453 2671 4508 Feuard.
2703 4453 2840 4504 male
2867 4469 2923 4505 se
2950 4454 3162 4508 habent.

2510 4523 2630 4577 180.
2676 4522 3009 4590 Acceptione.
3061 4526 3298 4583 Claram.
3352 4545 3479 4588 cum

2440 4591 2595 4647 Eras.
2626 4602 2677 4645 et
2707 4591 2849 4644 Gall.
2882 4594 3262 4658 acceptatione.

2505 4661 2898 4725 Constabtliret,
2922 4674 2968 4713 et
2998 4664 3070 4715 eis
3093 4679 3221 4718 esse.
3249 4666 3301 4719 In
3320 4667 3478 4726 Eras.

2434 4730 2574 4785 Call.
2605 4732 2809 4784 Arund.
2836 4740 2890 4785 et
2923 4730 3089 4785 Herc.
3125 4732 3179 4785 2.
3215 4740 3479 4792 constabi-

2435 4801 2559 4853 liter
2585 4801 2657 4853 eis
2685 4815 2814 4853 esse.

2506 4869 2855 4937 Ρι-ωρκωιηι.
2890 4866 3197 4925 lnClarom.
3233 4884 3289 4929 et
3314 4876 3471 4934 Voss.

2433 4940 2912 5009 prqputintioncm.

2506 5007 2573 5060 Et
2622 5010 2962 5086 constituens.
3006 5008 3167 5066 Editt.
3204 5026 3326 5066 cum
3360 5014 3476 5086 plo-

2436 5080 2618 5145 risqoe
2652 5093 2780 5131 mss.
2809 5077 3066 5132 omittunt
3097 5091 3166 5133 et.

2506 5148 2572 5202 In
2602 5148 2754 5199 domo
2801 5149 3004 5202 Aruud.
3038 5151 3091 5200 in
3121 5156 3166 5202 dt

2540 5166 2572 5201 η
2602 5163 2754 5199 aomo
2801 5163 3004 5202 Al‘lllld.
3038 5164 3091 5200 ll
3121 5163 3354 5205 domum.

2506 5218 2609 5283 Qui
2635 5217 2796 5268 dedit.
2833 5217 2995 5270 L‘ditt.
3028 5234 3148 5271 cum
3172 5221 3380 5274 Aruud.
3418 5230 3469 5276 et

2434 5286 2601 5342 Merc.
2635 5286 2688 5339 2.
2726 5286 2815 5353 qui
2846 5298 2891 5338 et
2920 5288 3083 5340 dedit.

2503 5357 2585 5410 Ad
2614 5356 3008 5435 judicaudum.
3036 5355 3269 5412 Claram.
3308 5358 3469 5428 adju-

2432 5429 2666 5484 ditandi.

2500 5496 2866 5561 Iniquitatem.
2922 5495 3130 5553 Arund.
3209 5498 3467 5567 iniquita-

2432 5579 2526 5621 tes.

2502 5635 2623 5690 181.
2664 5632 2888 5689 Paulus.
2926 5634 3087 5690 Deest
3115 5636 3165 5689 in
3204 5636 3362 5691 Voss.

2503 5705 2629 5774 Ipse
2689 5717 2881 5759 autem.
2945 5706 3001 5759 In
3059 5708 3266 5759 Arimd.
3321 5708 3469 5763 deest

3116 5798 3193 5860 59
