4176 6304
717 357 848 414 1871

784 469 988 525 Ρ.246.
1027 468 1092 523 Et
1133 469 1244 523 sine
1267 469 1368 523 his.
1422 466 1585 523 Editt.
1623 484 1745 523 cum

710 542 805 597 Ar.
834 552 890 595 et
912 541 1073 596 Merc.
1109 538 1165 593 2.
1196 538 1453 594 Omittunt
1484 547 1555 594 et.

784 609 1050 678 Disposuit
1118 607 1402 678 Dominus.
1493 607 1746 678 Dominus

709 682 857 737 deest
879 676 943 734 in
973 680 1061 735 Er.
1104 676 1243 732 Gnll.
1289 678 1381 733 Ar.
1409 686 1462 731 et
1493 677 1656 731 Merc.
1690 676 1744 730 2.

779 748 1082 803 Admoneri.
1117 746 1286 800 Editt.
1316 760 1437 803 cum
1486 746 1651 801 Merc.
1691 744 1747 799 2.

708 820 1009 873 admonere.

776 884 902 941 247.
932 887 1218 955 Aﬂiigebat.
1272 884 1436 939 Etlitt.
1485 898 1607 939 cum
1648 884 1747 943 Ar.

705 966 757 1011 ιι
789 956 949 1025 Merc.
978 956 1033 1008 2.
1067 956 1433 1025 subaﬁligebat.

786 1023 1009 1093 Propter
1041 1026 1160 1079 hoc.
1197 1023 1381 1077 Editt.
1413 1037 1535 1077 cum
1572 1023 1665 1077 Ar.
1698 1031 1752 1077 et

710 1094 874 1148 Merc.
909 1095 964 1148 2.
994 1106 1042 1148 et
1076 1103 1285 1161 propter
1313 1093 1429 1145 hoc.

775 1166 861 1216 Ait
886 1165 981 1217 eis.
1013 1158 1105 1216 Eis
1130 1162 1282 1215 deest
1305 1166 1356 1215 in
1392 1162 1483 1215 Er.
1514 1170 1569 1215 et
1606 1158 1746 1215 Gall.

783 1233 962 1286 Etiam
1012 1234 1273 1285 timorem.
1324 1231 1488 1285 Editt.
1521 1239 1570 1284 et
1602 1233 1754 1283 timo-

707 1320 840 1357 rem.

781 1372 1164 1442 Acceperimns.
1258 1367 1414 1427 Voss.

784 1513 977 1581 Diligat
1014 1510 1341 1581 Dominum.
1402 1509 1569 1564 Editt.
1624 1520 1745 1561 cum

707 1581 873 1638 Merc.
895 1580 953 1633 2.
997 1580 1184 1633 Deum.

777 1650 1114 1715 Praeceperit.
1146 1648 1311 1702 Editt.
1337 1647 1601 1717 prcccepit.

778 1712 1107 1774 Oblationent
1158 1712 1360 1773 eorum.
1390 1718 1445 1771 In
1492 1717 1655 1770 Merc.
1683 1712 1741 1767 2.

705 1790 1041 1844 oblationem.

780 1858 1021 1926 Typicas.
1062 1856 1222 1911 Deest
1254 1854 1306 1909 in
1334 1854 1518 1926 Merc.
1538 1854 1587 1908 1.

775 1921 902 1981 2ἱ8.
938 1926 1086 1980 Meus
1116 1935 1189 1979 est
1220 1926 1377 1980 enim.
1400 1925 1455 1977 In
1490 1925 1580 1979 Er.
1604 1921 1742 1977 Gall.

706 1998 836 2053 Fcn.
864 2008 928 2051 et
954 1997 1115 2051 Merc.
1153 1997 1176 2048 1
1215 1999 1367 2051 deest
1396 1994 1556 2047 enim.

778 2066 842 2120 Ei
864 2067 1016 2121 dans.
1042 2066 1095 2119 In
1120 2063 1325 2117 Arund.
1357 2065 1507 2117 deest
1535 2063 1603 2114 ei.

775 2134 1148 2188 Tribulationis
1181 2147 1303 2187 tuae.
1326 2129 1451 2185 Tua:
1476 2130 1741 2185 desidem

704 2214 794 2261 tur
829 2203 880 2257 in
908 2205 1133 2258 Arund-

776 2274 1052 2327 Admonet.
1086 2270 1237 2327 Voss.
1272 2278 1461 2324 monet.

775 2342 1070 2410 Sacriﬁcia.
1124 2341 1214 2394 Et.
1249 2339 1388 2395 Gall.
1425 2336 1555 2392 Feu.
1584 2337 1739 2393 Voss.

703 2421 758 2467 et
794 2409 956 2467 Mero.
988 2412 1045 2465 2.
1086 2409 1425 2477 sacriﬁcium.

775 2481 852 2534 De
880 2480 1039 2537 Saba.
1089 2479 1132 2533 Δ
1166 2475 1307 2533 Sdba
1336 2478 1386 2530 in
1418 2475 1569 2530 Voss.

772 2548 1353 2605 Cinnamomnm.Clar.
1383 2546 1477 2601 Ar.
1504 2554 1557 2598 et
1578 2542 1738 2599 Merc.

701 2620 755 2675 2.
780 2621 1106 2673 cinnamum.

779 2689 859 2742 Ne
888 2689 1094 2755 confisi.
1125 2687 1218 2743 Er.
1248 2685 1385 2743 Gali.
1415 2684 1549 2742 Feu.
1568 2683 1663 2739 Ar.
1692 2695 1747 2741 et

704 2757 869 2815 Herc.
893 2757 946 2810 2.
980 2773 1089 2810 nec.

775 2827 1037 2893 Olferant.
1065 2825 1230 2880 Ediu.
1246 2838 1368 2879 cum
1392 2824 1485 2879 Ar.
1503 2833 1557 2879 et
1582 2823 1745 2879 Merc.

702 2897 757 2952 2.
784 2898 1049 2965 offerrent.

780 2961 881 3019 Per
929 2965 1190 3019 eumdem.
1240 2962 1408 3017 Editt.
1467 2974 1591 3018 cum
1648 2961 1744 3017 Ar.

702 3044 1036 3105 prmmiltunt
1065 3044 1161 3087 sic.

778 3103 910 3158 Hihi
944 3103 997 3156 in
1021 3102 1319 3171 sacrificiis.
1355 3100 1480 3156 Tuis
1508 3101 1748 3157 additum

707 3175 760 3227 in
793 3174 955 3226 Merc.
986 3172 1041 3225 2.

768 3244 898 3298 249.
934 3240 1182 3311 Pingues.
1210 3242 1369 3311 Deest
1395 3240 1447 3295 in
1474 3240 1677 3295 Arond.

777 3312 1001 3381 Sequere
1044 3310 1195 3366 eain.
1249 3310 1400 3364 Clar.
1444 3325 1753 3379 persequere

705 3398 843 3435 eam.

777 3450 1001 3503 Docens.
1029 3449 1085 3502 In
1122 3448 1283 3501 Merc.
1312 3447 1367 3501 2.
1394 3447 1633 3507 docebat,
1669 3446 1753 3500 inc

703 3519 879 3588 dequo
911 3519 963 3571 in
1002 3519 1173 3572 altero
1198 3532 1386 3572 eorum
1426 3526 1474 3571 et
1508 3525 1634 3569 anile
1665 3517 1750 3571 di-

701 3590 861 3643 eebnt
893 3589 1147 3653 positum.

774 3656 842 3711 In
884 3656 1145 3710 Ecclesia.
1192 3655 1359 3709 Editt.
1400 3669 1523 3709 cum
1555 3653 1654 3707 Ar.
1698 3663 1753 3709 et

704 3726 870 3781 Merc.
904 3725 964 3792 2.
994 3726 1329 3792 prauoittnnt
1359 3733 1430 3777 et.

771 3795 897 3850 250.
938 3790 1198 3860 Paupere.
1252 3792 1342 3848 Er.
1405 3791 1545 3848 Gall.
1600 3790 1745 3847 Clar.

700 3864 795 3919 Ar.
832 3874 885 3917 et
916 3862 1164 3931 Merc.i2.
1192 3878 1446 3931 paupera.

776 3932 1041 3985 Fratrem.
1078 3930 1243 3985 Suum
1272 3930 1641 3984 additAxrund.

771 3999 933 4055 Foris
964 4002 1138 4053 enim.
1193 4000 1357 4053 Editl.
1398 4015 1523 4053 cum
1572 4002 1661 4054 Δι’.
1687 4008 1747 4053 et

701 4071 865 4125 Merc.
895 4070 953 4123 2.
978 4085 1011 4122 η
1040 4070 1170 4137 [oris
1201 4069 1358 4122 enim.

775 4138 901 4192 Non
922 4140 1010 4206 qui
1042 4136 1263 4191 malum.
1296 4136 1463 4190 Editt.
1494 4151 1616 4192 cum
1642 4137 1738 4191 Ar.

698 4221 754 4263 et
783 4209 949 4263 Herc.
977 4208 1030 4260 2.
1066 4224 1167 4259 non
1199 4222 1313 4259 eum
1337 4207 1427 4275 qui
1455 4208 1676 4259 malum.

768 4280 893 4333 251.
924 4276 1049 4331 Non
1079 4277 1325 4346 aferunt.
1353 4276 1451 4330 ιω.
1490 4277 1607 4346 jam
1639 4292 1742 4329 non

699 4349 947 4416 oﬂ'erunt.

770 4417 1042 4483 Deﬂuunt.
1076 4413 1312 4483 Claromi.
1341 4413 1573 4483 eﬂluunt.

772 4482 1055 4555 Olerimus
1095 4484 1257 4555 enim.
1285 4482 1453 4537 Editt.
1485 4498 1608 4535 cum
1647 4483 1741 4537 Ar.

698 4568 755 4611 et
794 4552 955 4609 Merc.
986 4555 1045 4609 2.
1076 4552 1341 4620 oﬁ'erimus
1372 4562 1569 4605 autem.

772 4623 1040 4679 Faenerat.
1082 4622 1181 4676 ιω.
1221 4635 1345 4675 cum
1390 4621 1490 4675 Ar.
1521 4621 1745 4688 {attera-

696 4706 805 4749 tur.

768 4764 898 4820 252.
944 4761 1010 4816 Et
1050 4759 1365 4815 oblationes.
1399 4757 1613 4814 Nostra
1644 4758 1744 4824 ad-

698 4834 849 4888 ditur
879 4836 931 4886 in
966 4833 1119 4887 editt.
1150 4831 1358 4883 Amnd.
1395 4839 1453 4881 et
1482 4828 1651 4882 Merc.
1685 4827 1739 4881 2.

768 4901 1131 4971 Gloriﬁcatur.
1178 4898 1345 4954 Herc.
1377 4898 1429 4953 1.
1470 4897 1744 4967 signiﬁca-

697 4984 811 5027 tur.

765 5040 835 5094 Et
856 5037 1181 5093 omnimodo.
1206 5037 1373 5092 Editt.
1412 5051 1537 5091 cum
1565 5034 1661 5090 Ar.
1691 5045 1737 5087 et

700 5111 932 5165 omnino.

772 5177 1029 5244 Ezponite
1056 5175 1204 5229 mihi.
1241 5173 1399 5229 Edilt.
1432 5188 1555 5228 cum
1583 5172 1736 5228 Voss.

699 5255 755 5302 et
788 5247 949 5302 Icrc.
984 5246 1038 5299 2.
1066 5246 1348 5313 praeﬁgunt
1378 5253 1447 5297 et.

774 5314 942 5369 Facta
970 5311 1112 5370 sunt.
1156 5311 1288 5368 sunt
1324 5313 1476 5369 deest
1504 5311 1558 5366 in
1582 5311 1735 5367 editt.

699 5396 754 5439 et
787 5386 883 5441 Ar.

772 5452 842 5507 Et
881 5467 1001 5507 cum
1046 5467 1372 5521 unoquoque.
1421 5449 1587 5505 Editt.
1615 5466 1737 5505 cum

700 5523 793 5575 Ar.
818 5531 873 5576 et
907 5521 1068 5577 Merc.
1096 5522 1149 5575 2.
1173 5524 1329 5576 etiam
1361 5536 1479 5574 cum
1504 5536 1740 5589 unoquo-

698 5606 818 5661 συν

768 5660 1109 5728 υκαιὶίβσηι.
1128 5659 1255 5713 lam
1279 5658 1479 5728 omittit
1506 5656 1737 5713 Feuard.

769 5734 900 5795 Qua-
934 5727 1075 5795 fama
1107 5742 1251 5783 sunt.
1300 5727 1465 5785 Editt.
1494 5743 1616 5783 cum
1642 5729 1738 5783 Ar.

1531 1368 1708 1438 accepi
1724 1398 1750 1408 -

1986 355 2221 413 ΥΑΜᾹ
2260 358 2665 415 ιεετιοκεδ.

1818 477 1872 523 et
1895 470 2073 542 ﬂere.
2096 472 2152 528 2.
2191 489 2307 542 qua
2339 475 2403 527 ab
2444 488 2503 542 eo
2531 471 2671 540 facta
2694 479 2853 542 _sunt.

1886 540 2011 595 255.
2043 539 2290 596 Perducit
2338 544 2405 595 ad
2455 539 2641 595 Deum.
2691 540 2856 594 Edilt.

1820 624 1940 665 cum
1973 610 2136 664 Merc.
2168 612 2221 665 2.
2250 614 2414 666 ducit.

1890 676 2308 748 Prtedeﬁnierat.
2366 680 2531 733 Editt.
2584 693 2706 733 cum
2764 678 2856 732 Ar.

1820 756 1873 803 et
1911 745 2086 803 Merc.
2114 750 2170 805 2.
2201 750 2541 819 prec/inierat,
2578 750 2660 803 vel
2687 748 2860 817 prdﬁ-

1822 818 2042 874 niverat.

1896 886 2029 957 Bene
2078 903 2221 957 ergo.
2274 886 2435 957 Ergo
2466 885 2614 941 deest
2669 887 2720 940 in
2766 886 2857 941 Er.

1824 955 1961 1010 Call.
1999 958 2091 1011 Ar.
2123 955 2177 1009 et
2216 955 2377 1012 Herc.
2416 956 2469 1009 2.

1898 1025 2097 1079 Subtus
2145 1036 2360 1089 terram.
2400 1026 2564 1081 Editt.
2600 1039 2721 1080 cum
2762 1025 2858 1082 Ar.

1822 1102 1875 1150 el
1902 1095 2067 1149 Merc.
2097 1095 2153 1149 2.
2188 1098 2282 1147 sub
2309 1106 2467 1149 terra.

1899 1163 2160 1218 Viderent.
2189 1162 2421 1219 Claronl.
2457 1166 2685 1219 videant.

1900 1232 1961 1286 Et
1990 1250 2191 1287 rursus.
2251 1234 2413 1287 Merc.
2476 1235 2533 1289 2.
2602 1244 2656 1288 et
2707 1235 2858 1289 editt.

1826 1301 1997 1359 Oxon.
2031 1304 2229 1355 addunt
2264 1314 2459 1359 autem.

1896 1371 2021 1425 254.
2061 1371 2293 1437 Aptavit.
2328 1372 2495 1426 Edin.
2524 1387 2645 1426 cum
2680 1371 2775 1426 Ar.
2809 1382 2864 1426 et

1824 1440 1987 1496 Merc.
2021 1441 2076 1494 2.
2108 1442 2393 1507 adaptarit.

1893 1510 2309 1578 Colloqueretur.
2339 1510 2499 1566 Merc.
2527 1513 2582 1567 2.
2614 1511 2866 1577 colloque-

1822 1590 1929 1639 tur.

1894 1648 2492 1720 Hominibushquibus.
2530 1650 2697 1704 Editt.
2738 1664 2863 1705 cum

1816 1719 1913 1775 Ar.
1954 1729 2008 1774 et
2042 1717 2206 1773 Merc.
2243 1717 2306 1773 2.
2346 1721 2423 1773 Ab
2465 1720 2786 1784 hominibus,
2832 1736 2864 1773 a

1816 1789 2022 1841 auibus.

1812 1805 2022 1860 quibus.

1895 1858 2050 1922 Visus
2100 1872 2298 1918 autem.
2330 1861 2427 1917 lid.
2462 1861 2606 1914 visus
2637 1869 2712 1912 est
2758 1875 2862 1913 au-

1817 1934 1938 1982 tem.

1855 2068 1867 2079 .
1894 1996 2194 2079 Percipiunt
2226 2002 2362 2056 :sic.
2397 1997 2453 2053 In
2490 1997 2653 2052 Merc.
2687 1993 2742 2050 2.
2778 2013 2862 2051 re-

1820 2082 2041 2135 cipiunt.

1890 2135 2170 2207 Loquetur.
2212 2139 2307 2193 Ar.
2339 2148 2395 2193 et
2418 2138 2575 2192 Voss.
2605 2137 2853 2204 loquitur.

1888 2203 2246 2263 Ministrante.
2304 2209 2469 2261 Editt.
2510 2221 2633 2259 cum
2667 2203 2761 2259 Ar.
2800 2215 2855 2259 et

1820 2272 1981 2328 Merc.
2010 2276 2066 2331 2.
2098 2278 2519 2331 administrante.

1884 2342 2009 2399 255.
2035 2346 2222 2410 Qualis
2251 2357 2298 2400 et
2326 2355 2571 2415 quantus.
2598 2342 2699 2401 lid.
2724 2360 2855 2414 qua-

1815 2410 1879 2464 lis
1897 2425 1976 2484 _e_st
1995 2425 2051 2471 ,et
2078 2424 2325 2484 quantus.

1884 2478 2007 2535 Non
2059 2478 2193 2537 solo.
2249 2484 2417 2538 Editt.
2480 2496 2601 2537 cum
2653 2482 2751 2537 Ar.
2802 2493 2856 2537 et

1814 2548 1975 2605 Merc.
2001 2552 2056 2606 2.
2080 2567 2182 2605 non
2214 2552 2405 2606 solum.

1886 2618 2302 2692 Transgressori.
2320 2621 2552 2677 Claram.
2567 2627 2855 2692 transgres-

1814 2704 2013 2743 ιοτιιηι.

1887 2757 2030 2826 Erga
2080 2758 2267 2813 Deum.
2311 2756 2474 2813 Editt.
2508 2773 2629 2813 cum
2676 2758 2773 2812 Ar.
2805 2767 2858 2813 et

1816 2824 1982 2897 Herc.
2007 2828 2062 2882 2.
2095 2844 2217 2897 erga
2251 2827 2555 2897 Dominum.

1887 2894 1954 2947 Et
1990 2898 2126 2962 pius.
2154 2893 2212 2952 In
2268 2896 2421 2951 Erus.
2456 2894 2595 2951 Call.
2635 2902 2689 2949 et
2727 2893 2857 2949 Feu.

1815 2965 1966 3019 deest
1991 2974 2064 3023 et.

1888 3032 2023 3099 Ejus
2050 3034 2295 3088 adventu.
2319 3033 2417 3087 Iid.
2449 3032 2719 3087 adventus.

1889 3100 1955 3154 Et
2000 3107 2189 3173 nonin
2217 3104 2351 3173 igne.
2393 3101 2463 3157 Et
2501 3103 2762 3159 omissum
2808 3102 2863 3157 in

1817 3170 1907 3225 Clu
1919 3186 1961 3223 r.
1993 3182 2047 3227 et
2076 3168 2172 3225 A‘r.

1887 3240 2013 3294 256.
2043 3238 2149 3293 Hic
2176 3240 2339 3295 enim.
2387 3238 2483 3293 Dei
2517 3239 2757 3294 additum
2807 3239 2861 3294 in

1820 3308 1976 3367 editt.
2007 3323 2070 3365 ac
2100 3310 2305 3362 Arund.
2336 3318 2392 3364 et
2420 3308 2582 3365 Merc.
2616 3308 2671 3364 2.

1891 3375 2153 3432 Cinctum.
2182 3378 2351 3433 Editt.
2386 3380 2700 3430 accinctum.

1893 3444 2137 3500 Cectdi...
2188 3446 2417 3501 dicebat.
2466 3446 2521 3499 In
2576 3446 2667 3500 Er.
2718 3445 2857 3501 Gali.

1820 3514 1949 3569 Feu.
1984 3516 2191 3569 Arund.
2234 3524 2291 3569 et
2332 3514 2497 3569 Merc.
2527 3517 2582 3568 2.
2609 3525 2659 3570 et
2696 3519 2859 3571 cecidi

1817 3594 1866 3638 et
1892 3585 2115 3639 dicebat.

1892 3650 2201 3707 Universam
2245 3660 2460 3706 terram.
2498 3650 2641 3708 Clar.
2676 3663 2731 3707 et
2760 3655 2853 3709 Ar.

1818 3738 2021 3775 omnem
2048 3730 2264 3775 terram.

1882 3791 2009 3845 257.
2040 3790 2501 3847 Pra'monslrarel.
2535 3790 2700 3845 Editt.
2736 3807 2857 3846 cum

1816 3860 1913 3914 Ar.
1949 3869 2003 3913 et
2031 3861 2189 3914 Voss.
2240 3868 2297 3912 et
2340 3858 2505 3913 Merc.
2546 3861 2602 3912 2.
2651 3862 2854 3929 prede-

1810 3940 2147 3982 monstraret.

1892 3997 2169 4066 Prop/seta.
2201 3995 2256 4050 In
2302 3993 2447 4051 Clar.
2491 4006 2546 4052 et
2588 3995 2752 4053 Merc.
2803 3999 2850 4052 1.

1816 4062 2115 4145 Prophetes.

1885 4134 1965 4204 Ea
1992 4151 2110 4204 qua
2152 4150 2255 4187 non
2293 4142 2367 4187 est
2413 4135 2854 4192 misericordiam.

1814 4204 1907 4259 Er.
1934 4203 2073 4259 Gali.
2109 4205 2207 4261 Ar.
2234 4214 2288 4258 et
2314 4204 2478 4258 Merc.
2516 4204 2573 4258 2.
2613 4221 2718 4259 non
2755 4208 2855 4260 sni-

1813 4274 2171 4330 sericordiam.

1886 4340 2229 4410 Sanctiﬁcare
2269 4357 2377 4396 eos.
2404 4341 2570 4397 Edilt.
2607 4356 2729 4398 cum
2762 4343 2855 4400 Ar.

1812 4422 1867 4466 et
1898 4411 2064 4480 Merc.
2094 4412 2149 4465 2.
2176 4422 2225 4465 et
2265 4413 2599 4480 sancti/icore
2633 4428 2741 4467 eos.

1880 4479 2158 4533 Justorum
2201 4482 2411 4535 castris.
2439 4479 2556 4535 Vlid.
2609 4498 2642 4534 a
2678 4484 2859 4550 justo-

1813 4566 1927 4603 rum
1956 4551 2165 4602 castris.

1880 4618 2009 4672 258.
2054 4617 2158 4671 Sed
2220 4617 2373 4671 etiam
2426 4630 2628 4683 partus.
2684 4619 2853 4675 Editt.

1813 4702 1933 4742 cum
1962 4689 2056 4740 Ar.
2103 4699 2157 4739 et
2190 4686 2353 4742 Merc.
2406 4687 2459 4740 2.
2508 4689 2597 4742 sed
2640 4700 2687 4742 et
2728 4707 2852 4757 par-

1812 4766 1944 4810 tum.

1883 4825 1988 4889 Qui
2020 4823 2359 4896 nonligatur.
2394 4824 2537 4879 Clar.
2579 4841 2684 4880 non
2716 4826 2851 4896 liga-

1812 4900 1920 4947 tus.
1950 4894 2161 4947 Aruud.
2188 4903 2244 4947 et
2282 4892 2434 4950 V065.
2482 4911 2583 4947 non
2629 4892 2847 4965 colliga-

1811 4971 1913 5016 lus.

1877 5031 2002 5089 259.
2032 5030 2279 5085 Caesaris.
2308 5032 2468 5086 Deest
2498 5032 2550 5086 in
2590 5034 2795 5089 Arund.

1878 5102 1957 5156 De
1977 5116 2178 5155 somno.
2212 5100 2370 5155 Deest
2399 5103 2452 5156 in
2484 5102 2647 5157 Merc.
2688 5105 2741 5156 2.

1881 5170 1943 5223 Et
1976 5171 2159 5225 videte.
2178 5169 2271 5225 Er.
2295 5170 2433 5225 Gal].
2464 5181 2519 5227 et
2540 5172 2672 5226 Feu.
2694 5172 2853 5227 omit-

1808 5249 1923 5295 tunt
1942 5251 2013 5294 et.

1876 5308 2091 5364 Hetit...
2120 5312 2288 5365 metit.
2310 5310 2460 5365 Clar.
2488 5322 2711 5371 metet...
2748 5328 2857 5366 me-

1806 5390 1894 5435 tet.

1880 5448 1994 5519 Ego
2019 5452 2180 5504 enim.
2212 5450 2267 5504 In
2297 5448 2387 5502 Er.
2415 5448 2553 5503 Gali.
2594 5450 2727 5504 Feu.
2773 5452 2849 5505 Α-

1809 5529 1966 5573 rund.
1994 5529 2049 5573 et
2078 5522 2241 5573 Merc.
2272 5520 2326 5574 2.
2359 5531 2407 5571 et
2444 5535 2539 5587 ego
2565 5520 2725 5572 enim.

1881 5588 2261 5643 Deservierunt.
2286 5588 2430 5641 Clar.
2455 5589 2765 5643 servierunt.

1880 5658 1947 5711 In
1971 5668 2128 5711 terra.
2154 5658 2357 5710 Amnd.
2393 5658 2447 5707 in
2478 5666 2691 5713 terram.

1880 5727 2004 5783 260.
2032 5725 2426 5796 Evsngelisarc.
2462 5726 2607 5780 Clar.
2634 5738 2680 5781 et
2700 5744 2827 5783 evan

3849 361 3969 417 1372

2928 473 3170 541 gelisare.

3000 541 3058 596 P.
3080 542 3209 599 260.
3238 542 3528 601 Ostendens
3547 540 3806 595 Dominus
3822 539 3970 594 sddi-

2937 618 3023 664 tur
3058 613 3109 664 in
3146 612 3354 666 Aruud.

3000 680 3314 747 Adimpleta.
3346 679 3508 734 Editl.
3543 679 3779 745 impleta.

3002 747 3069 800 Et
3101 750 3443 819 Philippus...
3462 752 3969 819 etquemadnsaz'unt.

2934 816 3002 870 Et
3034 816 3321 889 utrobique
3348 820 3495 873 deest
3522 816 3575 873 in
3606 819 3768 873 editt.
3799 820 3893 871 Ar.
3921 826 3975 873 et

2932 887 3093 941 Merc.
3130 888 3182 941 2.

2983 903 3093 943 CI‘C.
3130 903 3182 941 2.

3002 956 3071 1008 Et
3106 974 3295 1024 passus
3319 966 3414 1013 est.
3454 958 3611 1011 Deest
3640 958 3694 1010 in
3726 956 3887 1007 Voss.

3004 1025 3173 1091 Qui...
3192 1028 3469 1081 habebant.
3490 1028 3653 1081 Ειιὶιι.
3672 1042 3793 1079 cum
3822 1025 3973 1078 Voss.

3059 1095 3277 1217 Plthob.
3306 1106 3360 1153 et
3386 1097 3547 1153 Merc.
3573 1096 3630 1150 2.
3656 1111 3842 1165 qua'...
3880 1096 3974 1146 ha-

2964 1180 2989 1217 e
3024 1184 3055 1217 α
3086 1204 3100 1217 .

2964 1175 3100 1218 ebat.

3005 1234 3072 1287 In
3111 1252 3250 1293 eum.
3286 1235 3430 1289 Chr.
3463 1243 3517 1289 et
3540 1233 3694 1288 Vcss.
3728 1232 3783 1285 in
3820 1249 3902 1287 eo.

3008 1303 3304 1358 Novissima
3334 1315 3578 1365 tempore.
3615 1303 3669 1355 In
3711 1303 3873 1355 edin.
3904 1305 3972 1352 A-

2936 1376 3091 1426 rttml.
3124 1386 3177 1427 et
3227 1374 3392 1429 Herc.
3422 1374 3475 1428 2.
3516 1372 3808 1427 novissimis
3852 1380 3975 1423 tem-

2935 1443 3164 1509 poribus.

3008 1510 3378 1568 Relnctantem.
3460 1511 3529 1569 Se
3605 1510 3845 1566 additum
3922 1509 3971 1563 in

2937 1580 3138 1634 Arnml.

2982 1585 3138 1637 rnnd.

3008 1649 3117 1718 Nec
3153 1651 3423 1718 fraudare.
3454 1650 3550 1704 Iid.
3577 1667 3678 1704 non
3701 1647 3970 1718 fraudare.

3010 1717 3330 1790 Patpabilem
3354 1730 3402 1774 et
3419 1717 3708 1790 visibilem.
3730 1719 3969 1774 Er.Gu||.

2938 1797 2991 1842 et
3015 1786 3145 1845 Feti.
3176 1791 3451 1844 visibilem.
3482 1788 3688 1855 palpabi
3702 1792 3815 1840 'em.

3007 1858 3129 1913 261.
3161 1858 3262 1912 Sed
3285 1860 3415 1912 hac.
3441 1859 3662 1914 Feuard.
3700 1856 3872 1911 Grab.
3922 1868 3971 1913 et

2939 1927 3091 1981 Voss.
3128 1930 3218 1982 sed
3243 1939 3289 1981 et
3315 1928 3445 1982 hinc.

3005 1995 3154 2053 Sicut
3179 1996 3665 2051 demonstravimus.
3699 1995 3791 2049 Er.
3832 1995 3969 2051 Gsll.

2933 2065 3063 2120 Feu.
3098 2069 3195 2120 Ar.
3239 2075 3293 2120 et
3326 2065 3490 2121 Merc.
3542 2065 3597 2118 2.
3643 2066 3972 2119 interserunt

2928 2144 2996 2187 τι.

2927 2273 2957 2327 ⁸
3002 2204 3116 2259 Hoc
3137 2215 3182 2259 et
3228 2220 3341 2274 per.
3368 2204 3425 2258 In
3452 2203 3545 2259 Er.
3585 2201 3725 2257 Gull.
3756 2213 3811 2257 et
3839 2201 3970 2262 Feu.

2962 2290 3053 2327 ωε.

2962 2290 3053 2328 a'c.

2993 2342 3120 2396 262.
3158 2340 3487 2411 Perficictur.
3532 2339 3680 2393 Clar.
3719 2350 3774 2393 et
3815 2338 3967 2396 Voss.

2928 2414 3215 2535 pergicitnr.

3018 2483 3203 2561 ¹ειξηειΓ
3237 2480 3391 2561 Voss.
3425 2483 3499 2561 sic
3529 2490 3598 2561 et.

2928 2618 2968 2675 ϐ
2998 2550 3041 2671 ᾖ
3070 2550 3408 2605 Christianis.
3438 2551 3484 2603 Α
3519 2551 3673 2604 deest
3707 2548 3758 2603 in
3791 2547 3884 2602 Er.
3917 2556 3969 2602 et

2975 2634 3002 2671 a
3049 2655 3065 2671 .

2975 2620 3065 2671 all.

3000 2687 3085 2741 Es:
3106 2688 3250 2756 ipsis.
3289 2686 3379 2741 Er.
3419 2687 3555 2744 Gall.
3606 2686 3739 2743 Feu.
3774 2687 3873 2742 Ar.
3921 2695 3970 2741 et

2932 2758 3096 2811 Mero.
3126 2760 3261 2826 2._et
3286 2773 3349 2810 ea:
3386 2759 3533 2826 ipsis.

3004 2826 3135 2879 265.
3169 2824 3237 2877 Et
3281 2824 3497 2879 reddam
3538 2828 3698 2880 vobis.
3738 2826 3794 2880 In
3836 2824 3967 2879 Feu.

2937 2910 3108 2963 marg.
3145 2906 3196 2948 el
3231 2896 3377 2947 Clar.
3412 2908 3466 2947 ut
3497 2910 3598 2964 pro
3626 2905 3697 2948 et.

2957 3032 2969 3044 -
3008 2964 3198 3044 Danda
3303 2964 3524 3044 cibaria.
3551 2965 3703 3018 Clar.
3732 2975 3789 3019 et
3818 2962 3966 3017 Voss.

2936 3032 3167 3087 dandam
3272 3033 3548 3085 cibariam.

3012 3100 3075 3154 ln
3141 3100 3377 3153 Ecclesia
3446 3103 3616 3167 primo
3688 3100 3965 3165 apostolos.

2939 3170 3201 3239 Ετηοηιι.
3245 3168 3379 3223 Feu.
3414 3179 3469 3222 et
3502 3169 3670 3225 Merc.
3700 3171 3756 3223 2.
3802 3173 3967 3239 primo

2934 3241 2987 3292 in
3010 3238 3245 3291 Ecclesia
3286 3238 3567 3304 apestolos.

3004 3306 3259 3365 Placebat
3294 3308 3419 3361 Deo.
3454 3308 3585 3361 Feu.
3618 3306 3791 3362 Grab.
3819 3307 3962 3362 (ΠΜ.

2932 3386 2988 3433 et
3016 3375 3171 3430 Voss.
3203 3386 3254 3428 et
3277 3377 3514 3444 placebat
3556 3375 3685 3429 Deo.

3002 3445 3237 3499 Mittitur
3274 3481 3336 3500 ...
3391 3446 3661 3514 propheta.
3707 3444 3799 3499 Er.
3831 3444 3966 3500 Call.

2931 3525 2986 3571 et
3020 3519 3119 3569 Ar.
3153 3516 3355 3572 mittit...
3398 3518 3726 3583 prophetam.

3008 3583 3085 3637 De
3116 3598 3271 3653 pane.
3321 3583 3376 3637 In
3426 3582 3516 3636 Er.
3570 3584 3708 3638 Call.
3751 3582 3885 3636 Feu.
3918 3593 3969 3634 ct

2929 3656 3024 3709 Ar.
3063 3652 3408 3720 pramittitnr
3438 3662 3509 3704 et.

2999 3719 3125 3783 264.
3164 3721 3466 3780 Ex,,onebat
3497 3719 3615 3774 Dei.
3651 3721 3710 3774 In
3736 3720 3894 3775 Eras.
3916 3731 3965 3775 et

2928 3793 3068 3849 Call.
3102 3791 3335 3844 Domini.

3001 3862 3124 3914 Non
3181 3860 3332 3911 abiit.
3387 3859 3480 3913 Er.
3530 3856 3671 3912 Gali.
3720 3869 3779 3913 et
3835 3858 3963 3915 Fau.

2935 3947 3039 3985 non
3073 3929 3210 3981 enim
3243 3929 3393 3983 abiit.

2998 3997 3065 4050 Et
3096 4009 3307 4065 propter
3334 3999 3449 4050 hoc.
3489 3996 3591 4051 lid.
3636 4013 3698 4049 ea
3734 4008 3959 4065 prapter.

3002 4068 3070 4122 In
3098 4082 3216 4120 eum
3244 4081 3445 4123 omnes.
3476 4067 3531 4119 In
3562 4066 3718 4121 Voss.
3752 4082 3859 4120 non
3892 4068 3941 4120 le

2928 4140 3069 4211 gitur
3097 4148 3294 4211 omnes.

3002 4205 3259 4260 Morietur

2932 4276 3097 4331 Merc.
3148 4274 3199 4325 1.
3254 4276 3511 4339 moritur;
3564 4276 3615 4328 in
3658 4274 3871 4328 Arund.
3911 4285 3962 4328 et

2928 4346 3097 4402 Merc.
3126 4342 3180 4399 2.
3210 4344 3537 4397 dominatur.

3000 4412 3141 4467 Nolo
3187 4412 3349 4468 enim.
3398 4412 3565 4465 Editt.
3618 4426 3738 4465 cum
3784 4414 3882 4467 Ar.
3912 4423 3960 4467 et

2932 4484 3095 4539 Merc.
3128 4484 3183 4534 2.
3218 4496 3321 4533 non
3350 4483 3488 4533 enim
3529 4484 3666 4533 volo.

2998 4552 3251 4607 Bibebant
3307 4560 3502 4604 autem.
3565 4549 3664 4603 lid.
3722 4551 3956 4604 bibebant

2924 4638 3082 4678 enim.

2993 4690 3121 4745 265.
3151 4686 3455 4742 ldololatrce
3476 4689 3609 4742 sitis.
3659 4686 3715 4741 In
3754 4689 3954 4745 Arund.

2923 4776 3109 4815 simus.

2997 4828 3113 4881 Una
3139 4830 3242 4881 die.
3268 4827 3349 4881 ω.
3379 4829 3434 4880 in
3464 4843 3569 4879 una
3605 4826 3709 4881 die.

2992 4899 3178 4951 Adhuc
3225 4900 3406 4951 etiam.
3450 4896 3634 4948 Aditur
3694 4909 3864 4951 autem
3910 4909 3955 4951 et

2924 4970 2977 5023 in
3005 4969 3159 5022 edilt.

2992 5038 3152 5090 Aiunt
3179 5034 3519 5105 ...quoniam.
3539 5036 3698 5089 Aiunt
3727 5037 3880 5090 deest
3908 5038 3952 5088 in

2922 5109 3065 5164 Clur.
3105 5106 3356 5174 Voss.ﬁet
3399 5105 3561 5160 Merc.
3607 5106 3662 5158 2.
3709 5106 3954 5174 quoniam

2926 5180 2980 5234 in
3002 5178 3146 5230 Clar.
3181 5183 3237 5227 et
3268 5173 3427 5227 Voss.

2994 5245 3264 5297 Pluribus.
3328 5243 3492 5297 Editt.
3555 5260 3679 5298 cum
3743 5244 3841 5298 Ar.
3903 5254 3951 5297 et

2924 5314 3088 5370 Merc.
3118 5314 3173 5366 2.
3206 5313 3465 5381 plurimis.

3000 5383 3205 5437 Vocati.
3239 5382 3405 5436 Edilt.
3434 5398 3557 5436 cum
3585 5384 3681 5435 Ar.
3712 5391 3839 5435 sunt
3871 5396 3951 5435 vo-

2926 5455 3049 5507 cati.

2993 5520 3319 5576 Idololatra.
3338 5520 3485 5577 Clar.
3509 5521 3679 5577 Anet
3706 5521 3872 5577 Herc.
3902 5520 3947 5576 1.

2923 5589 3249 5645 idololatres.

2996 5660 3110 5713 lloc
3135 5661 3280 5721 dicit.
3307 5659 3420 5715 Hoc
3446 5661 3596 5718 deest
3620 5662 3671 5714 in
3699 5660 3788 5715 Er.
3817 5659 3947 5717 Gali.

2924 5732 3019 5785 Ar.
3050 5738 3103 5784 et
3134 5727 3297 5785 Merc.
3324 5729 3379 5781 2.

3438 4204 3819 4259 dominabitur.
3909 4203 3959 4257 In
